3146 4973
544 358 672 422 278
1222 372 1597 421 mora‘rns
1642 373 1732 422 nn
1776 372 2105 422 amomo,

540 500 593 564 si
622 517 859 583 nempe
905 505 976 564 et
1012 498 1135 583 ipsi
1181 494 1548 562 fundationi
1582 496 1692 563 vel
1720 494 2044 562 dotationi
2067 497 2315 584 aliquid
2346 503 2765 570 contulerint.

543 612 730 700 (Vide
766 615 1162 697 Fagnanum,
1210 612 1357 677 loco
1388 611 1616 689 citato,
1649 631 1715 676 n.
1758 610 1899 695 35.)

630 730 951 796 Consonat
988 728 1370 806 Leurenius,
1405 728 1751 812 requirens
1788 734 1858 792 et
1895 728 2058 812 ipse,
2105 750 2138 790 a
2161 736 2241 794 ut
2272 737 2501 798 curato
2536 737 2772 817 prioris

545 868 577 907 α
615 845 905 912 ecclesioe
927 850 1234 910 servetur
1253 842 1359 928 jus
1392 849 1795 927 patronatus,
1822 862 1938 909 seu
1961 843 2068 929 jus
2092 846 2536 928 praesentandi
2554 858 2772 918 recto-

542 986 578 1024 «
608 979 751 1027 rem
794 978 979 1026 novae
1026 959 1337 1037 ecclesiae,
1380 957 1580 1042 idque
1615 959 1795 1043 quasi
1831 959 1900 1023 in
1942 962 2614 1043 recompensationem
2657 967 2774 1032 aii-

541 1102 578 1141 «
611 1095 838 1162 quam3
870 1073 1048 1160 quod
1076 1083 1301 1140 tamen
1348 1073 1849 1158 intelligendum
1890 1076 1981 1141 ait
2016 1076 2369 1156 CorraduS,
2409 1081 2772 1150 secundum

540 1214 577 1255 t<
610 1190 953 1267 Abbatem,
996 1189 1111 1254 nbi
1151 1188 1422 1254 ecclesia
1458 1190 1723 1273 antiqua
1768 1189 2044 1255 contulit
2089 1189 2332 1275 aliquid
2370 1190 2457 1258 de
2493 1212 2612 1259 suo
2647 1215 2769 1279 pro

541 1331 577 1371 «
618 1306 773 1372 dote
818 1304 1108 1370 ecclesiae
1147 1306 1410 1369 noviter
1439 1311 1720 1389 erectae5
1765 1323 1840 1370 ac
1874 1305 1966 1370 ita
2007 1306 2368 1389 acquiritur
2402 1306 2512 1391 jus
2558 1319 2772 1394 patro-

543 1443 577 1481 «
611 1430 801 1488 natus
840 1422 1127 1489 ecclesiae
1172 1421 1450 1499 matrici,
1485 1420 1758 1505 ejusque
1791 1422 2054 1499 rectori,
2090 1440 2222 1487 non
2256 1441 2415 1488 vero
2444 1424 2637 1509 hujus
2668 1445 2773 1490 re-

540 1559 575 1596 «
608 1537 807 1602 ctoris
850 1520 1357 1619 consanguineis
1392 1558 1423 1596 »
1480 1535 1734 1622 (Forum
1774 1537 2139 1615 beneficiola,
2177 1544 2367 1620 parte
2415 1542 2474 1618 l,
2508 1559 2572 1625 q.
2616 1543 2765 1619 157,

535 1672 600 1717 n.
639 1650 735 1735 6.)

624 1768 1048 1847 ΒΕρῠῑειΤυΜ
1077 1767 1186 1832 ΙΧ.
1224 1801 1315 1811 -
1343 1769 1583 1830 Praeter
1603 1770 1714 1848 jus
1725 1772 2115 1848 patronatus,
2137 1771 2485 1849 parochiali
2505 1778 2773 1854 antiqua

536 1904 639 1947 seu
673 1888 914 1947 matrici
950 1886 1120 1947 debet
1166 1887 1497 1964 competens
1543 1882 1731 1944 honor
1774 1884 2159 1963 praestandus
2203 1889 2535 1965 ossiqnari.
2573 1921 2663 1933 -
2689 1886 2769 1953 Id

535 1996 941 2064 concludunt
981 1997 1373 2062 unanimiter
1403 1994 1712 2061 doctores
1758 2014 1844 2060 ex
1883 2000 2073 2060 textu
2117 1996 2260 2080 ipso
2293 1996 2642 2066 decretalis
2669 2007 2767 2067 Ad

533 2115 944 2191 audientiam
980 2112 1050 2175 in
1093 2129 1219 2196 qua
1270 2111 1361 2175 sic
1408 2128 1719 2194 expresse
1754 2109 2119 2193 disponitur
2154 2131 2169 2176 :
2204 2116 2538 2178 Providens
2567 2122 2770 2182 tam

533 2235 603 2290 ut
641 2234 971 2310 competens
1032 2233 1099 2290 in
1148 2245 1219 2289 ea
1268 2226 1479 2305 honor,
1535 2244 1651 2306 pro
1684 2228 1979 2305 facultate
2024 2228 2171 2306 loci,
2227 2234 2475 2293 matrici
2513 2232 2772 2296 ecclesiae

532 2350 824 2406 servetur.
847 2343 923 2407 In
958 2341 1193 2427 quibus
1231 2347 1454 2406 autem
1491 2338 1817 2425 ejusmodi
1847 2340 2060 2405 honor
2087 2342 2419 2422 consistat,
2456 2346 2548 2411 sic
2577 2365 2774 2431 expo-

535 2458 631 2522 nit
666 2457 1005 2541 Fagnanus
1023 2458 1111 2544 (in
1140 2463 1337 2540 capnt
1354 2458 1451 2520 Ad
1468 2458 1844 2520 audientiam
1867 2458 1932 2535 3,
1954 2458 2030 2520 de
2052 2459 2335 2522 Eocloeiis
2351 2462 2551 2541 oedif„
2572 2479 2637 2525 n.
2667 2460 2760 2546 8):

539 2593 575 2632 «
607 2572 771 2638 Nota
801 2571 911 2657 (ibi
948 2594 963 2639 :
996 2579 1326 2656 competens
1348 2578 1415 2636 in
1436 2591 1506 2635 ea
1526 2568 1765 2654 honor),
1783 2571 2119 2638 ecclesiam
2137 2580 2578 2640 constructam
2596 2578 2770 2645 infra

539 2710 572 2746 «
608 2685 852 2752 limites
878 2686 1149 2751 alterius
1193 2686 1538 2770 parochiae,
1590 2685 1806 2750 teneri
1842 2685 2127 2770 aliquem
2169 2686 2481 2754 honorem
2515 2691 2765 2774 impen-

542 2826 575 2862 «
608 2799 771 2866 dere
809 2802 1060 2867 matrici
1097 2802 1422 2885 ecclesiae3
1466 2801 1710 2867 scilicet
1764 2819 2054 2866 annuum
2102 2821 2369 2868 censum
2405 2805 2472 2869 iu
2511 2806 2764 2890 signum

540 2937 574 2974 a
605 2913 1107 2999 subjectionis..
1136 2936 1151 2999 ;
1180 2916 1294 2981 vel
1341 2913 1446 2980 dic
1491 2915 1765 2981 clericos
1810 2913 2097 2979 ecclesiae
2142 2917 2401 2983 noviter
2433 2918 2764 2987 oedifioatae

543 3053 575 3090 a
609 3029 829 3095 teneri
868 3029 1179 3115 maj0rem
1227 3030 1571 3095 ecclesiam
1630 3029 1808 3095 adire
1864 3047 1986 3113 pro
2028 3029 2373 3114 baptismo,
2425 3037 2758 3114 scrutinio,

541 3167 577 3206 «
618 3144 920 3229 capitum,
944 3151 1013 3211 et
1036 3145 1505 3230 consimilibus;
1534 3145 1644 3210 vel
1665 3146 1921 3212 solvere
1953 3146 2062 3213 illa
2082 3145 2252 3231 jura,
2286 3166 2428 3232 quae
2456 3152 2764 3235 cappellae

545 3283 579 3320 «
615 3257 865 3326 debent
885 3261 1177 3326 ecclesiae
1207 3262 1484 3326 matrici.
1529 3282 1563 3322 υ

628 3377 797 3443 Item
843 3376 1203 3443 Leurenius
1255 3376 1348 3464 (in
1398 3395 1517 3443 suo
1565 3382 1719 3442 Foro
1765 3379 2126 3458 beneficiali,
2170 3387 2359 3462 parte
2398 3383 2458 3458 1,
2493 3398 2565 3465 q.
2608 3384 2755 3460 157,

540 3513 608 3558 n.
644 3491 729 3578 7),
774 3493 948 3558 inter
995 3499 1234 3559 caetera
1283 3494 1351 3558 in
1389 3512 1575 3560 novae
1608 3493 1928 3577 parochiae
1967 3494 2294 3561 erectione
2331 3496 2759 3575 observanda,

543 3614 787 3686 monet,
827 3629 860 3666 <‹
878 3614 956 3671 ut
990 3626 1113 3689 pro
1141 3607 1455 3673 facultate
1501 3609 1656 3689 loci,
1692 3616 2070 3694 competens
2093 3610 2300 3677 honor
2325 3613 2578 3678 matrici
2613 3632 2762 3679 con-

544 3743 579 3780 «
615 3727 945 3799 servetur,
983 3722 1169 3807 Juxta
1205 3729 1403 3805 caput
1438 3726 1535 3788 Ad
1568 3727 1958 3806 audientiam
1992 3725 2296 3790 nimirum
2338 3726 2557 3811 aliqua
2604 3746 2765 3812 pen-

545 3859 579 3897 «
618 3835 779 3902 satio
801 3836 1073 3903 arbitrio
1092 3838 1393 3923 Episcopi
1426 3839 1824 3906 moderanda
1842 3863 1858 3925 3
1893 3849 2093 3924 prout
2114 3841 2311 3906 etiam
2330 3842 2420 3907 ait
2442 3842 2766 3909 Corradus

544 3973 577 4011 α
614 3971 700 4017 ex
731 3952 1048 4020 Lottero..
1067 4003 1082 4018 .
1132 3953 1360 4021 Eidem
1397 3956 1654 4021 matrici
1688 3956 1755 4021 in
1798 3956 2053 4039 signum
2095 3939 2516 4040 suBJectionis
2553 3975 2767 4024 reser-

550 4091 581 4128 «
622 4069 765 4135 vari
789 4077 1061 4152 possunt
1092 4090 1188 4147 ea,
1234 4089 1375 4154 quae
1418 4072 1576 4137 alias
1623 4070 1770 4156 jure
1806 4072 2122 4154 parochioe
2159 4073 2226 4136 in
2253 4071 2518 4137 filialem
2551 4079 2765 4140 trans-

547 4205 579 4243 «
615 4183 1079 4264 funderentur,
1114 4194 1188 4252 ut
1217 4193 1371 4251 sunt
1393 4184 1545 4271 jura
1570 4186 1951 4268 sepulturae,
1988 4186 2383 4271 baptizandi,
2416 4194 2552 4255 etc.
2585 4208 2620 4248 υ

629 4300 1050 4379 REQmsrrtm
1077 4302 1154 4366 X.
1190 4336 1279 4349 -—
1306 4305 1660 4383 &aquiritur
1685 4308 1756 4366 ut
1786 4304 2115 4385 Episcopus
2156 4323 2372 4367 novam
2408 4305 2766 4386 parochiam

540 4419 735 4496 eriqat
768 4433 880 4495 per
932 4421 1221 4498 seipsum·
1257 4418 1372 4494 vel,
1413 4421 1469 4478 si
1498 4422 1695 4497 eriqat
1721 4435 1837 4498 per
1870 4422 2168 4481 vicarium
2196 4437 2368 4481 amm
2393 4421 2755 4500 ymen-alan,
