3146 4973
1339 471 1560 519 mnax.
2444 456 2570 519 697

532 648 830 698 tribuendum
866 647 1129 695 necessaria
1157 674 2401 694 ....................
2475 645 2575 693 293

466 733 760 797 Propositt'o
790 733 875 780 xa,
913 730 1030 779 Unio
1058 729 1386 792 parochiarum
1415 730 1474 777 ab
1494 727 1742 790 Episcopis
1768 725 1905 788 sacta,
1928 740 2064 774 suum
2094 727 2305 776 effectum
2324 729 2407 776 ha-

534 820 646 867 bere
673 817 851 880 nequit,
877 816 969 863 nisi
994 823 1099 877 post
1129 820 1323 863 mortem
1354 819 1433 860 aut
1452 813 1814 875 resignationem
1843 820 2095 874 rectorum,
2115 813 2197 876 qui
2224 814 2310 862 has
2334 827 2412 875 pa-

534 903 721 950 rochias
775 901 985 948 obtinent
1012 931 2409 949 ......................
2480 899 2576 947 294

469 986 765 1049 Propositae'o
792 985 903 1034 xlfl.
923 984 1197 1045 Requiritur
1215 996 1472 1030 consensus
1500 980 1697 1028 rectoris
1723 982 1954 1042 parochiae
1979 981 2207 1043 uniendae,
2228 991 2280 1030 ut
2304 983 2412 1031 unio

537 1071 750 1118 effectum
778 1070 952 1118 habere
971 1069 1121 1130 possit
1146 1075 1250 1115 ante
1275 1067 1425 1129 ipsius
1449 1071 1648 1114 mortem
1672 1072 1751 1111 aut
1776 1065 2133 1125 resignationem
2159 1082 2169 1113 :
2195 1075 2245 1115 ut
2263 1074 2414 1116 autem

539 1154 750 1203 effectum
782 1156 950 1202 habeat
977 1160 1085 1215 post
1110 1153 1211 1214 ejus
1239 1153 1417 1200 obitum
1443 1152 1512 1199 vel
1540 1149 1921 1211 resignationem,
1948 1164 2032 1198 nec
2055 1150 2205 1213 ipsius
2224 1165 2417 1200 consen-

538 1252 736 1300 suS,nec
765 1238 903 1286 etiam
932 1237 1082 1299 ipsius
1110 1237 1266 1285 citatio
1292 1245 1370 1284 aut
1399 1235 1648 1283 consiliunt
1673 1234 1928 1297 requiritur
1956 1269 2413 1286 ........
2484 1239 2582 1286 294

469 1323 762 1387 Propositt'o
790 1323 924 1370 XII&
963 1322 1264 1384 Nequaquam
1292 1320 1550 1383 requiritur
1578 1331 1834 1366 consensus
1861 1325 1941 1366 aut
1969 1319 2126 1367 citatio
2152 1319 2302 1381 plebis
2328 1335 2414 1382 pa—

541 1409 710 1456 rochiae
753 1406 981 1456 uniendae.
1017 1439 1028 1450 .
1086 1441 1098 1454 .
1147 1441 1160 1454 .
1281 1436 2413 1454 ..................
2485 1405 2584 1454 294

339 1494 535 1544 CAPUT
563 1494 693 1540 vlu.
723 1493 825 1550 Qua
852 1505 1015 1539 norma
1043 1489 1273 1553 parochiae
1312 1491 1399 1538 sub
1428 1489 1534 1551 jure
1565 1496 1838 1553 patronatus
1874 1486 2094 1536 canonice
2130 1489 2416 1537 constituun-

406 1585 483 1625 tur
495 1610 1164 1626 ...........
1283 1611 1298 1622 .
1352 1610 1365 1621 .
1419 1609 1432 1621 .
1550 1605 2413 1623 ..............
2486 1574 2585 1622 295

407 1659 431 1721 5
456 1661 496 1707 1.
535 1660 602 1707 De
620 1659 726 1719 jure
752 1665 1043 1719 patronatuS,
1074 1667 1120 1708 et
1143 1660 1287 1708 variis
1313 1658 1428 1706 illud
1460 1658 1731 1721 acquirendi
1764 1655 1915 1705 modis
1935 1657 2168 1717 generalis
2194 1657 2324 1706 notio
2351 1692 2364 1707 .
2398 1694 2411 1706 .
2483 1660 2583 1708 295

411 1740 438 1809 2
461 1744 526 1791 11.
566 1742 817 1804 Requisitae
858 1742 1148 1792 conditiones
1179 1750 1233 1791 ut
1257 1744 1481 1805 parochia
1508 1744 1597 1790 sub
1618 1744 1727 1804 jure
1754 1749 2028 1804 patronatus
2057 1742 2277 1792 canonice
2303 1755 2416 1791 con-

478 1828 698 1875 stituatur
705 1860 2416 1877 ...........................
2488 1826 2589 1875 298

349 1910 546 1961 CAPUT
575 1910 659 1957 tx.
700 1910 767 1957 De
803 1910 1103 1961 ecclesiarum
1132 1913 1468 1976 parochialium
1496 1913 1771 1961 alteratione
1800 1918 1845 1960 et
1872 1910 2204 1972 suppressione
2230 1947 2244 1961 .
2297 1946 2311 1961 .
2366 1946 2379 1959 .
2410 1946 2423 1960 .
2494 1911 2594 1960 299

418 1994 637 2053 Quaestio
667 1996 740 2042 ¹⁸.
784 1994 905 2050 Quid
928 1997 988 2043 sit
1005 1997 1336 2046 beneficiorum
1360 1998 1572 2045 alteratio
1599 2012 1680 2045 seu
1703 1997 1935 2045 mutatio?
1963 2028 1978 2044 .
2030 2030 2043 2043 .
2098 2029 2111 2043 .
2163 2027 2176 2041 .
2230 2028 2245 2043 .
2298 2028 2311 2042 .
2364 2029 2379 2044 .
2411 2032 2422 2043 .
2495 1995 2595 2043 299
2678 2037 2679 2040 ,

421 2078 644 2140 Quaestio
673 2080 746 2126 2⁸.
785 2079 933 2127 Penes
963 2094 1097 2141 quem
1119 2081 1402 2142 sitpotestas
1432 2081 1757 2142 parochiarum
1787 2087 1958 2128 statum
1984 2079 2267 2127 alterandi?.
2300 2115 2313 2128 .
2367 2114 2380 2128 .
2417 2114 2429 2127 .
2494 2080 2594 2127 299

422 2163 642 2221 Quaesu'o
670 2164 746 2210 3⁸.
784 2163 905 2219 Quid
931 2165 992 2212 sit
1011 2166 1282 2227 suppressio
1300 2164 1672 2214 beneficiorum?
1696 2196 2425 2215 ............
2496 2164 2595 2213 299

424 2247 643 2305 Ota-:estio
671 2249 743 2294 4⁸.
784 2248 1086 2304 Quandonam
1129 2250 1278 2312 possit
1304 2250 1565 2311 Episcopus
1594 2248 1797 2310 aliquam
1828 2248 2141 2310 parochialem
2183 2248 2427 2297 ecclesiam

489 2332 780 2394 supprimere
825 2367 2425 2384 .........................
2494 2335 2596 2383 300

353 2411 560 2465 PARS
596 2413 921 2466 TERTIA.
959 2419 1025 2465 De
1046 2432 1211 2466 norma
1233 2418 1455 2465 canonica
1482 2417 1715 2479 parochos
1738 2418 2051 2468 constituendi
2080 2426 2123 2467 et
2144 2418 2431 2469 removendi.
2501 2418 2594 2468 501

354 2497 603 2549 SECTIO
631 2501 677 2549 1.
715 2502 788 2550 Ad
806 2516 942 2565 quem
963 2506 1193 2565 pertineat
1212 2510 1418 2565 potestas
1458 2512 1667 2551 rectores
1685 2503 1927 2564 parochiis
1945 2503 2226 2566 praeficiendi
2257 2541 2269 2553 .
2303 2539 2316 2554 .
2369 2541 2383 2555 .
2413 2539 2427 2550 .
2496 2506 2596 2554 302

355 2581 637 2632 subtectio
665 2589 705 2635 Ι.
744 2586 815 2635 Ad
869 2602 1006 2650 quem
1048 2592 1280 2651 pertineat
1315 2598 1523 2639 rectores
1551 2587 1788 2652 praeficere
1817 2590 1876 2637 iis
1910 2590 2165 2651 parochiis,
2200 2602 2301 2653 quae
2339 2602 2432 2637 non

427 2681 536 2719 suut
582 2672 843 2721 collationis
886 2672 1043 2721 libera»,
1049 2708 2428 2726 ......................
2498 2672 2599 2721 302

359 2756 554 2805 CAPUT
583 2756 622 2804 1.
663 2758 701 2804 Α
729 2758 901 2818 quibus
926 2760 1138 2820 personis
1164 2766 1211 2807 et
1237 2760 1420 2808 actibus
1443 2758 1643 2822 pendeat
1664 2759 1991 2820 parochiarum
2016 2758 2139 2819 juris
2159 2764 2435 2821 patronatus

429 2843 632 2903 provisio
677 2876 2426 2893 ...........................
2506 2838 2603 2888 503

432 2926 471 2974 Ι.
505 2928 571 2974 De
602 2928 865 2975 necessaria
890 2929 1244 2989 praesentatione
1272 2942 1326 2977 ex
1357 2935 1488 2990 parte
1515 2926 1696 2990 patroni
1744 2949 1781 2973 .·
1810 2961 2427 2977 ..........
2503 2926 2603 2974 303

436 3012 499 3060 11.
530 3012 596 3060 De
625 3014 888 3061 necessaria
914 3012 1206 3061 institutione
1234 3044 2433 3064 ...................
2503 3012 2602 3059 304

363 3097 563 3146 CAPUT
592 3097 654 3144 ll.
694 3098 733 3144 A
762 3096 879 3159 qua,
895 3104 942 3144 et
965 3098 1136 3158 quibus
1163 3098 1346 3146 actibus
1383 3096 1604 3144 canonice
1645 3096 1993 3144 constituantur
2028 3095 2190 3143 vicarii
2224 3094 2436 3158 perpetui

431 3182 756 3242 parochiarum
787 3183 1021 3231 unitarum
1066 3214 2433 3234 ......................
2505 3179 2600 3224 307

357 3264 645 3315 Sub-ectio
675 3267 716 3313 11
726 3303 737 3315 .
777 3268 848 3315 Ad
868 3283 1093 3330 quosnam
1124 3268 1352 3331 pertineat
1375 3266 1623 3330 parochias
1645 3267 1805 3315 liberte
1832 3266 2093 3315 collationis
2115 3264 2325 3313 conferre
2380 3300 2391 3311 .
2426 3299 2435 3308 .
2508 3261 2608 3308 309

359 3354 558 3403 CAPUT
590 3355 630 3401 1.
671 3355 736 3400 De
763 3353 987 3414 primario
1017 3353 1257 3414 collatore,
1291 3353 1388 3400 sive
1416 3354 1542 3413 Papa
1582 3382 2438 3401 ................
2508 3346 2610 3392 310

432 3436 455 3499 5
484 3439 524 3487 1.
566 3439 784 3495 Quaenam
815 3437 1011 3485 Romani
1043 3436 1281 3484 Pontificis
1308 3443 1514 3498 potestas
1540 3436 1665 3483 circa
1692 3434 1915 3484 beneficia
1922 3464 2442 3481 ..........
2511 3428 2613 3476 310

435 3522 458 3585 5
485 3523 546 3570 11.
572 3524 638 3570 De
659 3527 885 3583 potestate
899 3522 1096 3569 Romani
1117 3520 1353 3569 pontificis
1373 3519 1707 3568 beneficiorum
1729 3520 2023 3568 collationem
2044 3517 2135 3566 sihi
2155 3512 2443 3565 reservandi.
2514 3514 2614 3560 312

434 3605 459 3669 5
486 3606 573 3653 111.
612 3605 919 3663 Quandonam
955 3606 1284 3667 parochiarum
1312 3611 1679 3666 caeterorumque
1710 3604 2041 3653 beneficiorum
2069 3602 2257 3650 collatio
2288 3600 2350 3648 sit
2380 3612 2451 3646 re-

503 3699 686 3738 servata
709 3693 863 3752 Papae,
885 3690 929 3737 vi
954 3691 1284 3738 reservationis
1311 3691 1360 3738 in
1389 3703 1585 3752 corpore
1602 3690 1725 3749 juris
1750 3690 1940 3739 sancitae
1977 3718 2440 3738 .........
2514 3680 2615 3728 316

437 3772 569 3838 filli.
604 3775 906 3832 Quandonam
948 3787 1031 3837 per
1062 3774 1352 3823 cancellariae
1392 3775 1583 3835 regulas
1590 3802 2443 3823 ................
2514 3764 2614 3811 319

508 3860 546 3909 1.
579 3859 698 3916 Quid
729 3860 823 3907 sint
845 3858 1014 3919 regulae
1035 3858 1343 3918 cancellatim,
1378 3866 1422 3905 et
1450 3871 1505 3904 an
1527 3859 1606 3918 jus
1628 3858 1891 3906 universale
1915 3856 2200 3905 constituant
2208 3888 2444 3902 .....
2513 3850 2614 3895 'sta

510 3945 572 3992 ll.
606 3944 906 4000 Quandonam
945 3950 1212 3992 reservetur
1226 3942 1336 3990 Sedi
1367 3941 1646 4003 Apostolicae
1679 3942 2007 4003 parochiarum
2030 3940 2213 3988 collatio
2242 3952 2325 4001 per
2350 3937 2450 3998 pri-

573 4044 696 4077 mam
720 4028 1004 4078 eancellarim
1029 4028 1239 4090 regulam
1246 4055 2446 4079 ......................
2520 4019 2619 4065 320

508 4110 594 4162 ΙΙΙ.
626 4113 928 4171 Quandonam
962 4113 1007 4162 vi
1034 4125 1165 4162 nonae
1186 4111 1380 4171 regulae,
1406 4123 1508 4172 quae
1545 4108 1720 4157 dicitur
1744 4110 1907 4170 regula
1933 4109 1991 4159 de
2018 4110 2277 4160 mensibus.
2319 4142 2332 4156 .
2377 4142 2388 4154 .
2433 4139 2444 4153 .
2516 4104 2617 4152 320

437 4196 550 4263 gv.
594 4201 663 4248 Ex
708 4198 935 4249 hodierno
975 4199 1082 4260 Jure
1133 4192 1413 4257 particulari
1452 4194 1645 4255 Galliae,
1673 4193 1859 4243 videtur
1898 4196 2222 4257 parochiarum
2261 4190 2447 4241 collatio

507 4283 567 4330 ad
596 4282 855 4346 Episcopos
878 4288 1132 4345 pertinere,
1156 4281 1336 4343 absque
1372 4279 1467 4327 una
1495 4278 1554 4327 ad
1579 4279 1744 4327 Sedent
1768 4281 2082 4342 Apostolicam
2116 4278 2445 4327 reservatione.
2517 4271 2616 4318 322

361 4368 567 4422 CAPUT
593 4369 657 4416 11.
689 4370 754 4415 De
778 4374 1002 4429 potestate
1029 4365 1252 4430 Episcopi
1294 4363 1449 4428 quoad
1485 4365 1812 4426 parochiarum
1856 4366 2147 4415 collationem
2156 4394 2447 4411 ......
2516 4355 2616 4402 325

447 4450 664 4512 Quaest'n'o
698 4454 765 4499 ¹².
803 4452 920 4509 Quis
964 4450 1148 4500 dicatur
1186 4448 1457 4498 ordinarius
1486 4450 1721 4497 collator?
1758 4478 2446 4498 .............
2518 4438 2619 4487 325

449 4538 664 4595 Quaestio
689 4539 760 4585 2⁸.
800 4534 1043 4595 Quomodo
1055 4536 1324 4599 Episcopus
1353 4534 1414 4582 sit
1436 4534 1612 4596 dejure
1635 4536 1871 4585 communi
1889 4532 2219 4584 beneficiorum
2238 4527 2453 4579 dioeeesis
