3146 4973
1207 391 1366 441 rins
1410 391 1697 453 quanm.
2450 379 2565 442 511

344 515 536 601 liquit
565 514 1011 599 quaestionem,
1057 534 1135 579 an
1161 515 1543 597 parochiales
1570 515 1701 580 sint
1726 534 1955 594 necne,
1991 517 2470 583 controversias
2497 515 2581 585 de

346 631 468 698 hoc
503 631 646 714 ipso
680 637 871 694 antea
897 630 1255 695 existentes
1276 648 1683 715 nequaquam
1714 632 2101 715 composuit,
2138 629 2256 698 sed
2285 653 2323 698 e
2353 639 2584 699 contra

345 765 456 812 eas
480 746 647 811 tales
682 743 906 830 quales
934 761 1316 829 permanere
1345 745 1664 829 permisit.
1707 745 1865 825 Quae
1895 745 2275 831 hypothesis
2315 748 2580 813 omnino

344 868 690 945 repugnat,
717 860 1081 944 proesertim
1108 858 1327 944 quoad
1358 859 1699 926 decretum
1736 881 1814 927 ea
1836 880 2017 942 cura,
2052 862 2259 947 iisque
2289 864 2578 946 proemis-

342 979 429 1043 sis
468 975 1074 1060 investigationibus
1108 975 1539 1053 elaboratum,
1580 975 1667 1043 de
1715 977 1953 1061 quibus
2004 976 2399 1044 documenta
2435 997 2580 1062 pro-

345 1093 479 1162 fert
507 1089 900 1158 Benedictus
942 1091 1088 1156 XIV
1127 1091 1193 1155 in
1229 1091 1425 1157 citata
1468 1093 1875 1158 institutione
1926 1094 2077 1159 105.
2115 1094 2281 1159 Hinc
2312 1093 2576 1179 quando

346 1206 431 1273 ad
482 1206 754 1272 dubium
803 1206 908 1283 13,
951 1226 1034 1270 an
1075 1210 1409 1287 functiones
1454 1213 1521 1271 in
1554 1211 2027 1289 proecedenlibus
2068 1218 2202 1273 octo
2243 1213 2448 1275 dubiis
2476 1231 2578 1275 ex·

339 1343 582 1405 pres-sce,
606 1329 822 1405 per-aqi
842 1328 1080 1404 possint
1107 1328 1174 1386 in
1204 1329 1490 1386 oratoriis
1514 1329 1781 1404 privatis
1811 1328 2259 1390 contradicente
2282 1328 2566 1408 parcella,

341 1437 696 1521 respondet
746 1438 941 1503 Sacra
997 1438 1449 1522 Congregati0‚
1507 1445 1660 1502 satis
1685 1446 1997 1522 provisum
2037 1447 2104 1506 in
2135 1445 2565 1524 superioribus,

341 1574 570 1621 sensus
599 1561 721 1633 est,
745 1573 933 1638 posse
961 1574 1197 1621 revera
1236 1554 1442 1620 dictas
1471 1555 1846 1621 functiones
1872 1576 1911 1621 a
1943 1557 2339 1640 cappellanis
2367 1553 2575 1624 invito

344 1666 627 1749 parocho
655 1669 899 1750 peragi,
929 1670 1222 1750 exceptis
1260 1665 1470 1731 tribus
1508 1670 2133 1750 supra-memoratiS,
2168 1688 2290 1752 pro
2334 1670 2574 1754 quibus

344 1779 622 1859 addidit,
655 1792 952 1866 spectare
971 1782 1116 1848 illas
1145 1780 1232 1848 ad
1266 1782 1646 1865 parochum.
1681 1783 1976 1868 Alioquin
2010 1785 2184 1850 enim
2218 1783 2568 1851 ridiculum

343 1897 574 1963 fuisset
604 1897 848 1978 dicere,
873 1907 1029 1964 satis
1063 1905 1372 1982 provisum
1406 1905 1475 1964 in
1505 1903 1932 1982 superioribus,
1963 1918 2113 1966 cum
2157 1919 2566 1987 nequaquam

340 2014 671 2098 provisum
698 2015 949 2081 fuisset.

429 2131 500 2193 2⁰
547 2130 647 2196 Ita
698 2128 1187 2214 intelligendam
1238 2147 1381 2195 esse
1449 2129 1933 2213 responsionem
1983 2129 2066 2195 ad
2125 2130 2401 2197 dubium
2461 2134 2563 2210 13,

339 2253 594 2311 constat
633 2251 954 2329 praeterea
1005 2266 1087 2311 ex
1124 2245 1345 2311 verbis
1402 2244 1756 2311 Cardinalis
1799 2245 2128 2311 Colloredi
2175 2254 2245 2312 et
2283 2245 2566 2313 duorum

337 2359 806 2426 advocatorum
836 2360 1396 2439 consistorialium,
1447 2361 1560 2445 qui
1590 2360 2036 2427 concinnando
2071 2358 2343 2428 decreto
2371 2361 2554 2428 adla-

336 2473 759 2560 boravcrant3
799 2496 941 2562 quae
975 2475 1179 2543 verba
1223 2475 1373 2542 vide
1405 2474 1584 2561 apud
1636 2475 2064 2544 Benedictum
2097 2477 2240 2543 ΧΠ
2287 2477 2568 2563 (institu-

333 2592 511 2658 tione
554 2593 699 2673 105,
738 2612 806 2657 n.
845 2590 1020 2676 106).

423 2711 494 2773 30
535 2730 568 2769 α
601 2707 1043 2774 certissimum
1082 2714 1202 2785 est,
1248 2704 1426 2791 quod
1461 2705 1670 2772 Sacrae
1703 2706 2274 2790 congregationes,
2311 2710 2566 2774 coeteri-

339 2844 373 2882 α
410 2840 540 2906 que
597 2820 854 2909 jndices
898 2823 1136 2900 Romae,
1194 2822 1263 2886 in
1314 2821 1524 2887 causis
1576 2822 1925 2906 propositis
1972 2831 2121 2905 post
2166 2820 2441 2889 decreta
2478 2822 2563 2889 de

342 2959 375 3000 α
408 2939 643 3023 quibus
671 2938 876 3006 verba
914 2938 1209 3016 fecimus,
1250 2945 1573 3020 perpetuo
1615 2934 2084 3017 decreverunt,
2119 2958 2231 3003 eas
2276 2938 2560 3005 functio-

339 3077 370 3112 «
408 3072 524 3118 nes
552 3055 773 3138 peragi
804 3054 1007 3119 licere
1045 3053 1114 3117 in
1151 3052 1440 3117 ecclesiis
1478 3059 1547 3117 et
1584 3052 1880 3116 oratoriis
1920 3052 2557 3132 confraternitatum,

336 3191 367 3228 α
402 3169 523 3232 nisi
577 3175 835 3234 vetusta
885 3164 1292 3236 consuetudo
1350 3172 1463 3231 aut
1529 3164 1710 3249 leges
1762 3164 2144 3231 dioecesanae
2206 3166 2440 3251 synodi
2495 3166 2565 3233 id

335 3307 367 3344 α
404 3281 871 3367 prohibeant.»
903 3281 1302 3349 Benedictus
1339 3281 1507 3359 XIV,
1536 3280 1942 3345 institutione
1986 3280 2135 3357 105,
2166 3299 2233 3346 n.
2271 3284 2421 3346 107.
2501 3314 2506 3319 ·

415 3401 487 3463 4⁰
524 3399 1011 3466 conclusionem
1038 3405 1326 3464 nostram
1366 3393 1708 3460 confirmat
1746 3394 2104 3460 declaratio
2149 3395 2357 3461 Sacrae
2397 3396 2562 3463 Con-

324 3517 717 3599 gregationis
752 3514 1015 3580 Concilii
1057 3514 1142 3601 (in
1184 3518 1460 3590 Reatina,
1515 3514 1590 3576 13
1642 3509 1897 3596 januari
1941 3507 2162 3594 1844).
2205 3510 2562 3593 Pr0positis

325 3631 500 3695 enim
532 3629 748 3695 dubiis
781 3652 797 3696 ε
838 3655 871 3692 α
916 3634 981 3696 10
1021 3631 1117 3695 An
1162 3630 1356 3695 liceat
1380 3628 1764 3714 cappellano
1791 3646 2107 3705 novenas,
2159 3625 2435 3705 triduOS,
2487 3637 2559 3694 et

326 3771 361 3811 α
397 3747 557 3814 alias
602 3746 973 3812 functiones
1009 3764 1157 3811 cum
1215 3745 1620 3829 expositione
1664 3751 1734 3809 et
1781 3742 2241 3810 benedictione
2287 3745 2557 3809 sanctis-

324 3889 358 3927 «
393 3864 536 3930 simi
566 3863 963 3929 sacramenti
1002 3862 1273 3946 explere
1318 3861 1385 3925 in
1430 3860 1715 3928 oratorio
1748 3860 1966 3924 Sancti
1995 3859 2337 3936 Dominici,
2369 3858 2557 3926 inde-

324 4002 358 4040 α
394 3978 764 4063 pendenter
790 3999 829 4043 a
858 3975 1142 4062 parocho
1166 3978 1234 4042 in
1269 3995 1418 4042 casu
1444 3999 1461 4060 3
1492 4012 1584 4024 —
1612 3977 1681 4039 2⁰
1718 3992 1799 4038 an
1829 3973 2023 4039 liceat
2050 3971 2264 4038 eidem
2293 3976 2556 4059 cappel-

326 4116 359 4156 α
396 4094 545 4158 lano
586 4096 806 4159 missas
845 4092 1218 4159 solemniter
1255 4111 1488 4159 canere
1543 4087 2071 4173 independenter
2106 4108 2146 4153 a
2175 4089 2460 4172 parocho
2487 4091 2556 4156 in

325 4232 359 4269 «
392 4227 546 4275 casu
573 4231 607 4270 n
637 4210 829 4275 Sacra
854 4210 1283 4293 Congregatio
1300 4207 1646 4292 respondit
1675 4228 1689 4272 :
1732 4229 1763 4267 α
1791 4204 1890 4270 Ad
1918 4205 1947 4270 I
1978 4210 2046 4269 et
2071 4204 2137 4269 Π
2163 4202 2546 4271 affirmative

321 4348 356 4387 α
389 4326 458 4389 in
503 4325 821 4403 omnibus,
854 4323 938 4389 ad
983 4324 1260 4391 formam
1298 4322 1719 4391 decretorum
1765 4321 1949 4387 urbis
1997 4327 2066 4386 et
2117 4318 2297 4385 orbis
2339 4319 2546 4387 Sacrae

319 4464 355 4504 «
391 4442 917 4525 congregationis
946 4442 1207 4507 Rituum
1260 4439 1394 4505 diei
1437 4443 1516 4503 10
1563 4435 1932 4503 decembris
1962 4435 2112 4499 anni
2146 4435 2336 4510 1703,
2366 4434 2545 4500 salvo
