3146 4973
640 366 767 428 212
1309 379 1684 429 moruus
1729 381 1817 428 nn
1861 378 2191 429 mnocno.

640 528 675 565 α
704 503 1011 588 probatos
1062 501 1284 581 fuisse,
1326 522 1519 589 quam
1564 513 1960 589 perpetuos3
2015 511 2085 569 et
2151 490 2651 568 mercenariorum
2708 511 2861 571 nota

640 622 946 686 «inustos
980 619 1204 697 fuisse,
1238 620 1349 704 qui
1379 619 1465 686 ad
1500 629 1765 703 tempus
1803 622 1983 704 quasi
2031 618 2464 686 conductitius
2499 639 2732 705 operas
2766 622 2861 686 lo-

639 763 666 793 «
705 736 963 801 cabant.
1005 735 1142 801 Hoc
1179 736 1352 801 enim
1397 735 1524 800 illis
1571 736 1856 819 elogium
1900 736 2275 819 appingitur
2303 736 2369 800 iu
2404 736 2674 802 concilio
2704 734 2862 802 Are-

635 874 671 908 α
693 850 927 916 latensi
960 872 975 915 ε
1009 854 1178 914 nullo
1212 853 1513 914 sacerdote
1545 853 1756 914 relicto
1791 853 2019 913 alicubi
2059 856 2447 914 mercenario.
2488 854 2562 915 2⁰
2596 851 2660 915 Si
2684 858 2857 916 tem·

634 989 668 1027 α
695 967 938 1050 porarii
981 983 1442 1048 nonnunquam
1492 973 1561 1030 et
1600 966 1988 1032 mercenarii
2042 963 2552 1031 admitterentur
2603 966 2851 1044 vicarii,

632 1104 664 1142 «
693 1081 765 1147 id
797 1083 1011 1165 gravis
1047 1080 1483 1166 extorquebat
1519 1083 1900 1167 necessita33
1936 1088 2207 1167 tumque
2246 1101 2473 1166 magua
2502 1080 2859 1150 adhibeba-

631 1222 663 1259 «
690 1205 801 1264 tur
835 1199 1317 1281 circumpectio,
1353 1206 1424 1263 et
1454 1197 1539 1264 ad
1571 1206 1835 1282 tempus
1870 1198 2077 1265 breve
2119 1197 2654 1277 admittebantur,
2694 1196 2853 1263 dum

629 1336 662 1373 a
689 1321 1050 1397 perpetuus
1097 1313 1575 1391 institueretur,
1611 1320 1688 1377 ut
1722 1313 1927 1397 liquet
1953 1333 2031 1379 ex
2073 1311 2366 1397 ejusdem
2397 1313 2656 1379 canonis
2679 1312 2856 1378 clau-

628 1428 855 1506 «sula,
898 1449 1003 1493 nec
1038 1432 1207 1493 ultra
1251 1435 1669 1509 mercenariiS,
1713 1434 1837 1492 nisi
1883 1432 2051 1493 bonis
2086 1435 2147 1493 et
2182 1435 2479 1512 expertis,
2524 1436 2585 1493 et
2624 1431 2731 1493 hoc
2772 1434 2855 1492 ad

625 1567 658 1603 a
689 1553 940 1626 tempus,
976 1552 1036 1608 et
1065 1564 1145 1608 ex
1170 1564 1352 1607 causa
1388 1546 1828 1607 dominicarum
1866 1550 2090 1623 ovium,
2140 1550 2441 1625 reqimina
2477 1551 2858 1609 committan-

622 1681 656 1718 «
689 1668 810 1724 tur.
848 1662 918 1724 3⁰
954 1660 1020 1722 Si
1046 1677 1187 1743 quae
1227 1660 1353 1723 sint
1390 1658 1765 1742 provinciae,
1819 1657 1933 1722 uhi
1968 1677 2097 1724 non
2145 1659 2407 1742 parochi
2457 1661 2566 1725 vel
2616 1661 2848 1737 curati,

620 1796 654 1835 a
682 1773 800 1841 sed
840 1774 1062 1840 vicarii
1103 1775 1301 1857 vulgo
1345 1780 1585 1857 regunt
1644 1773 1973 1851 ecclesias,
2015 1771 2087 1837 id
2122 1790 2200 1840 eo
2234 1774 2504 1853 factum,
2544 1772 2724 1859 quod
2758 1792 2852 1840 eae

618 1913 651 1950 «
681 1889 1000 1973 parochiae
1051 1887 1381 1973 quondam
1430 1887 1762 1954 monachis
1812 1907 2127 1955 concessae
2168 1889 2466 1968 fuissent,
2511 1890 2622 1975 qui
2669 1908 2858 1974 paro-

617 2029 648 2065 «
683 2005 950 2072 chorum
981 2005 1460 2088 primitivorum
1493 2022 1731 2071 nomen
1768 2011 1837 2069 et
1866 2005 2134 2088 iusignia
2162 2007 2547 2084 retinenteS‚
2575 2005 2855 2071 vicarios

616 2147 647 2183 α
676 2122 766 2187 ibi
813 2120 1296 2188 constituebant
1327 2127 1708 2204 perpetum.
1773 2118 1979 2204 quue
2039 2121 2105 2184 iu
2144 2121 2266 2187 hoc
2310 2121 2543 2188 eodem
2601 2141 2848 2189 canone

614 2262 646 2299 a
676 2239 1094 2322 perspicuum
1125 2244 1248 2303 est.
1291 2239 1361 2301 4⁰
1393 2236 1695 2303 Monachi
1743 2237 1865 2320 ipsi
1906 2255 2025 2321 per
2062 2256 2227 2316 sese,
2264 2238 2372 2305 vel
2414 2239 2707 2304 canonici
2744 2259 2855 2304 re·

611 2377 643 2414 α
678 2354 936 2437 gulares
965 2352 1082 2417 has
1109 2350 1722 2418 administraverant
1753 2352 2100 2437 aliquando
2125 2352 2485 2437 parochias,
2526 2359 2595 2418 et
2623 2372 2855 2420 omues

610 2492 644 2530 «
676 2467 1104 2552 parochorum
1147 2466 1589 2550 impleverant
1638 2474 1897 2552 partes3
1931 2486 2054 2533 nec
2090 2485 2336 2534 canone
2388 2469 2513 2535 isto
2559 2476 2856 2554 potestas

610 2607 644 2646 α
671 2582 992 2668 ejusmodi
1038 2584 1129 2648 eis
1179 2582 1561 2665 abrogatur.
1616 2587 1683 2647 5⁰
1733 2584 1970 2668 Liquet
2016 2583 2166 2650 hinc
2207 2587 2404 2651 etiam
2455 2587 2568 2671 qui
2600 2586 2855 2652 fuerint

610 2724 643 2761 «
671 2707 985 2782 prioratus
1023 2706 1225 2763 eur-ati
1249 2721 1270 2762 .·
1301 2698 1628 2782 parochiae
1675 2698 1852 2764 enim
1899 2699 2036 2763 istae
2075 2720 2112 2765 a
2151 2700 2477 2784 prioribus
2519 2701 2856 2767 monachis

610 2838 643 2877 «
672 2813 1383 2880 administrabantur...
1417 2816 1490 2879 6ο
1521 2814 1883 2879 vicariatus
1909 2814 2071 2879 istos
2102 2834 2261 2881 vere
2310 2817 2534 2882 titulos
2572 2815 2700 2882 dici
2730 2835 2856 2900 po-

611 2954 644 2991 «
675 2931 871 2996 tuisse
896 2928 1447 2996 beneficiorum...
1493 2931 1603 2992 10ο
1631 2931 1773 2995 Non
1815 2947 2039 2994 omues
2081 2931 2306 2995 vicarii
2349 2931 2656 3014 perpetui
2694 2949 2857 3014 pro-

612 3070 647 3105 «
674 3046 831 3112 fecti
859 3053 1013 3110 sunt
1042 3064 1122 3110 ex
1154 3043 1503 3121 monacbiS,
1534 3044 1770 3129 quibus
1798 3043 2241 3110 credebantur
2272 3044 2627 3130 paroehioe3
2663 3052 2732 3111 et
2759 3046 2854 3112 ab

614 3184 647 3221 «
679 3162 834 3244 ipsis
858 3162 1030 3227 enim
1067 3158 1329 3245 quidam
1359 3159 1868 3225 instituebantur
1903 3159 1985 3224 ab
2022 3159 2377 3243 Episcopis,
2421 3162 2487 3224 in
2523 3158 2857 3242 parochiis

615 3300 649 3338 «
679 3277 803 3341 illis
840 3295 982 3360 quae
1021 3293 1249 3341 eorum
1288 3275 1637 3357 episcopali
1675 3292 1909 3340 mensae
1952 3282 2141 3340 erant
2184 3273 2549 3358 adscriptae.
2594 3276 2855 3342 Praeter

614 3418 648 3455 τι
681 3409 992 3459 canonem
1027 3409 1226 3475 supra
1253 3410 1330 3457 ea
1368 3389 1455 3456 de
1482 3410 1555 3456 re
1589 3388 1960 3467 laudatum,
2009 3390 2233 3474 accipe
2264 3398 2334 3455 et
2365 3388 2539 3456 aliud
2577 3390 2697 3457 hoc
2731 3389 2856 3456 do-

615 3529 649 3568 «
680 3511 1078 3570 cumentum.
1116 3502 1278 3566 Cum
1309 3520 1478 3565 auno
1507 3503 1677 3568 1248
1708 3500 2071 3568 Cardinalis
2090 3502 2367 3585 Legatns
2386 3499 2533 3569 Odo
2552 3503 2853 3570 ecclesiis

614 3642 647 3678 α
677 3618 879 3701 Cypri
904 3614 1339 3698 pulcherrima
1366 3616 1701 3681 sanctioris
1736 3615 2086 3700 disciplinoe
2114 3618 2326 3700 capita
2348 3616 2853 3686 commendaret

615 3757 648 3792 «
677 3730 1107 3815 sanciretque,
1155 3730 1485 3813 Episcopis
1515 3733 1849 3815 praecepit,
1885 3739 1961 3796 ut
1992 3732 2355 3814 capellanos
2379 3740 2735 3818 perpetuos
2771 3737 2848 3802 in

616 3873 650 3908 «
676 3845 976 3914 omnibus
1003 3845 1422 3912 instituerent
1449 3845 1631 3912 urbis
1659 3848 1958 3932 rurisque
1991 3846 2305 3930 parochiis
2341 3867 2355 3912 ε
2386 3853 2465 3913 In
2494 3851 2641 3913 aliis
2662 3872 2857 3934 paro-

616 3987 650 4025 «
677 3965 850 4040 chiis,
874 3970 996 4026 tam
1015 3967 1356 4041 civitatum,
1372 3983 1552 4044 quam
1564 3967 1904 4042 dioeceseon‚
1922 3967 2122 4029 idonei
2142 3973 2199 4028 et
2220 3972 2495 4047 perpetui
2515 3972 2858 4034 insuman-

617 4103 650 4142 «
682 4088 784 4142 tur
803 4080 1163 4160 presbyteri.
1194 4079 1276 4143 Et
1312 4079 1508 4161 paulo
1538 4087 1689 4144 ante
1725 4098 1739 4142 ε
1769 4085 2165 4163 praecipimus
2196 4088 2322 4144 lam
2352 4083 2845 4166 Archiepiscopo,

615 4219 649 4257 α
676 4213 852 4276 quam
897 4196 1230 4273 Episcopis,
1268 4201 1339 4256 ut
1377 4201 1445 4256 in
1488 4199 1616 4256 suis
1651 4197 1914 4258 eeclesiis
1961 4201 2286 4277 maqt'stros
2324 4201 2686 4279 capellanoe,
2730 4209 2857 4280 qm·

614 4333 648 4404 .“
677 4327 882 4372 curam
908 4315 1221 4370 teneantur
1242 4327 1417 4386 aqere
1446 4313 1811 4386 animarum,
1834 4316 2184 4391 instituant,
2203 4330 2347 4392 quos
2362 4321 2643 4395 perpetuo
2668 4317 2854 4379 volu-

612 4449 646 4486 «
673 4443 805 4488 mus
831 4429 898 4484 in
935 4426 1060 4485 suis
1092 4440 1395 4484 remanere
1431 4423 1668 4501 officiis.
1691 4424 1829 4489 Nou
1864 4432 2053 4490 erant
2084 4443 2243 4506 ergo
2279 4426 2399 4490 nisi
2424 4427 2647 4492 vicarii
2676 4446 2849 4512 per·
