3146 4973
530 346 654 411 322
1206 352 1590 402 ‘1¹RACTATUS'
1627 355 1712 401 m:
1762 354 2086 401 maocflo.
2116 327 2119 330 ’

522 485 587 546 in
630 482 848 568 aliquo
895 502 975 547 ex
1027 478 1355 545 mensibus
1395 494 1544 558 sex,
1601 479 1666 541 in
1714 474 2002 542 secunda
2054 480 2241 559 parte
2292 477 2535 559 regula!
2582 473 2754 541 desi·

520 599 731 683 gnatis
782 621 795 662 :
849 599 901 661 si
944 615 1102 662 vero
1140 599 1375 660 vacent
1420 594 1488 659 in
1529 610 1645 659 sex
1696 593 1834 658 aliis
1869 590 2224 668 mensibus,
2270 588 2370 657 ad¹
2395 590 2751 657 Romanum

521 712 904 778 Pontificem
936 730 1161 779 earum
1194 710 1456 777 collatio
1487 712 1800 793 pertinet.

604 833 673 895 3⁰
715 827 990 909 Quando
1029 826 1348 911 parochias
1388 826 1676 891 vacantis
1716 825 1972 892 collatio
2012 825 2097 891 ad
2138 827 2394 909 Papam·
2425 827 2745 909 pertinet,

513 964 643 1009 non
690 942 839 1009 ideo
892 940 1291 1008 omittendus
1342 950 1443 1006 est
1492 958 1883 1024 concursus;
1938 939 2055 1006 sed
2102 941 2298 1007 etiam
2357 949 2517 1006 tunc
2572 942 2752 1007 insti-

514 1056 801 1124 tuendus
828 1065 949 1135 est,
986 1065 1060 1121 ut
1085 1055 1341 1121 dicetur
1368 1063 1613 1138 postea.
1644 1056 1788 1136 Quo
1817 1074 1969 1121 casu
1995 1064 2217 1138 partes
2241 1057 2541 1141 Episcopi
2570 1063 2746 1133 sunt,

516 1181 591 1239 ut
618 1174 791 1238 facto
820 1192 1158 1250 concursu,
1182 1172 1440 1237 nomina
1473 1188 1720 1249 eorum,
1752 1172 1973 1257 quial>
1997 1171 2543 1237 examinatoribus
2565 1190 2753 1256 syno-

514 1290 768 1356 dalibus
798 1289 1140 1374 approbati
1168 1298 1346 1367 sunt,
1381 1287 1464 1354 ad
1494 1289 1856 1354 Romanum
1888 1286 2272 1359 Pontificem
2313 1289 2740 1365 transmittat,
2777 1282 2830 1323 ⁸·

513 1405 690 1489 quod
721 1405 898 1471 infra·
922 1424 1039 1472 suo
1068 1405 1212 1470 loco
1245 1404 1762 1486 explanabimus,

601 1523 670 1584 4⁰
707 1520 847 1586 S'ub·
884 1520 1004 1585 hac
1049 1520 1274 1603 regula
1326 1517 1410 1585 de
1458 1518 1820 1595 mensibuS,
1873 1538 1999 1584 non
2039 1516 2506 1616 comprehendi
2555 1536 2746 1600 paro-

513 1635 684 1699 chias
715 1634 879 1718 juris
920 1641 1299 1718 patronatus
1322 1633 1592 1709 laicalis,
1627 1646 1840 1715 neque
1881 1635 2075 1697 etiam
2105 1630 2442 1714 parochias
2483 1648 2745 1696 manua·-

511 1752 630 1826 leS,
676 1748 743 1814 id
780 1757 909 1827 est‘,
954 1766 1228 1835 quarum
1258 1756 1551 1813 rectores
1591 1752 1746 1811 sunt
1773 1744 1855 1812 ad
1883 1754 2113 1813 nutum
2148 1747 2548 1825 amovihileS,
2594 1745 2744 1811 vide

508 1864 857 1949 probatum
892 1885 927 1930 a
952 1865 1268 1930 Leurenio
1303 1864 1543 1949 (Forum
1572 1861 1945 1944 beneficiate,
1991 1868 2178 1945 purte
2218 1866 2257 1926 2
2278 1913 2292 1941 ,
2330 1880 2394 1947 q.
2445 1861 2622 1946 556).

1552 2114 1711 2188 ἓν.

511 2339 575 2386 Ex
602 2337 825 2386 hodierno
843 2338 949 2400 jure
973 2336 1241 2399 particulari
1265 2335 1424 2383 Galliae
1446 2334 1633 2383 videtur
1664 2332 1992 2394 parochiarum
2016 2333 2203 2381 collatio
2228 2333 2287 2381 ad
2317 2335 2575 2397 Episcopus
2599 2337 2748 2398 pcrti-

908 2444 1035 2490 nerc,
1065 2430 1241 2491 absque
1267 2428 1363 2476 ulla
1388 2427 1449 2476 ad
1474 2427 1640 2476 Scdcm
1666 2426 1980 2490 Apostolicam
2010 2426 2347 2476 reservatione.

596 2660 673 2723 In
719 2657 1161 2741 superioribus
1214 2655 1632 2739 paragraphis
1691 2653 1794 2738 jus
1852 2671 2192 2721 commune
2252 2656 2735 2739 descripsimus.

509 2772 739 2856 Quoad
784 2774 1052 2840 Galliam
1099 2792 1259 2838 vero
1308 2771 1501 2837 valde
1553 2769 1854 2837 notabilis
1898 2773 2254 2838 intervenit
2305 2790 2427 2857 per
2480 2791 2750 2839 concor-

509 2888 733 2954 datum
765 2889 917 2953 anni
953 2889 1109 2956 1801
1151 2888 1281 2972 juri
1313 2887 1464 2954 huic
1493 2890 1818 2954 communi
1857 2887 2215 2971 derogatio.
2260 2888 2546 2954 Articulo
2573 2891 2745 2954 enim

509 3003 763 3069 decimo
785 3002 977 3087 hujus
1017 3004 1483 3082 conventionis,
1511 3024 1549 3069 a
1571 3004 1694 3069 Pio
1713 3005 1890 3088 Papa
1911 3005 2031 3068 VII
2054 3019 2178 3087 per
2198 3003 2439 3069 bullam
2481 3008 2746 3068 Εσοιπία

508 3113 739 3183 Christi
791 3117 1206 3198 confirmatae,
1245 3120 1336 3184 sic
1367 3120 1678 3184 statuitur
1713 3141 1726 3184 :
1767 3123 2052 3201 Episcopi
2094 3123 2178 3182 ad
2217 3126 2518 3201 paroecms
2560 3128 2746 3184 nomi-

504 3239 764 3314 nabunt,·
799 3256 902 3299 nec
940 3257 1226 3318 personas
1256 3240 1541 3318 seliqent,
1587 3243 1710 3300 nisi
1750 3240 2038 3318 yuberm'o
2079 3243 2370 3317 accepuas.
2422 3237 2631 3304 Porro
2661 3255 2742 3302 ex

503 3352 626 3415 isto
659 3357 849 3416 textu
887 3349 1321 3434 colligendum
1368 3351 1658 3428 videtur,
1697 3352 1988 3416 omnium
2027 3351 2248 3416 Galliae
2285 3349 2742 3436 parochiarum

504 3464 912 3531 collationem
945 3464 1028 3531 ad
1052 3467 1421 3549 EpiscopoS,
1458 3465 1702 3550 absque
1735 3467 1866 3531 ulla
1900 3466 2239 3532 Pomiflcia
2271 3469 2736 3546 reservatione,

504 3582 859 3664 pertinere.
899 3581 1152 3645 Etenim
1189 3588 1370 3645 certa
1414 3582 1541 3645 erit
1575 3581 1926 3659 conclusio,
1964 3584 2018 3647 si
2050 3602 2173 3649 vox
2219 3587 2612 3648 nominabam
2652 3583 2741 3648 ibi

506 3691 925 3777 intelligenda
964 3694 1078 3770 sit,
1121 3713 1252 3758 non
1301 3701 1559 3760 tantum
1604 3694 1688 3760 de
1739 3699 2174 3764 nominatione
2195 3747 2210 3776 ,
2246 3697 2362 3764 sed
2408 3700 2604 3764 etiam
2655 3697 2739 3763 de

507 3808 872 3873 collatione.
888 3807 1083 3890 Atqui
1105 3806 1227 3871 hoc
1250 3827 1444 3874 sensu
1470 3810 1560 3876 ibi
1582 3820 1968 3895 usurpatum
1992 3812 2257 3878 videtur
2277 3812 2443 3879 illud
2465 3812 2739 3879 vocabu·

503 3921 662 3989 lum.
683 3921 877 4003 Quod
904 3919 1244 4000 suadetur,
1280 3932 1422 3990 tum
1454 3945 1536 3992 ex
1568 3928 2071 3993 circumstantiis
2096 3928 2443 4006 nonnullis,
2475 3934 2619 3995 tum
2656 3948 2736 3994 ex

502 4039 789 4121 analogia
821 4056 969 4103 cum
1009 4038 1407 4106 concor-dato
1440 4043 1818 4126 reipublicae
1853 4043 2115 4122 Italicae,
2157 4051 2300 4108 tum
2338 4043 2621 4130 deniqne
2651 4063 2730 4110 ex

501 4169 581 4223 eo
604 4155 780 4241 quod
804 4154 888 4221 de
910 4154 1082 4221 facto
1110 4156 1199 4221 sic
1232 4175 1339 4222 res
1366 4173 1403 4220 a
1434 4159 1901 4242 quinquaginta
1933 4162 2114 4225 ann‘m
2143 4160 2479 4227 intellecta
2503 4161 2724 4227 fuerit.

588 4269 670 4337 Et
703 4272 915 4355 primo
960 4270 1223 4354 quidem
1269 4270 1339 4335 id
1376 4270 1612 4338 suadet
1661 4272 1913 4351 modus,
1953 4285 2084 4358 quo
2125 4273 2320 4360 hujus
2356 4275 2731 4342 concordini

502 4394 718 4454 textus
767 4383 1160 4470 compositus
1206 4387 1275 4449 et
1321 4381 1794 4453 determinatus
1843 4388 1989 4453 fuit.
2049 4389 2426 4473 Propositus
2456 4411 2493 4457 a
2526 4393 2734 4475 Napo-
