3146 4973
1216 413 1540 464 Appmmx
1588 418 1658 464 11.
2421 412 2553 476 679

314 513 744 594 provideatur‚·
777 513 888 575 has
922 513 1206 576 edictales
1256 516 1508 579 litteras
1552 519 1864 600 eaepediri‚
1904 527 1964 584 et
2009 523 2094 586 ad
2129 527 2342 588 valvas
2381 528 2562 590 eccle-

322 632 428 689 sioe
463 626 836 709 parochialis
881 633 1180 706 vacantis,
1222 635 1283 691 et
1311 630 1684 695 cathedralis
1726 633 1921 715 affiqi,
1959 642 2020 698 et
2051 639 2358 718 publicari
2377 644 2567 721 jussi-

320 761 451 804 mus
479 761 501 804 .·
535 760 789 823 quarum
824 747 977 805 serie
1008 762 1208 806 omnes
1239 752 1297 807 et
1326 748 1596 827 sinqulos
1630 750 1714 811 ad
1753 767 1960 813 curam
1986 755 2340 833 proedictam
2376 760 2466 818 sic
2492 762 2565 819 ut

316 877 503 940 supra
532 864 845 921 vacantem
876 876 1231 922 concurrere
1265 867 1595 942 cupientes,
1640 883 2046 944 convocamus,
2083 874 2465 951 requirimus,
2507 879 2567 935 et

315 992 640 1052 monemus,
682 980 753 1036 ut
787 979 855 1037 in
895 978 1150 1037 termim
1195 978 1393 1040 decem
1439 981 1700 1059 dierum,
1735 998 1776 1042 a
1815 982 1915 1043 die
1954 982 2268 1060 affixionis
2299 1004 2564 1067 proesen-

316 1093 467 1151 tium
521 1093 1081 1171 computandorum,
1118 1110 1319 1155 coram
1368 1096 1555 1158 Nobis
1597 1102 1666 1156 in
1709 1095 1820 1157 hac
1861 1101 2110 1159 civitate
2151 1108 2554 1181 compareant,

310 1205 458 1268 dent
512 1225 624 1268 sua
676 1212 950 1286 nomina,
996 1214 1053 1269 et
1102 1212 1474 1288 coynomina,
1516 1216 1577 1272 et
1628 1229 1752 1272 sese
1802 1212 1880 1273 ab
1923 1214 2317 1294 infrascripto
2357 1222 2564 1278 nostro

308 1324 669 1384 cancellario
724 1327 884 1385 inter
943 1332 1358 1387 concurrentes
1412 1328 1682 1389 adscribi
1737 1334 1798 1390 et
1856 1330 2142 1390 adnotari
2192 1338 2513 1410 procurent
2528 1354 2560 1409 ‚-

305 1456 471 1515 nam,
506 1440 671 1501 dicto
710 1444 963 1502 termino
1000 1442 1233 1522 elapso,
1269 1444 1513 1520 die....,
1545 1461 1863 1506 concursus
1900 1447 2325 1508 adnotatorum
2359 1464 2560 1509 coram

302 1557 495 1618 Nobis
542 1561 600 1616 et
650 1559 1177 1620 examinatoribus
1234 1560 1628 1639 synodalibus
1687 1559 2024 1638 habebitur,
2069 1567 2129 1623 et
2178 1564 2319 1640 Nos,
2359 1580 2439 1623 ex
2481 1564 2559 1625 ab

299 1671 530 1733 eisdem
557 1673 907 1752 approbatis
939 1678 999 1733 et
1024 1674 1281 1751 idoneis,
1314 1678 1513 1755 maqis
1545 1677 1847 1753 idoneum,
1868 1694 1981 1756 per
2004 1679 2129 1739 Nos
2156 1676 2426 1753 electum,
2441 1696 2560 1757 pro

297 1786 627 1849 collatione
671 1788 755 1849 ad
796 1789 1063 1851 eumdem
1114 1790 1401 1853 Abbatem
1448 1793 1529 1853 N.
1569 1797 1828 1872 tempore
1867 1792 2067 1853 debito
2105 1796 2431 1854 mittemus.
2464 1827 2554 1839 —

299 1905 567 1982 Datum,
607 1910 717 1967 etc.
761 1940 852 1951 —
893 1907 953 1967 N
961 1950 1005 1980 .‚
1046 1908 1374 1986 Episcopus
1419 1910 1501 1970 N.
1557 1905 1716 1991 (sive
1764 1911 2028 1969 vicarius
2075 1904 2426 1989 qeneralis.)
2463 1943 2552 1955 —

302 2022 386 2083 N.
399 2066 419 2097 ‚
461 2020 862 2081 cancellarius
924 2022 1300 2101 episcopalis.
1340 2056 1428 2067 —
1471 2021 1551 2085 Et
1597 2028 1880 2104 ponatur
1925 2020 2201 2104 sigillum
2240 2029 2550 2088 consueto

305 2133 484 2200 loco,

1372 2340 1479 2403 lx.

286 2601 629 2652 PORMULA
706 2601 925 2649 EDICTI
984 2602 1045 2648 m
1094 2600 1463 2676 vAcAnonE
1509 2601 1832 2650 ECCLESJAE
1876 2602 2058 2650 sums
2102 2601 2544 2651 PATROMTUS.

373 2867 439 2928 N
446 2910 497 2940 .,
536 2865 864 2943 Episcopus
917 2865 997 2925 Ν.
1046 2867 1345 2924 universis
1395 2868 1455 2924 et
1496 2865 1759 2943 sin-aulis
1821 2862 1928 2924 hoc
1970 2881 2232 2944 proesens
2277 2865 2534 2926 edictum

276 2983 664 3061 inspecturis
693 2985 752 3040 et
780 2979 1089 3041 audituris
1124 2984 1329 3040 notum
1357 2981 1636 3058 facimus,
1674 2979 1831 3059 quod
1864 2996 2055 3057 nuper
2082 2985 2332 3040 vacante
2361 2997 2538 3059 paro-

281 3095 492 3157 chiali
542 3095 789 3156 ecclesia
836 3096 918 3157 Ν.
978 3095 1096 3155 loci
1141 3095 1220 3157 N.
1270 3112 1380 3174 per
1432 3094 1659 3156 obitum
1708 3096 1784 3157 N.
1835 3095 2042 3156 ultimi
2093 3099 2152 3155 et
2197 3094 2537 3155 immediati

272 3213 547 3273 rectoris
596 3210 881 3292 ejusdem,
937 3213 1272 3289 comparuit
1315 3228 1513 3271 coram
1560 3209 1747 3272 Nobis
1789 3210 1868 3272 N.
1917 3209 2128 3286 laicus,
2165 3225 2435 3268 asserens
2472 3226 2533 3268 se

262 3334 638 3409 patronum,
690 3332 748 3387 et
789 3324 1005 3387 habere
1024 3328 1516 3406 ju-spatronatus‚
1577 3344 1678 3386 seu
1715 3342 1840 3386 esse
1878 3328 1946 3385 in
1969 3326 2145 3404 quasi
2167 3326 2532 3403 possessione

250 3446 446 3525 juris
498 3442 910 3520 proesentandi
946 3447 1231 3502 rectorem
1282 3441 1365 3500 ad
1417 3441 1646 3502 dictam
1692 3440 2022 3516 ecclesiam,
2083 3441 2310 3519 quoties
2353 3439 2530 3499 illam

264 3575 506 3620 vacare
534 3560 886 3636 continqat:
923 3562 982 3617 et
1013 3557 1146 3618 ideo
1169 3560 1559 3635 praesentavit
1576 3556 1760 3619 Nobis
1791 3557 1858 3616 in
1886 3560 2169 3616 rectorem
2198 3555 2278 3616 N.
2288 3600 2308 3631 ‚
2322 3561 2529 3633 petens

263 3693 416 3737 eum
449 3691 489 3734 a
525 3673 716 3736 Nobis
748 3676 1012 3734 institui.
1052 3674 1171 3735 Nos
1202 3672 1426 3733 dictam
1455 3675 2006 3750 praesentationem,
2048 3674 2134 3731 sic
2177 3687 2377 3731 coram
2413 3671 2539 3733 No·

263 3792 367 3853 bis
402 3790 639 3867 factam
674 3789 749 3849 de
776 3790 939 3850 dicto
965 3789 1046 3851 N.
1078 3790 1247 3866 infra
1302 3793 1529 3866 tempus
1557 3806 1596 3847 a
1625 3790 1771 3867 jure
1791 3789 2075 3867 patronis
2114 3785 2289 3847 laicis
2315 3785 2528 3847 datum

259 3908 357 3970 ad
376 3905 900 3987 praesentandum,
929 3905 1003 3965 de
1028 3904 1341 3984 proedictis
1372 3920 1575 3963 veram
1613 3905 1896 3963 notitiam
1935 3919 2054 3962 non
2091 3900 2392 3976 habentes,
2416 3902 2528 3962 ad-

262 4025 585 4095 misimus,
620 4024 697 4095 si,
729 4024 787 4080 et
809 4024 875 4081 in
895 4026 1209 4099 quantum.
1249 4021 1450 4096 Quare
1492 4024 1692 4079 tenore
1717 4021 2033 4097 praesentis
2059 4017 2242 4077 edicti
2272 4019 2528 4096 requiri-

262 4156 417 4200 mus
460 4141 518 4197 et
548 4153 848 4197 monemus
876 4153 1075 4197 omnes
1108 4139 1165 4195 et
1198 4133 1489 4212 sinqulos,
1525 4132 1777 4212 aliquod
1790 4135 1923 4211 jus,
1961 4137 2032 4193 ut
2063 4136 2520 4211 praesentantes,

264 4254 377 4317 vel
431 4257 501 4312 ut
534 4255 914 4333 praesentati,
939 4251 1379 4332 proetendentes
1423 4253 1490 4310 in
1523 4248 1859 4328 practicus,
1898 4247 1993 4309 vel
2038 4251 2246 4309 contra
2298 4248 2526 4309 dictam

256 4373 827 4452 praesentationem,
864 4375 921 4430 et
947 4386 1265 4448 personam
1300 4369 1744 4447 praesentantis,
1790 4383 1892 4426 seu
1921 4367 2300 4444 proesentati,
2339 4381 2523 4443 oppo-

262 4504 427 4551 nere
471 4488 751 4562 volentes,
816 4492 874 4546 el
922 4485 1353 4564 quomodolibet
1406 4501 1514 4544 sua
1566 4486 1850 4544 interesse
1890 4487 2198 4561 putantes,
2236 4485 2524 4558 quatenus
