3146 4973
1222 381 1382 430 PARS
1424 381 1651 428 rama.
2417 367 2543 431 200

326 524 455 569 non
485 523 608 588 per
636 505 976 570 saeculares
1006 503 1453 589 presbyteros.
1479 506 1641 569 Cum
1670 521 1904 586 nempe
1932 503 2222 586 religiosi
2249 505 2548 570 strictam

327 614 769 681 obedientiam
793 616 1225 699 profiteantur
1238 616 1509 700 praelato
1522 635 1664 693 suo,
1692 614 1896 681 debet
1922 616 1976 680 is
2005 633 2192 698 posse
2214 615 2548 683 subditum

327 750 517 795 suum
561 731 932 814 religiosum
969 750 1090 815 pro
1127 731 1397 798 arbitrio
1436 751 1474 795 a
1505 731 1824 815 parochiae
1862 732 2171 815 regimine
2215 749 2546 809 amovere,

329 866 406 912 ac
443 846 720 929 proinde
777 865 928 912 eum
972 846 1289 913 beneficio
1338 847 1491 913 huic
1522 848 1820 931 regimini
1874 845 2130 912 adnexo
2160 847 2440 930 privare.
2472 848 2555 912 Et

329 960 481 1027 ideo
511 963 631 1027 nisi
661 969 916 1028 constet
946 962 1371 1029 de‘coutrario
1394 964 1737 1055 privilegio
1770 963 2136 1047 apostolic0‚
2163 962 2558 1029 beneficium

331 1074 674 1161 quodlibet
699 1078 1000 1161 regulare
1030 1077 1327 1144 manuale
1358 1077 1758 1144 censendum
1787 1084 1911 1143 est.

423 1192 665 1259 Atvero
694 1195 1032 1259 saecularia
1063 1195 1260 1260 etiam
1292 1193 1609 1259 beneficia
1641 1201 1889 1271 curata,
1930 1213 2069 1260 esse
2112 1213 2270 1259 vere
2304 1214 2563 1261 manua-

335 1306 441 1387 lia,
469 1308 523 1373 si
547 1308 640 1374 ita
676 1316 940 1375 cautum
969 1310 1054 1374 sit
1081 1311 1148 1373 in
1190 1308 1596 1388 fundatione,
1616 1317 1729 1375 aut
1762 1330 1799 1374 a
1827 1308 1995 1375 Sede
2029 1310 2392 1393 Apostolica
2432 1310 2563 1375 dis-

340 1424 645 1508 positum,
669 1432 784 1488 aut
819 1443 940 1508 per
971 1426 1530 1509 praescriptionem
1553 1424 1921 1505 obtentum,
1956 1433 2057 1491 est
2080 1428 2435 1492 communis
2461 1446 2565 1492 ca-

338 1542 740 1606 nonistarum
808 1538 1124 1606 doctrina.
1177 1540 1256 1605 Id
1318 1548 1573 1606 tantum
1629 1541 2021 1625 particulare
2087 1548 2187 1607 est
2252 1540 2571 1626 ejusmodi

340 1655 671 1723 beneficiis
696 1657 958 1736 curatis,
991 1656 1251 1742 quando
1281 1657 1611 1725 saecularia
1639 1664 1812 1737 sunt,
1843 1658 2013 1723 utin
2037 1656 2261 1736 dubio,
2284 1655 2570 1723 debeant

339 1771 591 1858 dejure
610 1775 912 1857 praesumi
939 1783 1266 1858 perpetua
1293 1796 1307 1839 ε
1343 1794 1426 1840 ex
1449 1792 1526 1838 ea
1551 1792 1790 1859 nempe
1822 1774 2093 1850 ratione,
2119 1771 2297 1858 quod
2318 1772 2573 1838 soleant

337 1889 599 1957 fundari
628 1910 777 1957 cum
797 1911 874 1957 ea
898 1890 1293 1970 conditione,
1315 1899 1393 1956 ut
1419 1888 1850 1957 beneficiatus
1877 1896 2159 1974 nequeat
2187 1907 2268 1954 eo
2291 1888 2554 1972 privari,

335 2004 459 2067 nisi
492 2024 615 2088 per
647 2006 820 2071 viam
864 2006 1185 2090 regularis
1221 2003 1468 2089 judicii,
1511 2011 1580 2070 et
1612 2023 1697 2070 ex
1735 2004 1939 2069 causis
1976 2005 2044 2068 in
2086 2001 2236 2087 jure
2277 2005 2559 2068 statutis.

336 2119 491 2200 Quae
515 2118 802 2186 conditio
832 2120 1094 2206 quando
1119 2141 1251 2188 non
1297 2121 1707 2204 exprimitur,
1736 2118 1822 2186 de
1851 2118 1998 2203 jure
2031 2118 2564 2200 subintefflgitur.

427 2236 508 2299 Et
544 2234 723 2320 quod
750 2234 833 2301 de
863 2236 1040 2303 facto
1080 2237 1449 2301 exstiterint
1480 2244 1550 2301 et
1573 2233 1936 2303 hodiedum
1966 2241 2225 2299 exstent
2256 2230 2573 2317 ejusmodi

337 2348 654 2413 manualia
689 2347 1031 2427 beneficia,
1067 2349 1225 2414 licet
1262 2368 1483 2413 curam
1533 2348 1896 2412 animarum
1938 2345 2060 2411 sihi
2099 2343 2419 2412 adnexam
2460 2343 2573 2408 ha-

337 2460 579 2541 bentia,
615 2471 1036 2547 perspectum
1063 2463 1348 2543 habebit,
1376 2465 1486 2549 qui
1515 2462 1623 2528 vel
1645 2463 1860 2529 obiter
1884 2461 2290 2547 pervolverit
2320 2463 2572 2526 Thesau-

337 2600 471 2641 rum
499 2583 921 2644 resolutionum
953 2585 1154 2645 Sacroe
1182 2585 1676 2662 Conqreqationis
1706 2582 1986 2643 Concilii.

430 2694 617 2761 Unde
670 2715 907 2762 revera
950 2697 1354 2780 perpetuitas
1401 2696 1700 2780 parochis
1751 2714 2155 2781 nequaquam
2211 2698 2570 2762 necessario

334 2810 607 2877 inhaeret
650 2813 897 2878 ratione
941 2811 1243 2876 beneficii
1291 2833 1305 2874 z
1356 2810 1620 2876 aliunde
1667 2830 1789 2876 nec
1836 2811 2083 2876 ratione
2137 2809 2324 2877 officii
2360 2833 2373 2875 ε
2410 2830 2569 2894 ergo

335 2925 516 2992 nullo
538 2925 756 2993 modo.

426 3040 915 3106 Hallucinantur
963 3039 1238 3123 proinde
1283 3042 1396 3125 qui
1438 3042 1811 3107 existimant
1857 3043 2288 3127 parochorum
2336 3063 2570 3108 munus

339 3160 847 3244 perpetuitatem
882 3177 964 3223 ex
996 3159 1274 3223 essentia
1317 3178 1434 3223 sua
1462 3179 1684 3224 secum
1731 3160 2018 3227 trahere.
2070 3162 2568 3226 Hallucinantur

338 3278 585 3359 pariter
618 3276 729 3360 qui
756 3273 1072 3357 parochos
1101 3273 1433 3339 manuales
1467 3292 1585 3339 seu
1609 3273 1693 3339 ad
1727 3283 1965 3341 nutum
1997 3275 2395 3354 amovibiles‚
2426 3284 2569 3340 tan-

335 3410 532 3476 quam
562 3388 722 3475 quid
751 3409 789 3453 a
821 3389 968 3474 jure
1009 3390 1335 3454 communi
1371 3388 1722 3467 dissonum,
1749 3389 1859 3454 vel
1890 3391 2173 3475 antiquae
2208 3390 2564 3474 disciplinae

335 3509 725 3575 contrarium
765 3513 1096 3592 reputant.
1141 3505 1335 3588 Quod
1366 3509 1566 3591 magis
1602 3507 1854 3592 patebit
1883 3528 1965 3573 ex
1995 3510 2291 3592 sequenti
2320 3509 2556 3591 capite.

1244 3792 1508 3858 CAPUT
1551 3794 1663 3857 lv.

339 4064 420 4108 An
452 4062 852 4110 cmwroRUM
891 4061 1349 4110 AMOVJBILITAS
1379 4061 1749 4109 CONTRARIA
1786 4060 1887 4108 sl'r
1916 4060 2136 4108 SAclus
2173 4059 2554 4120 cmomnm,

1089 4178 1219 4226 AUT
1265 4178 1435 4225 Bono
1459 4176 1799 4224 ECCLESIAE.

431 4427 670 4494 Sedulo
719 4425 1176 4511 distinguenda
1224 4433 1323 4492 cst
1366 4426 1613 4512 duplex
1651 4435 2027 4494 curatorum
2059 4427 2556 4494 revocabilitas:

2286 4541 2356 4597 u
