3146 4973
1254 370 1414 419 mss
1459 370 1689 417 rama.
2461 355 2582 419 177

361 515 393 553 a
438 493 652 577 prium
703 493 1018 579 populum
1068 512 1265 579 quem
1306 502 1537 579 regant
1559 543 1576 571 ,
1629 492 1747 559 sed
1794 494 2161 576 promiscue
2212 494 2589 577 petentibus

363 633 395 671 «
442 618 848 675 sacramenta
873 609 1346 687 administrant,
1363 609 1634 676 mandat
1661 615 1882 675 sancta
1911 608 2204 694 synodus
2225 608 2577 694 EpiscopiS,

362 749 393 786 α
441 743 559 808 pro
594 727 821 791 tutiori
853 726 1210 792 animarum
1245 724 1733 791 commissarum
1762 725 1997 804 salute,
2033 732 2106 789 ut
2135 722 2438 790 distincto
2470 743 2586 808 po-

363 864 394 901 «
443 841 593 925 pulo
637 841 710 905 iu
741 850 955 908 certas
983 843 1411 927 propriasque
1435 840 1798 926 parochias,
1830 841 2180 926 unicuique
2218 859 2410 906 suum
2448 860 2590 925 per·

361 982 394 1019 a
441 965 713 1042 petuum
744 960 1273 1044 peculiaremque
1300 958 1658 1043 pax-ochum
1687 959 2036 1043 assignent,
2074 956 2188 1042 qui
2213 975 2323 1022 eas
2355 976 2591 1041 cogno-

363 1096 397 1135 «
435 1093 616 1141 scere
643 1075 881 1152 valeat,
919 1083 990 1140 et
1016 1095 1055 1141 a
1087 1094 1216 1159 quo
1242 1076 1383 1141 solo
1412 1074 1594 1140 licite
1629 1080 2035 1140 sacramenta
2063 1072 2443 1158 suscipiant3
2476 1083 2589 1141 aut

364 1215 396 1253 α
431 1190 554 1258 alio
587 1191 834 1257 utiliori
873 1190 1090 1267 modo,
1127 1197 1326 1274 prout
1353 1190 1481 1256 loci
1508 1188 1786 1273 qualitas
1822 1188 2139 1272 exegerit,
2172 1187 2581 1272 provideant.

365 1333 392 1367 α
433 1308 731 1393 Itemque
767 1308 835 1371 in
875 1306 952 1371 iis
982 1306 1353 1372 civitatibus
1385 1325 1461 1370 ac
1497 1304 1679 1382 locis,
1711 1304 1826 1371 ubi
1846 1304 2041 1370 nullae
2071 1312 2224 1370 sunt
2253 1305 2592 1389 parochia-

361 1447 393 1485 α
431 1424 549 1501 les,
590 1424 1071 1509 quamprimum
1104 1421 1251 1489 fieri
1284 1430 1542 1489 curent.
1578 1444 1610 1485 n
1660 1423 1756 1488 Ex
1788 1420 1910 1486 hoc
1967 1427 2179 1501 textu,
2224 1423 2346 1487 nisi
2373 1441 2591 1488 acces-

357 1541 590 1605 sissent
616 1540 1049 1606 Romanarum
1086 1540 1665 1623 congregationum
1710 1546 1780 1604 et
1825 1537 2170 1605 doctorum
2202 1540 2595 1622 interpreta-

359 1657 591 1733 tiones,
620 1655 730 1720 vix
761 1653 1116 1741 quidquam
1142 1653 1450 1721 concludi
1479 1661 1701 1738 posset
1729 1653 1814 1719 de
1843 1655 2123 1719 essentia
2152 1654 2584 1737 parochiatus,

360 1790 475 1836 seu
517 1768 605 1836 de
652 1767 1130 1837 conditionibus
1179 1769 1504 1855 requisitis
1521 1817 1538 1845 ,
1591 1774 1667 1832 ut
1706 1769 1850 1853 quis
1896 1788 2053 1834 vere
2104 1769 2189 1834 sit
2241 1769 2586 1853 parochus.

357 1887 518 1950 Nam
549 1884 813 1951 mandat
840 1883 1106 1970 quidem
1140 1892 1364 1949 sancta
1393 1882 1702 1968 synodus,
1741 1892 1818 1949 ut
1852 1883 2122 1949 cuilibet
2153 1885 2472 1967 parochioe
2494 1885 2594 1951 di-

357 2002 633 2066 stinctus
673 2001 1038 2083 assignetur
1087 2000 1398 2083 populus3
1452 1997 1571 2064 sed
1620 2018 1749 2063 non
1800 1997 1959 2064 dicit
1994 1998 2117 2064 hoc
2149 1999 2446 2066 absolute
2490 2020 2595 2066 re-

361 2115 530 2200 quiri
556 2122 631 2180 ut
660 2114 877 2198 aliqua
913 2113 1199 2179 Ecclesia
1233 2130 1392 2181 vere
1435 2112 1821 2196 parochialis
1870 2113 1955 2179 sit
1999 2136 2013 2178 ε
2055 2114 2185 2180 imo
2214 2115 2597 2196 parochiales

363 2235 553 2295 vocat
601 2248 713 2295 eas
755 2247 897 2314 quae
947 2237 1107 2295 tuuc
1154 2228 1469 2313 temporis
1509 2228 1760 2294 nullum
1816 2229 2218 2312 peculiarem
2275 2238 2344 2295 et
2374 2215 2596 2298 distin-

365 2353 544 2410 ctum
583 2346 898 2428 populum
946 2343 1294 2411 habehant.
1352 2346 1522 2410 Item
1570 2343 1837 2411 mandat
1887 2346 2237 2430 unicuique
2276 2346 2592 2429 parochiae

363 2459 608 2544 praefici
633 2467 988 2543 perpetuum
1020 2460 1550 2546 peculiaremque
1582 2460 1959 2545 parochum,
1999 2479 2152 2528 cum
2193 2481 2269 2529 ea
2306 2462 2477 2547 lege,
2524 2472 2603 2530 ut

362 2578 449 2642 ab
473 2579 598 2643 isto
621 2581 746 2642 solo
782 2576 1156 2662 parochiani
1179 2586 1583 2644 sacramenta
1617 2578 1794 2644 licite
1818 2579 2117 2663 recipere
2150 2580 2408 2646 valeant
2434 2601 2451 2644 τ
2477 2581 2594 2646 sed

364 2693 554 2759 simul
585 2694 915 2779 Episcopis
933 2694 1214 2760 liberum
1246 2692 1408 2759 facit
1434 2700 1511 2759 ut
1536 2694 1664 2759 alio
1700 2691 1895 2759 modo
1929 2713 2071 2760 rem
2101 2703 2516 2780 componant,
2547 2700 2601 2763 si

363 2809 588 2875 utilius
633 2809 785 2892 ipsis
828 2808 1171 2894 videatur5
1219 2815 1288 2875 et
1315 2810 1583 2892 insuper
1622 2828 1751 2874 non
1790 2809 2098 2892 exprimit
2131 2817 2599 2892 perpetuitatem

365 2922 667 3008 parochi,
721 2933 790 2989 et
829 2925 1370 3008 parochianorum
1419 2923 1505 2990 ad
1550 2943 1703 2990 eum
1743 2923 2131 2991 recurrendi
2177 2928 2599 3008 obliqationem

367 3040 666 3106 absolute
710 3041 992 3125 requiri,
1024 3048 1099 3106 ut
1147 3043 1290 3125 quis
1333 3060 1531 3106 verus
1567 3042 1651 3106 sit
1697 3039 2038 3122 parochus.
2083 3040 2273 3107 Unde
2313 3042 2400 3108 ad
2446 3044 2605 3110 diri-

367 3158 671 3226 mendam
716 3165 1106 3242 praesentem
1143 3158 1566 3243 quaestionem
1612 3164 1836 3223 textus
1872 3158 1978 3224 ille
2021 3157 2435 3224 Tridentinus
2477 3180 2601 3245 per

368 3294 439 3339 se
472 3275 680 3340 solum
718 3292 950 3358 parum
975 3270 1207 3357 juvare
1241 3269 1531 3336 videtur.
1567 3268 1753 3337 Idem
1785 3268 2137 3336 dicendum
2164 3270 2250 3336 de
2283 3274 2464 3339 initio
2495 3252 2601 3340 ca-

369 3391 521 3474 pitis
559 3394 617 3469 1,
657 3391 956 3457 sessionis
993 3393 1073 3456 23
1099 3439 1115 3469 ,
1155 3388 1268 3455 ubi
1311 3404 1543 3454 eorum
1587 3386 1989 3453 describitur
2033 3386 2308 3454 officium
2328 3437 2345 3468 ,
2388 3395 2602 3471 quibus

368 3514 711 3571 animarum
743 3527 888 3570 cura
911 3511 1222 3569 cornmissa
1248 3511 1370 3584 est‚·
1395 3504 1544 3588 quia
1576 3503 1670 3568 ibi
1694 3503 1912 3586 agitur
1938 3501 2023 3568 de
2047 3523 2205 3570 cura
2234 3505 2596 3572 animarum

373 3627 696 3706 Episcopis
725 3628 1004 3705 propria,
1041 3627 1115 3686 ut
1149 3620 1303 3686 satis
1338 3624 1686 3686 contextus
1716 3617 1987 3685 indicat.

462 3740 535 3802 In
594 3758 784 3804 causa
833 3742 1248 3819 Eqitaniensi,
1298 3738 1378 3801 27
1435 3733 1601 3819 junii
1656 3738 1825 3802 1789
1878 3734 2197 3821 (Thesauri
2246 3745 2429 3803 tomo
2477 3742 2593 3818 58,

371 3876 443 3944 p.
493 3853 668 3938 137),
702 3852 1068 3920 essentialia
1095 3849 1180 3917 ad
1203 3849 1648 3936 parochiatum
1676 3851 1989 3934 requisita
2011 3851 2103 3915 sic
2124 3864 2554 3920 recensentur
2583 3878 2599 3921 ε

381 3995 414 4033 «
455 3972 605 4036 Haec
633 3988 793 4036 vero
815 3969 1243 4054 requiruntur
1269 3974 1348 4032 nt
1378 3984 1575 4032 verus
1596 3966 1741 4050 quis
1762 3963 2019 4030 dicatur
2036 3966 2357 4048 parochus
2381 3990 2397 4032 ε
2427 3970 2605 4054 quod

382 4111 416 4146 α
454 4093 839 4169 potestatem
878 4102 1112 4167 nempe
1158 4082 1399 4148 haheat
1436 4080 1566 4146 fori
1593 4080 2059 4164 poenitentialis
2096 4103 2110 4146 :
2155 4081 2337 4167 quod
2360 4093 2605 4151 certam

381 4226 416 4266 α
452 4222 570 4269 suo
590 4202 850 4268 nomine
885 4199 1293 4267 administret
1313 4196 1681 4282 parochiam
1713 4218 1726 4262 ε
1769 4194 2078 4281 quodque
2115 4197 2200 4264 de
2225 4204 2607 4269 necessitate

383 4342 419 4382 ι
453 4319 793 4398 ministret,
846 4316 928 4383 ab
972 4333 1181 4400 eoque
1227 4313 1601 4398 parochiani
1648 4313 2015 4380 necessario
2041 4314 2365 4398 recipiant
2398 4335 2612 4384 sacra·

387 4457 423 4499 r«
456 4442 698 4504 menta.
750 4456 785 4497 »

2266 4543 2334 4599 12
