3146 4973
535 355 655 416 324
1217 367 1591 415 raAcrA‘rus
1638 369 1724 415 na
1772 368 2094 417 amoeno.

528 493 766 570 ritatiS,
817 491 885 557 vi
921 490 1108 575 cujus
1155 497 1373 573 potest
1418 492 1561 575 quis
1598 491 1720 557 hoc
1770 511 2042 559 munere
2090 493 2377 577 legitime
2424 492 2645 578 fungi3
2672 496 2746 559 ita

527 605 774 672 scilicet
818 611 892 669 ut
939 604 1109 671 facta
1156 605 1594 671 nominatione
1642 605 1800 673 nihil
1851 604 2031 672 aliud
2077 609 2472 693 requiratur.
2518 608 2601 675 Et
2644 607 2747 675 hoc

527 720 753 804 procul
802 719 1002 786 dubio
1031 739 1224 785 sensu
1262 720 1669 804 propositum
1708 741 1746 785 a
1787 740 1856 786 se
1884 723 2261 801 articulum,
2290 726 2371 786 ils
2397 730 2748 788 nommeront

524 841 564 897 ὰ
590 843 782 900 tontes
812 840 897 899 les
925 857 1114 916 cures,
1147 835 1557 919 intelligebat
1583 836 1913 920 Napole03
1947 835 2031 901 ad
2061 838 2265 903 instar
2299 857 2536 923 nempe
2566 838 2750 904 nomi·

524 954 803 1019 nationis
830 952 914 1018 ad
940 952 1117 1019 varia
1146 952 1448 1037 gnbernii
1476 970 1769 1019 munera.
1800 954 2010 1035 Quem
2042 974 2321 1032 sensum,
2355 973 2505 1020 cum
2537 954 2749 1040 procul

525 1069 725 1136 dubio
755 1070 1161 1135 intellexerit
1199 1068 1399 1135 Sedes
1434 1069 1820 1154 Apostolica,
1863 1069 2187 1135 censenda
2220 1071 2415 1137 etiam
2445 1078 2545 1137 est
2578 1071 2748 1155 juxta

523 1187 733 1269 ipsum
768 1184 1027 1269 locuta3
1079 1186 1169 1251 ita
1217 1186 1523 1251 nimirum
1571 1194 1648 1251 ut
1694 1205 1890 1253 voces
1931 1190 2015 1249 ad
2042 1193 2342 1270 paroecias
2370 1190 2750 1253 nominabunt

517 1300 623 1385 jus
671 1302 866 1367 etiam
918 1303 1251 1386 Episcopis
1295 1301 1592 1367 tribuant
1635 1302 1977 1386 parochias
2021 1306 2383 1385 conserendi.
2440 1302 2631 1386 Quod
2674 1302 2748 1369 de

521 1416 820 1482 omnibus
852 1416 1195 1500 parochiis,
1230 1417 1493 1501 proprie
1535 1415 1623 1504 (Ι)
1660 1417 2064 1497 vacantibuS‚
2095 1427 2164 1484 et
2205 1418 2452 1504 absque
2484 1419 2620 1484 ulla
2652 1439 2749 1485 ex·

520 1536 820 1620 ceptione
863 1542 978 1600 aut
1017 1536 1461 1600 reservatione
1506 1531 2002 1617 intelligendum
2047 1541 2168 1614 est,
2205 1553 2351 1599 cum
2402 1535 2748 1619 propositio

520 1650 601 1713 sit
638 1650 979 1734 generalis,

610 1763 794 1829 Idem
850 1764 1167 1830 suadetur
1216 1785 1300 1831 ex
1356 1763 1754 1832 concordato
1808 1766 1996 1831 Pium
2047 1767 2169 1831 VII
2216 1767 2389 1832 inter
2432 1773 2502 1832 et
2548 1768 2750 1849 Napo-

519 1878 769 1947 leonem
807 1881 991 1957 inito,
1035 1890 1317 1965 quatuor
1362 1889 1511 1964 post
1553 1882 1756 1959 anniS,
1801 1879 2021 1967 quoad
2070 1883 2542 1966 rempublicam
2581 1881 2751 1947 Itali·-

520 2015 684 2062 cam.
717 1994 816 2062 lbi
843 2016 1080 2081 nempe
1109 2000 1435 2080 expressis
1470 1998 1768 2064 terminis
1794 1997 2001 2063 Sedes
2026 1997 2395 2081 Apostolica
2426 1998 2750 2083 Episcopis

516 2114 748 2180 tribuit
781 2113 888 2197 jus
924 2115 1238 2198 paroecias
1266 2133 1490 2179 omnes
1519 2113 1905 2180 conferendi
1940 2136 1955 2179 ε
1992 2117 2300 2178 Sanctitas
2336 2120 2461 2180 Sua
2487 2114 2748 2178 concedit

520 2233 828 2312 Episcopis
849 2235 959 2313 jus
993 2233 1337 2310 conferendi
1364 2235 1684 2312 paraeciam
1719 2250 1850 2311 quoe
1881 2236 2089 2311 quovis
2118 2236 2268 2294 anni
2299 2238 2556 2313 tempore
2579 2236 2751 2293 erum

518 2353 839 2408 vacaturae.
897 2346 1106 2410 Porro
1152 2344 1497 2410 verisimile
1542 2365 1670 2410 non
1706 2353 1808 2411 est
1853 2345 1979 2409 alio
2024 2364 2218 2411 sensu
2263 2341 2751 2428 intelligendam

519 2479 658 2526 esse
682 2460 1028 2527 formulam
1051 2462 1135 2526 ad
1155 2466 1447 2541 paroecias
1469 2463 1884 2542 nominabunt,
1912 2462 1977 2528 in
1998 2460 2390 2528 concordato
2410 2461 2560 2527 anni
2586 2461 2737 2527 1801

518 2573 893 2642 adhibitam.

608 2692 690 2757 Et
716 2691 984 2758 tandem
1017 2698 1269 2757 certum
1297 2698 1397 2757 est
1428 2692 1552 2759 hoc
1581 2712 1773 2758 sensu
1813 2699 2190 2758 constanter
2220 2692 2302 2758 ab
2332 2692 2516 2758 initio
2546 2709 2754 2776 usque

519 2826 690 2873 nuno
721 2808 1130 2873 intellectum
1160 2813 1229 2872 et
1260 2806 1345 2872 ad
1373 2808 1627 2891 praxim
1661 2805 2022 2872 deductum
2055 2806 2251 2873 fuisse
2281 2808 2463 2873 illam
2493 2825 2756 2874 concor-

520 2923 654 2989 dati
689 2923 839 2988 anni
873 2925 1029 2990 1801
1072 2923 1451 3007 articulum;
1498 2924 1592 2988 ita
1632 2922 1876 2988 scilicet
1919 2930 1994 2987 ut
2029 2924 2331 3007 Episcopi
2370 2923 2592 2990 Galliae
2624 2939 2758 2987 non

521 3047 770 3106 tantum
818 3040 1297 3117 nominationis,
1355 3038 1469 3104 sed
1525 3045 1595 3105 et
1647 3038 2001 3105 collationis
2050 3037 2134 3103 ad
2183 3057 2407 3105 omnes
2450 3046 2760 3104 vacantes

520 3155 853 3241 parochias
899 3155 1165 3239 plenum
1204 3155 1339 3241 jus,
1395 3162 1463 3220 et
1503 3155 1679 3220 nulla
1722 3154 2166 3220 reservatione
2215 3152 2553 3219 Pontificia
2588 3153 2760 3218 limi-

520 3279 755 3350 tatum,
795 3271 915 3338 sibi
945 3270 1447 3351 vindicaverint,
1485 3273 1639 3356 quin
1673 3272 1802 3337 ulla
1836 3289 2117 3356 unquam
2152 3268 2234 3337 de
2261 3269 2385 3337 hoc
2413 3269 2762 3336 difficultas

522 3394 696 3454 mota
735 3386 960 3452 fuerit.

608 3504 770 3569 Hinc
821 3500 1239 3568 annuendum
1287 3521 1415 3569 non
1466 3509 1627 3585 puto
1677 3499 2011 3585 cujusdam
2063 3501 2359 3566 hodierni
2406 3503 2800 3567 canonistae.

522 3618 829 3702 opinioni,
866 3617 977 3702 qui
1010 3616 1167 3680 mihi
1207 3615 1496 3692 dicebat,
1528 3616 1621 3680 ita
1654 3615 1775 3681 sihi
1805 3614 2015 3681 videri
2051 3616 2394 3682 articulum
2427 3617 2762 3700 interpre-

519 3734 825 3813 tandum,
879 3738 954 3798 ut
996 3739 1328 3798 nominatio
1378 3732 1720 3799 dumtaxat
1766 3732 1854 3802 ad
1888 3734 2239 3819 Episcopos
2274 3732 2488 3819 quoad
2531 3751 2765 3800 omnes

524 3858 827 3916 vacantes
858 3849 1193 3933 parochias
1226 3852 1620 3935 pertineret3
1656 3853 1899 3915 collatio
1931 3856 2149 3915 autem
2168 3898 2184 3928 ‚
2222 3857 2298 3915 ut
2324 3858 2481 3934 pote
2513 3848 2598 3914 de
2627 3821 2764 3933 {lua

592 4079 662 4137 (1)
692 4076 746 4124 ln
775 4075 1140 4137 cathedralibus,
1169 4077 1248 4126 ubi
1278 4089 1391 4125 cura
1416 4075 1503 4125 fuit
1530 4075 1734 4138 capitulo
1763 4074 1959 4134 adnexa,
1990 4087 2074 4136 per
2098 4074 2276 4123 obitum
2300 4072 2461 4123 vicarii
2490 4074 2641 4122 curati
2669 4085 2762 4135 pn-

522 4169 683 4218 rocbia
707 4168 897 4231 proprie
921 4181 1010 4217 non
1036 4177 1196 4232 vacat;
1217 4169 1257 4218 si
1284 4168 1471 4231 quidem
1498 4167 1772 4229 principalis
1801 4173 1974 4226 rector,
1999 4179 2082 4215 seu
2111 4167 2346 4229 parochus
2372 4166 2431 4215 in
2453 4163 2661 4219 habitu.
2682 4171 2765 4212 est

521 4263 771 4321 ipsummet
797 4264 1067 4326 capitulum.
1091 4263 1223 4314 Unde
1250 4275 1455 4324 praesens
1475 4259 1744 4309 concordati
1766 4260 1990 4308 articulus
2012 4273 2104 4309 non
2132 4259 2394 4310 censendus
2416 4257 2570 4308 estad
2595 4257 2763 4308 nomi-

525 4349 756 4398 nationem
779 4358 935 4402 vicarii
964 4357 1112 4406 curati
1140 4353 1421 4405 cathedralis
1446 4349 1655 4414 extendi;
1676 4352 1756 4402 sed
1785 4354 1883 4402 haec
1909 4354 2164 4403 nominatio
2184 4361 2362 4417 spectat
2385 4350 2446 4402 ad
2473 4351 2761 4414 capitulum.

528 4439 585 4491 sd
610 4455 818 4493 normam
843 4443 966 4506 J‘nris
993 4447 1271 4500 communis,
1301 4455 1439 4502 quam
1466 4443 1577 4490 alibi
1608 4447 1925 4508 exposuimus.
