3146 4973
1166 359 1320 406 rans
1365 359 1625 404 maru.
2377 346 2509 409 319

280 489 562 566 beneficia
614 492 965 551 vocaverint
1014 487 1474 565 mumdum,
1521 504 1590 546 ea
1639 486 1906 563 wasme
1936 486 2204 563 calm,
2249 493 2513 549 tantum-

280 604 452 667 modo
478 622 591 684 per
618 608 873 684 seipsos;
904 603 1001 664 vel
1036 599 1208 686 (ipsis
1236 601 1550 681 mentibus
1587 605 1652 662 in
1674 595 1939 681 remotis)
1959 618 2072 680 per
2093 619 2232 663 suos
2256 605 2515 664 vicarios

279 720 607 799 qenes-ales,
645 724 711 780 in
756 736 959 781 eorm
993 719 1338 782 dioecesibus
1375 722 1722 795 emis-tentes,
1753 718 1965 797 quibus
2007 718 2075 779 id
2128 720 2403 779 canom’oe
2431 721 2514 778 sit

283 839 657 898 autumi-'amn
691 833 913 918 (caput
937 836 1223 897 Statuam
1259 836 1322 909 3,
1365 835 1440 895 de
1470 833 1842 910 Proebendis,
1877 832 1942 895 in
1971 827 2065 912 6).

1307 1111 1337 1181 5
1374 1106 1484 1169 lv.

302 1290 607 1385 findernam
647 1325 975 1385 parochiarum
1011 1324 1194 1372 minatio
1243 1324 1305 1372 sit
1346 1325 1555 1372 Romano
1584 1323 1792 1372 Pontifici
1829 1331 2062 1373 reservata
2108 1337 2192 1385 per
2227 1324 2518 1375 cancellari*

1296 1416 1499 1474 regulas.

380 1644 687 1709 Dicemus
746 1646 807 1706 1⁰
854 1642 1012 1728 quid
1067 1644 1195 1708 sint
1232 1642 1476 1727 regulae
1515 1643 1936 1721 cancellariae,
1973 1650 2040 1708 et
2082 1663 2163 1708 au
2205 1643 2312 1728 jus
2344 1662 2518 1710 com-

292 1777 485 1825 mune
528 1778 642 1823 seu
690 1759 1056 1825 universale
1099 1759 1528 1842 constituant3
1570 1761 1639 1822 2⁰
1686 1758 2095 1843 quandonam
2141 1764 2518 1824 reservetur

292 1872 551 1941 collatio
627 1873 1075 1957 parochiarum
1165 1892 1286 1957 per
1366 1875 1639 1956 primam
1714 1873 2109 1941 cancellariae
2189 1873 2515 1957 regulam;

292 1991 363 2054 3⁰
394 1986 801 2073 quandonam
837 2008 961 2073 per
1002 1989 1296 2073 regulam
1334 2007 1604 2066 nonam,
1640 2007 1783 2073 quae
1828 1988 2047 2053 vocari
2085 1987 2248 2052 solet
2290 1988 2517 2069 regula

291 2106 367 2169 do
391 2106 711 2170 ntea-cibus.

1384 2337 1429 2398 1.

503 2554 642 2618 Quid
670 2557 775 2606 sint
793 2559 982 2623 reaulae
1008 2559 1353 2620 cancellar-av,
1383 2566 1429 2609 οε
1456 2573 1530 2609 απ
1554 2559 1650 2622 ,ius
1670 2561 1960 2611 universale
1985 2560 2320 2610 constituam.

399 2807 429 2844 «
470 2783 629 2848 Sunt
675 2785 1166 2852 constitutiones
1206 2786 1503 2871 quaedam
1542 2786 1923 2871 pontificiae,
1977 2787 2222 2872 majore
2267 2805 2348 2851 ex
2389 2805 2530 2869 par-

208 2943 219 2952 .
308 2921 341 2958 «
376 2907 445 2964 te
490 2909 961 2966 concernentes
1004 2920 1227 2968 causas
1271 2911 1339 2968 et
1384 2906 1858 2970 reservationes
1902 2901 2395 2969 beneficiales...
2431 2902 2532 2965 Sic

312 3037 343 3072 α
378 3011 592 3092 dictae,
622 3014 733 3078 vel
760 3016 910 3099 quia
944 3015 1113 3082 bona
1150 3036 1377 3082 earum
1415 3037 1565 3101 pars
1611 3026 2016 3084 concernunt
2048 3016 2532 3101 expeditionem

312 3152 345 3189 ι(
382 3128 767 3206 litteratum,
801 3149 942 3216 quae
972 3132 1040 3197 in
1070 3133 1449 3198 cancellaria
1481 3132 1944 3216 expediuntur,
1981 3133 2087 3198 vel
2115 3133 2263 3218 quia
2295 3134 2363 3196 in
2384 3150 2533 3196 can-

313 3270 345 3306 «
388 3245 652 3310 cellaria
680 3245 1100 3329 publicantur
1134 3256 1204 3313 et
1238 3248 1512 3332 regestis
1548 3250 2025 3332 consignantur,
2074 3227 2274 3332 idque
2313 3253 2534 3312 aucto-

314 3385 348 3424 «
382 3363 576 3426 ritate
622 3362 839 3445 Papoe.
882 3363 1060 3430 Solet
1108 3364 1378 3448 quilibet
1413 3365 1721 3430 Pontifex
1755 3364 1936 3429 initio
1976 3363 2074 3428 sui
2110 3361 2536 3428 Pontificatus

316 3501 347 3537 «
387 3476 503 3542 has
549 3477 808 3561 regulas
846 3497 1163 3545 renovare
1222 3488 1291 3545 et
1322 3479 1739 3563 publicare...
1792 3479 2050 3543 Primus
2100 3478 2384 3545 omnium
2426 3494 2537 3542 eas

317 3617 350 3654 α
384 3591 663 3659 edidisse
700 3598 769 3658 et
796 3595 885 3659 sic
911 3594 1268 3677 appellasse
1307 3594 1549 3662 dicitur
1595 3597 1872 3660 Joannes
1899 3596 2096 3660 XXII.
2139 3595 2401 3658 Initium
2429 3612 2539 3658 eas

319 3734 351 3770 «
384 3709 683 3776 habuisse
713 3712 974 3777 circiter
992 3730 1161 3777 anno
1198 3714 1379 3788 1330,
1398 3715 1489 3779 ait
1517 3712 1872 3778 Cardinalis
1901 3711 1986 3777 de
2014 3712 2186 3776 Luca
2225 3711 2320 3797 (de
2359 3713 2538 3774 Bene-

319 3848 354 3885 «
390 3825 571 3904 ficiis,
608 3824 900 3892 discursu
930 3829 989 3904 l,
1019 3847 1085 3892 n.
1118 3825 1253 3910 23).

412 3965 443 4003 «
477 3941 739 4025 Regulae
778 3942 961 4008 hoe...
996 3961 1230 4008 revera
1258 3942 1367 4025 jus
1394 3942 1763 4006 universale
1790 3940 2131 4018 inducunt,
2161 3959 2277 4005 seu
2320 3939 2538 4024 legum

324 4081 355 4114 a
390 4057 792 4139 generalium
835 4058 1155 4124 rationem
1194 4055 1466 4134 habent,
1502 4057 1596 4120 ita
1635 4063 1709 4120 ut
1746 4062 1934 4121 extra
1982 4056 2227 4120 curiam
2273 4073 2394 4138 per
2434 4074 2538 4121 or-

325 4195 357 4231 «
396 4170 548 4236 bem
578 4177 789 4236 totum
825 4173 1108 4256 ligent.»
1158 4171 1568 4258 (Leurenius,
1603 4176 1821 4235 Forum
1854 4170 2215 4260 beneficiate,
2242 4176 2429 4253 parte
2461 4174 2535 4246 2,

318 4305 382 4373 q.
427 4290 557 4355 539
587 4294 657 4352 et
682 4285 863 4372 5⁴0.)
895 4287 976 4353 Id
1004 4287 1208 4352 fusius
1241 4287 1587 4371 probatum
1617 4286 1767 4353 vide
1801 4307 1838 4351 a
1871 4286 2186 4370 Rigantio‚
2215 4286 2280 4350 in
2308 4286 2543 4352 eximio

318 4404 526 4488 ipsius
558 4404 1019 4469 commentario
1054 4403 1118 4468 in
1156 4401 1552 4469 cancellariae
1581 4403 1859 4487 regulas,
