3146 4973
592 307 720 369 276
876 362 883 370 .
1267 319 1641 369 ‘mac-rarus
1685 322 1773 369 m:
1817 322 2147 369 ranocao.

681 450 928 525 Quinto,
968 465 1001 503 α
1026 440 1126 507 Ad
1153 449 1543 522 extremum,
1577 445 1630 510 si
1660 465 1872 531 neque
1904 444 1973 510 id
2001 444 2146 511 fieri
2173 444 2397 529 possit,
2429 452 2499 510 et
2529 451 2818 528 egestate

595 584 627 621 c<
662 579 884 627 omnes
916 558 1238 637 laborent,
1265 577 1474 625 novus
1520 561 1841 644 parochus
1884 561 2165 646 propriis
2202 560 2503 627 manibus
2542 581 2624 626 ex
2661 562 2818 625 arti-

592 701 625 737 «
661 676 808 742 ficio
838 677 1081 740 victum
1117 674 1240 739 sibi
1266 685 1513 760 quaerat
1552 678 1788 765 (capite
1838 681 2107 741 Clericus
2150 680 2174 742 1
2229 684 2297 742 et
2326 681 2389 756 2,
2437 680 2512 744 91
2569 676 2752 762 dist.)
2793 699 2808 743 t

591 818 623 855 a
660 800 730 858 et
756 794 846 859 sic
870 791 1135 857 dabitur
1173 811 1358 858 casus
1394 795 1463 858 in
1499 813 1629 880 quo
1658 794 2046 878 parochialis
2074 795 2345 860 ecclesia
2378 795 2668 859 construi
2699 812 2815 877 po-

588 932 621 970 «
657 911 814 975 terit
837 911 973 974 sine
995 907 1173 988 dote,
1199 927 1347 974 cum
1367 910 1619 975 scilicet
1647 919 1840 995 urget
1864 912 2231 991 necessitaS,
2251 921 2320 977 et
2345 911 2466 976 alia
2499 912 2664 976 ratio
2682 929 2810 977 non

582 1048 617 1087 α
648 1024 970 1108 suppetit3
1027 1022 1202 1108 quod
1260 1032 1412 1090 nota
1469 1026 1908 1109 singulariter,
1952 1025 2313 1092 secundum
2370 1026 2804 1106 Abbatem...,

580 1163 613 1201 α
647 1137 729 1203 ad
756 1138 1206 1204 limitationem
1239 1139 1466 1222 capitis
1515 1144 1701 1205 Nemo
1734 1139 1832 1227 (de
1860 1147 2230 1220 Consecrat„
2268 1141 2418 1208 dist.
2460 1140 2544 1225 1),
2597 1140 2805 1224 prohi-

577 1279 610 1317 «
642 1256 857 1321 bentis
890 1254 1231 1319 ecclesiam
1258 1253 1563 1320 aedificari
1619 1256 1755 1321 sine
1796 1258 2195 1341 competenti
2233 1255 2412 1322 dote.
2450 1257 2678 1345 ltaque
2706 1275 2805 1321 se-

578 1393 613 1432 «
643 1369 929 1435 cundum
977 1367 1272 1436 ordinem
1338 1370 1640 1451 superius
1683 1374 2087 1455 propositum
2131 1370 2625 1454 procedendum
2679 1372 2804 1436 erit

575 1509 609 1548 ι(
644 1486 726 1551 ab
768 1486 1086 1570 Episcopo
1136 1486 1204 1548 in
1271 1485 1704 1567 assignatione
1753 1485 2087 1552 redituum
2145 1506 2264 1571 pro
2331 1486 2800 1551 sustentatione

571 1624 604 1663 α
639 1600 912 1667 rectoris
971 1618 1155 1666 novae
1213 1599 1575 1684 parochiae3
1635 1609 1832 1683 prout
1890 1601 2294 1668 concludunt
2345 1603 2625 1667 Joannes
2675 1601 2801 1666 An·
2893 1595 2911 1614 ⁸

571 1743 603 1779 α
641 1717 915 1783 dreas...
964 1716 1400 1782 Hostiensis...
1463 1716 1905 1783 cardinalis..
1954 1717 2453 1785 AncharanuS...
2500 1718 2794 1784 Abbas...

568 1855 601 1894 α
653 1841 721 1897 et
749 1833 904 1897 alias
941 1831 1303 1898 declaravit
1338 1832 1527 1897 Sacra
1575 1832 2002 1916 Congregatio
2051 1833 2487 1899 cardinalium
2533 1833 2796 1899 Concilii

568 1972 603 2011 α
634 1947 991 2013 Tridentini
1034 1950 1493 2032 interpretum.
1546 1948 1810 2014 Censuit
1859 1950 2031 2014 enim
2082 1951 2150 2014 in
2210 1950 2501 2015 terminis
2545 1949 2800 2013 concilii

473 2056 478 2061 ’
568 2088 601 2124 c<
637 2065 1131 2148 assignationem
1152 2063 1515 2129 faciendam
1540 2084 1623 2128 ex
1642 2064 1961 2129 fructibus
1980 2063 2065 2129 ad
2092 2065 2429 2131 ecclesiam
2462 2065 2797 2128 matricem

570 2203 602 2240 α
644 2177 1162 2263 pertinentibus;
1206 2187 1274 2244 et
1313 2180 1366 2244 si
1394 2181 1438 2243 ii
1464 2199 1594 2244 non
1626 2178 1960 2258 sufficiant,
1991 2188 2148 2245 tunc
2187 2178 2451 2245 demum
2480 2180 2795 2264 populum

571 2318 602 2354 «
638 2292 1186 2378 compellendum3
1230 2294 1406 2380 quod
1455 2297 1507 2360 si
1554 2314 1676 2360 nec
1700 2296 1838 2379 ipse
1871 2296 1955 2361 ob
1994 2303 2454 2380 paupertatem
2498 2296 2796 2378 compelli

570 2434 603 2470 «
639 2410 858 2494 possit,
880 2410 1263 2495 Episcopum
1290 2409 1372 2475 de
1399 2430 1515 2476 suo
1541 2410 1701 2477 dare
1741 2411 2058 2477 debere.»
2091 2413 2468 2499 (Fagnanus,
2494 2412 2560 2475 in
2598 2418 2796 2496 caput

564 2530 660 2591 Ad
685 2530 1081 2606 audientiam,
1110 2529 1185 2591 de
1210 2530 1491 2591 Ecclesiis
1523 2531 1722 2608 aedifi,
1760 2548 1828 2594 n.
1865 2531 1905 2593 6
1939 2537 2009 2594 et
2034 2527 2216 2618 seq.)

658 2648 965 2724 Quoeritur
996 2645 1086 2721 2⁰,
1136 2650 1374 2727 quanta
1410 2641 1652 2709 debeat
1707 2638 1848 2709 esse
1887 2643 2007 2709 dos
2053 2663 2236 2710 novae
2278 2644 2596 2729 parochiae
2644 2645 2794 2710 assi-

565 2756 874 2842 gnanda?
905 2794 994 2804 —
1029 2782 1060 2818 «
1098 2756 1474 2840 Respondet
1512 2759 1581 2823 in
1622 2777 1862 2842 genere
1903 2759 2074 2826 Azor
2123 2761 2209 2847 (p.
2251 2762 2314 2839 2,
2362 2761 2408 2825 l.
2459 2764 2523 2838 3,
2572 2780 2630 2825 c.
2687 2760 2789 2843 12)

571 2869 604 2935 ά
641 2871 860 2938 dotem
893 2872 1273 2955 parochialis
1315 2872 1614 2937 ecclesiae
1681 2872 1924 2939 debere
1964 2894 2105 2941 esse
2161 2884 2430 2953 tantam,
2481 2880 2556 2939 ut
2598 2895 2679 2940 ex
2714 2895 2790 2940 ea

569 3013 602 3048 α
638 3006 803 3052 unus
838 2987 1186 3072 presbyter
1229 3007 1375 3052 cum
1427 2989 1639 3054 altero
1689 2989 1929 3054 clerico
1965 2989 2266 3054 ministro
2312 2988 2652 3055 commode
2689 3008 2790 3055 su-

571 3128 604 3166 «
642 3105 913 3170 stentari
939 3105 1160 3187 possit,
1185 3112 1254 3170 et
1279 3103 1543 3187 quando
1573 3124 1738 3188 opus
1765 3106 1878 3182 sit,
1910 3107 2007 3170 uti
2036 3105 2557 3188 hospitalitate.»
2597 3106 2787 3191 (Leu-

566 3221 804 3300 reniuS,
836 3223 1057 3284 Forum
1079 3220 1441 3298 beneficiale,
1468 3226 1657 3303 parte
1708 3224 1764 3296 1,
1795 3238 1858 3305 q.
1914 3225 2066 3299 159,
2096 3240 2163 3286 n.
2197 3219 2291 3304 2.)

657 3340 841 3401 Nota.
867 3372 956 3383 —
984 3333 1356 3400 Oblationes
1394 3335 1927 3417 parochianorum
1968 3354 2150 3402 novae
2189 3335 2506 3419 parochiae
2545 3333 2788 3400 adseri-

566 3459 826 3535 ptorum
875 3449 959 3514 de
1004 3447 1154 3533 jure
1207 3448 1291 3513 ad
1340 3468 1570 3514 novam
1620 3449 2010 3534 parochiam,
2049 3458 2354 3537 tanquam
2396 3470 2545 3535 pars
2589 3452 2790 3534 ipsius

565 3566 756 3642 dotis,
789 3571 1149 3627 transeunt.
1184 3562 1424 3628 Atvero
1460 3561 1727 3629 decimae
1759 3565 2222 3648 provenientes
2258 3584 2340 3630 ex
2379 3585 2456 3630 ea
2486 3565 2783 3649 portione

564 3678 876 3744 territorii
913 3696 1054 3761 quae
1092 3695 1274 3742 novae
1313 3677 1633 3760 parochiae
1670 3677 1928 3744 addicta
1969 3679 2116 3757 fuit,
2151 3698 2279 3746 non
2329 3686 2669 3746 transeunt
2710 3685 2786 3744 de

550 3799 695 3876 jure
724 3790 810 3857 ad
845 3811 1078 3857 novam
1101 3791 1494 3874 parochiam,
1519 3791 1637 3859 sed
1665 3801 1946 3878 pergunt
1973 3795 2305 3877 pertinere
2335 3793 2418 3860 ad
2447 3795 2781 3861 ecclesiam

564 3909 932 3991 matricem3
979 3907 1099 3972 nisi
1144 3915 1362 3973 tamen
1407 3927 1488 3973 ex
1532 3907 1803 3975 decreto
1850 3909 2197 3994 episcopali
2241 3928 2424 3976 novae
2462 3910 2780 3994 parochiae

560 4030 865 4109 tanquam
902 4020 1023 4087 dos
1057 4041 1364 4105 expresse
1398 4023 1729 4106 assignatae
1762 4023 2027 4089 fuerint.
2070 4025 2229 4090 Nam
2265 4032 2483 4107 potest
2519 4025 2783 4107 Episco-

560 4156 702 4221 pus,
729 4145 798 4203 et
828 4157 909 4202 ex
938 4137 1078 4202 istis
1108 4135 1379 4202 decimis
1406 4157 1590 4203 novae
1628 4138 1946 4221 parochiae
1970 4132 2199 4206 'dotem
2228 4141 2647 4205 constituere.
2681 4141 2779 4204 De

558 4271 689 4338 quo
720 4252 867 4318 vide
907 4252 1322 4325 Leurenium,
1355 4252 1494 4316 loco
1532 4254 1750 4331 citato,
1789 4257 2140 4338 quaestione
2180 4260 2328 4335 157,
2365 4276 2429 4320 n.
2469 4260 2533 4322 8.

646 4368 1063 4446 REQmsl'ruu
1103 4366 1247 4431 vll.
1293 4403 1384 4417 -—-
1417 4371 1491 4431 In
1520 4371 1788 4433 dotanda
1830 4388 1984 4434 nova
2026 4373 2314 4458 parochia
2355 4391 2435 4436 ex
2478 4373 2775 4436 reditibus
