3146 4973
1184 363 1342 416 uns
1387 363 1647 412 TERTIA,
2402 349 2531 416 388

283 488 521 552 curius
561 489 872 574 reliquam
909 491 1104 556 vitam
1145 497 1435 567 acturuS‚
1476 491 1614 555 sive
1642 490 2011 573 parochiam
2046 490 2358 568 obtineat,
2394 494 2533 558 sive

280 605 682 685 repellatur,
717 605 893 690 quod
922 626 1043 671 nec
1075 604 1161 672 de
1194 606 1427 671 relicto
1465 607 1676 672 sterili
1695 608 1946 674 talento
1977 625 2116 682 suo,
2145 626 2267 671 nec
2300 607 2384 674 de
2415 610 2537 673 im-

278 719 510 799 posito
566 720 684 785 sibi
732 728 979 788 temere
1022 722 1223 787 nimio
1269 741 1503 798 onere,
1532 721 1665 807 jam
1702 722 1900 794 habet
1946 722 2535 806 pertimescendam

278 852 513 898 coram
556 833 774 900 divino
805 836 1112 902 tribunali
1138 857 1501 903 censuram.
1542 840 1675 903 Nec
1707 861 1743 903 a
1776 838 2230 904 concurrendo
2262 839 2535 904 abstine-

279 947 453 1013 bunt
490 949 715 1017 idonei
747 960 817 1016 et
863 971 1019 1018 vere
1060 952 1331 1018 humiles
1373 954 1597 1018 clerici
1632 953 1904 1037 (coeteris
1944 973 2025 1019 ex
2056 953 2404 1019 ambitione
2437 973 2538 1019 ac·
2643 947 2674 1026 ‚⁸

274 1062 731 1148 cedentibus),
760 1067 815 1130 ai
843 1075 1022 1133 recte
1049 1069 1115 1131 in
1145 1069 1505 1146 seminariis
1524 1082 1724 1133 ‘suum
1753 1067 1970 1152 quoad
2005 1069 2128 1134 hoc
2158 1067 2430 1133 officium
2458 1088 2534 1134 ac

275 1175 595 1242 debitum
643 1178 864 1246 edocti
909 1181 1177 1247 fuerint.
1220 1181 1413 1263 Quod
1450 1190 1671 1248 autem
1709 1202 1794 1248 ex
1830 1202 2033 1266 pravo
2079 1182 2533 1264 temporalium

277 1295 789 1361 commodorum
834 1295 959 1362 line
989 1298 1131 1383 quis
1168 1297 1254 1362 ad
1297 1297 1823 1364 concurrendum
1870 1297 2270 1380 impellatur,
2309 1296 2374 1361 id
2416 1315 2535 1379 per

277 1409 598 1475 accidens
625 1413 960 1495 contingit,
1001 1431 1131 1478 non
1169 1421 1389 1479 autem
1426 1432 1509 1478 ex
1532 1414 1671 1495 ipsa
1703 1410 1892 1478 dictoe
1923 1410 2276 1494 disciplinoe
2303 1417 2534 1476 natura

277 1528 662 1596 necessario
709 1529 1152 1612 consequitur.
1216 1530 1743 1600 Examinatorum
1799 1525 2214 1614 synodalium
2258 1524 2531 1596 officium

278 1650 383 1707 est
418 1641 536 1728 (de
578 1662 709 1727 quo
732 1644 929 1713 etiam
965 1645 1217 1714 sincere
1247 1643 1575 1729 explendo
1595 1641 1951 1728 juramenti
1969 1642 2229 1707 vinculo
2260 1642 2536 1707 obstrin-

278 1757 563 1842 guntur)
623 1767 698 1830 ut
750 1778 910 1848 quos
956 1761 1258 1828 noverint
1304 1761 1503 1832 hacce
1552 1758 1921 1828 ambitionis
1970 1757 2154 1840 lepra
2208 1756 2537 1830 morbidos

279 1891 524 1944 severe
568 1875 915 1957 repellant.
969 1875 1102 1953 Ast,
1145 1876 1378 1960 inquis,
1419 1874 1836 1941 ambitionem
1886 1891 2067 1937 suam
2095 1871 2294 1938 hocce
2331 1891 2536 1958 genus

281 1986 631 2062 hominum
663 1991 923 2056 celabit.
961 1991 1040 2060 Et
1072 1988 1411 2074 numquid,
1447 1990 1704 2060 seclusa
1725 1988 1920 2054 etiam
1958 2005 2314 2058 concursus
2343 1984 2535 2058 disci-

282 2103 488 2182 plina,
536 2104 858 2188 ejusmodi
887 2106 1108 2171 clerici
1138 2103 1569 2170 conferendas
1613 2103 1734 2169 sibi
1764 2103 1844 2168 ab
1875 2103 2189 2186 Episcopo
2226 2101 2535 2183 paroecias

284 2220 465 2284 omni
512 2226 663 2286 arte
715 2241 843 2289 non
889 2222 1261 2296 molientur,
1315 2226 1386 2284 et
1436 2220 1693 2284 facilius
1742 2219 1936 2283 etiam
1962 2219 2281 2282 intentum
2312 2234 2533 2281 conse-

284 2343 585 2416 quentur
606 2339 641 2401 ’ἲ
676 2338 765 2402 Ea
793 2347 895 2404 est
919 2338 1199 2404 humana
1218 2336 1526 2415 conditio,
1565 2343 1643 2400 ut
1671 2335 1987 2418 optimum
2018 2334 2324 2417 quodque
2351 2331 2533 2396 insti-

286 2452 507 2515 tutum
541 2451 857 2519 abusibus
886 2454 1291 2539 aliquatenus
1327 2451 1676 2519 obnoxium
1720 2455 2077 2516 remaneat.
