<?xml version="1.0" encoding="UTF-8"?>
<!DOCTYPE html PUBLIC "-//W3C//DTD XHTML 1.0 Transitional//EN"
    "http://www.w3.org/TR/xhtml1/DTD/xhtml1-transitional.dtd">
<html xmlns="http://www.w3.org/1999/xhtml" xml:lang="en" lang="en">
 <head>
  <title>
</title>
<meta http-equiv="Content-Type" content="text/html;charset=utf-8" />
  <meta name='ocr-system' content='tesseract 3.04.00' />
  <meta name='ocr-capabilities' content='ocr_page ocr_carea ocr_par ocr_line ocrx_word'/>
</head>
<body>
  <div class='ocr_page' id='page_1' title='image "./tractatusdeparo00bouigoog_0502.png"; bbox 0 0 3146 4973; ppageno 0'>
   <div class='ocr_carea' id='block_1_1' title="bbox 633 368 2195 432">
    <p class='ocr_par' dir='ltr' id='par_1_1' title="bbox 633 368 2195 432">
     <span class='ocr_line' id='line_1_1' title="bbox 633 368 2195 432; baseline -0.002 -2"><span class='ocrx_word' id='word_1_1' title='bbox 633 368 754 432; x_wconf 70' lang='lat'><strong>47⁴</strong></span> <span class='ocrx_word' id='word_1_2' title='bbox 1312 383 1688 431; x_wconf 74' lang='lat' dir='ltr'><strong>&#39;rRAcTATus</strong></span> <span class='ocrx_word' id='word_1_3' title='bbox 1740 384 1825 429; x_wconf 75' lang='lat' dir='ltr'><strong>nu</strong></span> <span class='ocrx_word' id='word_1_4' title='bbox 1870 383 2195 430; x_wconf 64' lang='lat' dir='ltr'><strong>ranocno.</strong></span> 
     </span>
    </p>
   </div>
   <div class='ocr_carea' id='block_1_2' title="bbox 630 507 2866 4513">
    <p class='ocr_par' dir='ltr' id='par_1_2' title="bbox 632 507 2846 708">
     <span class='ocr_line' id='line_1_2' title="bbox 634 507 2846 586; baseline 0 -13"><span class='ocrx_word' id='word_1_5' title='bbox 634 509 717 573; x_wconf 91' lang='lat' dir='ltr'><strong>ad</strong></span> <span class='ocrx_word' id='word_1_6' title='bbox 747 509 1078 575; x_wconf 80' lang='lat' dir='ltr'><strong>faciendas</strong></span> <span class='ocrx_word' id='word_1_7' title='bbox 1107 509 1653 584; x_wconf 76' lang='lat' dir='ltr'><strong>denuntiationes,</strong></span> <span class='ocrx_word' id='word_1_8' title='bbox 1688 514 1830 572; x_wconf 88' lang='lat' dir='ltr'><strong>tum</strong></span> <span class='ocrx_word' id='word_1_9' title='bbox 1861 507 1943 572; x_wconf 81' lang='lat' dir='ltr'><strong>ad</strong></span> <span class='ocrx_word' id='word_1_10' title='bbox 1964 508 2396 575; x_wconf 86' lang='lat' dir='ltr'><strong>assistendum</strong></span> <span class='ocrx_word' id='word_1_11' title='bbox 2428 510 2846 586; x_wconf 79' lang='lat' dir='ltr'><strong>matrimonio,</strong></span> 
     </span>
     <span class='ocr_line' id='line_1_3' title="bbox 632 622 2370 708; baseline -0.001 -18"><span class='ocrx_word' id='word_1_12' title='bbox 632 633 772 690; x_wconf 89' lang='lat' dir='ltr'><strong>tum</strong></span> <span class='ocrx_word' id='word_1_13' title='bbox 805 627 890 691; x_wconf 87' lang='lat' dir='ltr'><strong>ad</strong></span> <span class='ocrx_word' id='word_1_14' title='bbox 917 623 1410 708; x_wconf 74' lang='lat' dir='ltr'><strong>impertiendam</strong></span> <span class='ocrx_word' id='word_1_15' title='bbox 1439 624 1796 706; x_wconf 72' lang='lat' dir='ltr'><strong>nuptialem</strong></span> <span class='ocrx_word' id='word_1_16' title='bbox 1824 622 2370 690; x_wconf 80' lang='lat' dir='ltr'><strong>benedictionem.</strong></span> 
     </span>
    </p>

    <p class='ocr_par' dir='ltr' id='par_1_3' title="bbox 631 733 2865 2086">
     <span class='ocr_line' id='line_1_4' title="bbox 721 733 2857 823; baseline 0 -19"><span class='ocrx_word' id='word_1_17' title='bbox 721 743 829 806; x_wconf 86' lang='lat' dir='ltr'><strong>lV.</strong></span> <span class='ocrx_word' id='word_1_18' title='bbox 875 742 1007 806; x_wconf 90' lang='lat' dir='ltr'><strong>Per</strong></span> <span class='ocrx_word' id='word_1_19' title='bbox 1036 738 1423 823; x_wconf 83' lang='lat' dir='ltr'><strong>praedictum</strong></span> <span class='ocrx_word' id='word_1_20' title='bbox 1455 738 1562 821; x_wconf 88' lang='lat' dir='ltr'><strong>jus</strong></span> <span class='ocrx_word' id='word_1_21' title='bbox 1593 738 1879 820; x_wconf 87' lang='lat' dir='ltr'><strong>parochi,</strong></span> <span class='ocrx_word' id='word_1_22' title='bbox 1912 756 2325 823; x_wconf 79' lang='lat' dir='ltr'><strong>nequaquam</strong></span> <span class='ocrx_word' id='word_1_23' title='bbox 2360 733 2731 806; x_wconf 57' lang='lat' dir='ltr'><strong>escluditnr</strong></span> <span class='ocrx_word' id='word_1_24' title='bbox 2756 739 2857 823; x_wconf 83' lang='lat' dir='ltr'><strong>jus</strong></span> 
     </span>
     <span class='ocr_line' id='line_1_5' title="bbox 633 853 2859 939; baseline 0.001 -21"><span class='ocrx_word' id='word_1_25' title='bbox 633 857 929 939; x_wconf 80' lang='lat' dir='ltr'><strong>Episcopi</strong></span> <span class='ocrx_word' id='word_1_26' title='bbox 963 875 1083 939; x_wconf 90' lang='lat' dir='ltr'><strong>per</strong></span> <span class='ocrx_word' id='word_1_27' title='bbox 1118 856 1423 938; x_wconf 84' lang='lat' dir='ltr'><strong>seipsum,</strong></span> <span class='ocrx_word' id='word_1_28' title='bbox 1460 855 1513 917; x_wconf 90' lang='lat' dir='ltr'><strong>si</strong></span> <span class='ocrx_word' id='word_1_29' title='bbox 1552 854 1733 929; x_wconf 82' lang='lat' dir='ltr'><strong>velit,</strong></span> <span class='ocrx_word' id='word_1_30' title='bbox 1772 853 1878 917; x_wconf 84' lang='lat' dir='ltr'><strong>vel</strong></span> <span class='ocrx_word' id='word_1_31' title='bbox 1910 872 2030 936; x_wconf 89' lang='lat' dir='ltr'><strong>per</strong></span> <span class='ocrx_word' id='word_1_32' title='bbox 2061 854 2257 919; x_wconf 85' lang='lat' dir='ltr'><strong>alium</strong></span> <span class='ocrx_word' id='word_1_33' title='bbox 2297 876 2336 918; x_wconf 91' lang='lat' dir='ltr'><strong>a</strong></span> <span class='ocrx_word' id='word_1_34' title='bbox 2378 874 2448 920; x_wconf 87' lang='lat' dir='ltr'><strong>se</strong></span> <span class='ocrx_word' id='word_1_35' title='bbox 2478 854 2859 938; x_wconf 72' lang='lat' dir='ltr'><strong>deputatum</strong></span> 
     </span>
     <span class='ocr_line' id='line_1_6' title="bbox 631 967 2859 1051; baseline 0.001 -19"><span class='ocrx_word' id='word_1_36' title='bbox 631 969 1038 1036; x_wconf 76' lang='lat' dir='ltr'><strong>sacerdotem</strong></span> <span class='ocrx_word' id='word_1_37' title='bbox 1056 1018 1071 1045; x_wconf 94' lang='lat'><strong>,</strong></span> <span class='ocrx_word' id='word_1_38' title='bbox 1122 967 1404 1035; x_wconf 85' lang='lat' dir='ltr'><strong>faciendi</strong></span> <span class='ocrx_word' id='word_1_39' title='bbox 1444 967 1971 1033; x_wconf 73' lang='lat' dir='ltr'><strong>denuntiationes</strong></span> <span class='ocrx_word' id='word_1_40' title='bbox 1994 1016 2009 1044; x_wconf 93' lang='lat'><strong>,</strong></span> <span class='ocrx_word' id='word_1_41' title='bbox 2064 969 2420 1051; x_wconf 81' lang='lat' dir='ltr'><strong>nuptialem</strong></span> <span class='ocrx_word' id='word_1_42' title='bbox 2465 968 2859 1035; x_wconf 87' lang='lat' dir='ltr'><strong>benedictio-</strong></span> 
     </span>
     <span class='ocr_line' id='line_1_7' title="bbox 633 1081 2859 1166; baseline 0.001 -19"><span class='ocrx_word' id='word_1_43' title='bbox 633 1103 781 1148; x_wconf 82' lang='lat' dir='ltr'><strong>nem</strong></span> <span class='ocrx_word' id='word_1_44' title='bbox 819 1082 1261 1166; x_wconf 84' lang='lat' dir='ltr'><strong>impertiendi,</strong></span> <span class='ocrx_word' id='word_1_45' title='bbox 1298 1090 1369 1148; x_wconf 91' lang='lat' dir='ltr'><strong>et</strong></span> <span class='ocrx_word' id='word_1_46' title='bbox 1400 1082 1821 1146; x_wconf 80' lang='lat' dir='ltr'><strong>matrimoniis</strong></span> <span class='ocrx_word' id='word_1_47' title='bbox 1860 1081 2293 1147; x_wconf 75' lang='lat' dir='ltr'><strong>assistentiam</strong></span> <span class='ocrx_word' id='word_1_48' title='bbox 2330 1082 2714 1165; x_wconf 80' lang='lat' dir='ltr'><strong>praestandi3</strong></span> <span class='ocrx_word' id='word_1_49' title='bbox 2747 1084 2859 1149; x_wconf 84' lang='lat' dir='ltr'><strong>sed</strong></span> 
     </span>
     <span class='ocr_line' id='line_1_8' title="bbox 631 1194 2863 1282; baseline -0 -19"><span class='ocrx_word' id='word_1_50' title='bbox 631 1219 667 1263; x_wconf 91' lang='lat' dir='ltr'><strong>a</strong></span> <span class='ocrx_word' id='word_1_51' title='bbox 702 1200 954 1264; x_wconf 88' lang='lat' dir='ltr'><strong>fortiori</strong></span> <span class='ocrx_word' id='word_1_52' title='bbox 988 1198 1094 1282; x_wconf 88' lang='lat' dir='ltr'><strong>jus</strong></span> <span class='ocrx_word' id='word_1_53' title='bbox 1134 1198 1300 1264; x_wconf 89' lang='lat' dir='ltr'><strong>illud</strong></span> <span class='ocrx_word' id='word_1_54' title='bbox 1341 1197 1427 1264; x_wconf 85' lang='lat' dir='ltr'><strong>ad</strong></span> <span class='ocrx_word' id='word_1_55' title='bbox 1459 1196 1877 1264; x_wconf 77' lang='lat' dir='ltr'><strong>ordinarium</strong></span> <span class='ocrx_word' id='word_1_56' title='bbox 1916 1194 2212 1262; x_wconf 82' lang='lat' dir='ltr'><strong>dioecesis</strong></span> <span class='ocrx_word' id='word_1_57' title='bbox 2251 1199 2561 1279; x_wconf 85' lang='lat' dir='ltr'><strong>pertinet,</strong></span> <span class='ocrx_word' id='word_1_58' title='bbox 2610 1217 2757 1263; x_wconf 89' lang='lat' dir='ltr'><strong>cum</strong></span> <span class='ocrx_word' id='word_1_59' title='bbox 2784 1200 2863 1263; x_wconf 88' lang='lat' dir='ltr'><strong>sit</strong></span> 
     </span>
     <span class='ocr_line' id='line_1_9' title="bbox 634 1311 2861 1398; baseline 0 -20"><span class='ocrx_word' id='word_1_60' title='bbox 634 1315 950 1398; x_wconf 79' lang='lat' dir='ltr'><strong>parochus</strong></span> <span class='ocrx_word' id='word_1_61' title='bbox 984 1315 1415 1397; x_wconf 86' lang='lat' dir='ltr'><strong>parochorum</strong></span> <span class='ocrx_word' id='word_1_62' title='bbox 1466 1323 1534 1378; x_wconf 90' lang='lat' dir='ltr'><strong>et</strong></span> <span class='ocrx_word' id='word_1_63' title='bbox 1576 1332 1801 1398; x_wconf 79' lang='lat' dir='ltr'><strong>curam</strong></span> <span class='ocrx_word' id='word_1_64' title='bbox 1834 1314 2040 1377; x_wconf 87' lang='lat' dir='ltr'><strong>totius</strong></span> <span class='ocrx_word' id='word_1_65' title='bbox 2084 1311 2382 1379; x_wconf 78' lang='lat' dir='ltr'><strong>dioecesis</strong></span> <span class='ocrx_word' id='word_1_66' title='bbox 2430 1313 2690 1380; x_wconf 88' lang='lat' dir='ltr'><strong>habeat.</strong></span> <span class='ocrx_word' id='word_1_67' title='bbox 2731 1317 2861 1380; x_wconf 87' lang='lat' dir='ltr'><strong>lmo</strong></span> 
     </span>
     <span class='ocr_line' id='line_1_10' title="bbox 634 1427 2860 1511; baseline 0.001 -20"><span class='ocrx_word' id='word_1_68' title='bbox 634 1449 753 1493; x_wconf 90' lang='lat' dir='ltr'><strong>nec</strong></span> <span class='ocrx_word' id='word_1_69' title='bbox 803 1428 1176 1495; x_wconf 85' lang='lat' dir='ltr'><strong>excluditur</strong></span> <span class='ocrx_word' id='word_1_70' title='bbox 1231 1429 1505 1493; x_wconf 85' lang='lat' dir='ltr'><strong>vicarius</strong></span> <span class='ocrx_word' id='word_1_71' title='bbox 1562 1428 1885 1510; x_wconf 82' lang='lat' dir='ltr'><strong>generalis</strong></span> <span class='ocrx_word' id='word_1_72' title='bbox 1940 1428 2261 1511; x_wconf 86' lang='lat' dir='ltr'><strong>Episcopi,</strong></span> <span class='ocrx_word' id='word_1_73' title='bbox 2321 1428 2405 1493; x_wconf 85' lang='lat' dir='ltr'><strong>ob</strong></span> <span class='ocrx_word' id='word_1_74' title='bbox 2463 1427 2860 1494; x_wconf 85' lang='lat' dir='ltr'><strong>ordinariam</strong></span> 
     </span>
     <span class='ocr_line' id='line_1_11' title="bbox 633 1542 2863 1629; baseline 0.001 -21"><span class='ocrx_word' id='word_1_75' title='bbox 633 1564 825 1629; x_wconf 87' lang='lat' dir='ltr'><strong>quam</strong></span> <span class='ocrx_word' id='word_1_76' title='bbox 858 1545 1314 1609; x_wconf 85' lang='lat' dir='ltr'><strong>universaliter</strong></span> <span class='ocrx_word' id='word_1_77' title='bbox 1346 1543 1545 1609; x_wconf 89' lang='lat' dir='ltr'><strong>habet</strong></span> <span class='ocrx_word' id='word_1_78' title='bbox 1567 1542 2087 1626; x_wconf 88' lang='lat' dir='ltr'><strong>jurisdictionem</strong></span> <span class='ocrx_word' id='word_1_79' title='bbox 2120 1566 2132 1608; x_wconf 91' lang='lat'>:</span> <span class='ocrx_word' id='word_1_80' title='bbox 2167 1544 2367 1620; x_wconf 90' lang='lat' dir='ltr'><strong>unde,</strong></span> <span class='ocrx_word' id='word_1_81' title='bbox 2402 1551 2469 1609; x_wconf 88' lang='lat' dir='ltr'><strong>ct</strong></span> <span class='ocrx_word' id='word_1_82' title='bbox 2504 1563 2626 1626; x_wconf 90' lang='lat' dir='ltr'><strong>per</strong></span> <span class='ocrx_word' id='word_1_83' title='bbox 2655 1564 2726 1609; x_wconf 91' lang='lat' dir='ltr'><strong>se</strong></span> <span class='ocrx_word' id='word_1_84' title='bbox 2758 1563 2863 1628; x_wconf 92' lang='lat' dir='ltr'><strong>po·</strong></span> 
     </span>
     <span class='ocr_line' id='line_1_12' title="bbox 634 1658 2865 1742; baseline 0 -21"><span class='ocrx_word' id='word_1_85' title='bbox 634 1666 784 1734; x_wconf 90' lang='lat' dir='ltr'><strong>test,</strong></span> <span class='ocrx_word' id='word_1_86' title='bbox 822 1659 875 1722; x_wconf 91' lang='lat' dir='ltr'><strong>si</strong></span> <span class='ocrx_word' id='word_1_87' title='bbox 903 1660 985 1723; x_wconf 89' lang='lat' dir='ltr'><strong>sit</strong></span> <span class='ocrx_word' id='word_1_88' title='bbox 1014 1658 1340 1734; x_wconf 77' lang='lat' dir='ltr'><strong>sacerdoS,</strong></span> <span class='ocrx_word' id='word_1_89' title='bbox 1390 1659 1819 1723; x_wconf 87' lang='lat' dir='ltr'><strong>matrimoniis</strong></span> <span class='ocrx_word' id='word_1_90' title='bbox 1860 1658 2073 1723; x_wconf 80' lang='lat' dir='ltr'><strong>valide</strong></span> <span class='ocrx_word' id='word_1_91' title='bbox 2113 1660 2438 1734; x_wconf 89' lang='lat' dir='ltr'><strong>assistere,</strong></span> <span class='ocrx_word' id='word_1_92' title='bbox 2488 1666 2556 1723; x_wconf 90' lang='lat' dir='ltr'><strong>et</strong></span> <span class='ocrx_word' id='word_1_93' title='bbox 2595 1660 2865 1742; x_wconf 88' lang='lat' dir='ltr'><strong>(etiamsi</strong></span> 
     </span>
     <span class='ocr_line' id='line_1_13' title="bbox 634 1773 2859 1857; baseline 0.001 -20"><span class='ocrx_word' id='word_1_94' title='bbox 634 1773 923 1840; x_wconf 88' lang='lat' dir='ltr'><strong>nondum</strong></span> <span class='ocrx_word' id='word_1_95' title='bbox 975 1774 1466 1857; x_wconf 84' lang='lat' dir='ltr'><strong>presbyteratui</strong></span> <span class='ocrx_word' id='word_1_96' title='bbox 1517 1774 1600 1837; x_wconf 90' lang='lat' dir='ltr'><strong>sit</strong></span> <span class='ocrx_word' id='word_1_97' title='bbox 1649 1773 1958 1857; x_wconf 91' lang='lat' dir='ltr'><strong>initiatus)</strong></span> <span class='ocrx_word' id='word_1_98' title='bbox 2013 1775 2210 1838; x_wconf 86' lang='lat' dir='ltr'><strong>alium</strong></span> <span class='ocrx_word' id='word_1_99' title='bbox 2262 1773 2348 1839; x_wconf 92' lang='lat' dir='ltr'><strong>ad</strong></span> <span class='ocrx_word' id='word_1_100' title='bbox 2398 1774 2465 1838; x_wconf 93' lang='lat' dir='ltr'><strong>id</strong></span> <span class='ocrx_word' id='word_1_101' title='bbox 2514 1774 2859 1857; x_wconf 85' lang='lat' dir='ltr'><strong>deputare,</strong></span> 
     </span>
     <span class='ocr_line' id='line_1_14' title="bbox 635 1888 2858 1971; baseline -0 -18"><span class='ocrx_word' id='word_1_102' title='bbox 635 1889 826 1955; x_wconf 88' lang='lat' dir='ltr'><strong>modo</strong></span> <span class='ocrx_word' id='word_1_103' title='bbox 856 1891 910 1953; x_wconf 88' lang='lat' dir='ltr'><strong>is</strong></span> <span class='ocrx_word' id='word_1_104' title='bbox 934 1888 1238 1954; x_wconf 83' lang='lat' dir='ltr'><strong>sacerdos</strong></span> <span class='ocrx_word' id='word_1_105' title='bbox 1266 1891 1349 1952; x_wconf 89' lang='lat' dir='ltr'><strong>sit</strong></span> <span class='ocrx_word' id='word_1_106' title='bbox 1374 1911 1390 1971; x_wconf 89' lang='lat'>;</span> <span class='ocrx_word' id='word_1_107' title='bbox 1423 1897 1621 1971; x_wconf 86' lang='lat' dir='ltr'><strong>prout</strong></span> <span class='ocrx_word' id='word_1_108' title='bbox 1649 1890 2019 1954; x_wconf 80' lang='lat' dir='ltr'><strong>intractata</strong></span> <span class='ocrx_word' id='word_1_109' title='bbox 2041 1893 2115 1952; x_wconf 82' lang='lat' dir='ltr'><strong>de</strong></span> <span class='ocrx_word' id='word_1_110' title='bbox 2136 1893 2399 1953; x_wconf 80' lang='lat' dir='ltr'><strong>Iudiciis</strong></span> <span class='ocrx_word' id='word_1_111' title='bbox 2426 1893 2858 1964; x_wconf 76' lang='lat' dir='ltr'><strong>ecclesiasticis,</strong></span> 
     </span>
     <span class='ocr_line' id='line_1_15' title="bbox 632 2002 2086 2086; baseline 0 -19"><span class='ocrx_word' id='word_1_112' title='bbox 632 2002 887 2085; x_wconf 75' lang='lat' dir='ltr'><strong>agendo</strong></span> <span class='ocrx_word' id='word_1_113' title='bbox 919 2003 1001 2069; x_wconf 93' lang='lat' dir='ltr'><strong>de</strong></span> <span class='ocrx_word' id='word_1_114' title='bbox 1035 2005 1290 2068; x_wconf 86' lang='lat' dir='ltr'><strong>vicariis</strong></span> <span class='ocrx_word' id='word_1_115' title='bbox 1321 2004 1755 2086; x_wconf 80' lang='lat' dir='ltr'><strong>generalibuS,</strong></span> <span class='ocrx_word' id='word_1_116' title='bbox 1794 2004 2086 2086; x_wconf 86' lang='lat' dir='ltr'><strong>probavi.</strong></span> 
     </span>
    </p>

    <p class='ocr_par' dir='ltr' id='par_1_4' title="bbox 632 2120 2866 3243">
     <span class='ocr_line' id='line_1_16' title="bbox 723 2120 2865 2204; baseline -0 -18"><span class='ocrx_word' id='word_1_117' title='bbox 723 2121 884 2186; x_wconf 78' lang='lat' dir='ltr'><strong>Hinc</strong></span> <span class='ocrx_word' id='word_1_118' title='bbox 917 2120 1178 2204; x_wconf 90' lang='lat' dir='ltr'><strong>quando</strong></span> <span class='ocrx_word' id='word_1_119' title='bbox 1221 2121 1492 2184; x_wconf 83' lang='lat' dir='ltr'><strong>vicarius</strong></span> <span class='ocrx_word' id='word_1_120' title='bbox 1542 2120 1863 2202; x_wconf 85' lang='lat' dir='ltr'><strong>generalis</strong></span> <span class='ocrx_word' id='word_1_121' title='bbox 1888 2121 1957 2183; x_wconf 90' lang='lat' dir='ltr'><strong>in</strong></span> <span class='ocrx_word' id='word_1_122' title='bbox 1984 2120 2198 2204; x_wconf 85' lang='lat' dir='ltr'><strong>aliqua</strong></span> <span class='ocrx_word' id='word_1_123' title='bbox 2234 2121 2536 2204; x_wconf 83' lang='lat' dir='ltr'><strong>parochia</strong></span> <span class='ocrx_word' id='word_1_124' title='bbox 2569 2121 2707 2185; x_wconf 87' lang='lat' dir='ltr'><strong>vult</strong></span> <span class='ocrx_word' id='word_1_125' title='bbox 2749 2141 2865 2204; x_wconf 86' lang='lat' dir='ltr'><strong>per</strong></span> 
     </span>
     <span class='ocr_line' id='line_1_17' title="bbox 635 2238 2866 2321; baseline 0.001 -20"><span class='ocrx_word' id='word_1_126' title='bbox 635 2239 915 2320; x_wconf 84' lang='lat' dir='ltr'><strong>seipsum</strong></span> <span class='ocrx_word' id='word_1_127' title='bbox 975 2239 1387 2304; x_wconf 86' lang='lat' dir='ltr'><strong>matrimonio</strong></span> <span class='ocrx_word' id='word_1_128' title='bbox 1420 2239 1850 2303; x_wconf 84' lang='lat' dir='ltr'><strong>assistentiam</strong></span> <span class='ocrx_word' id='word_1_129' title='bbox 1899 2245 2230 2320; x_wconf 79' lang='lat' dir='ltr'><strong>praestare,</strong></span> <span class='ocrx_word' id='word_1_130' title='bbox 2269 2245 2338 2305; x_wconf 90' lang='lat' dir='ltr'><strong>et</strong></span> <span class='ocrx_word' id='word_1_131' title='bbox 2370 2238 2728 2321; x_wconf 86' lang='lat' dir='ltr'><strong>nuptialem</strong></span> <span class='ocrx_word' id='word_1_132' title='bbox 2760 2238 2866 2304; x_wconf 88' lang='lat' dir='ltr'><strong>he-</strong></span> 
     </span>
     <span class='ocr_line' id='line_1_18' title="bbox 634 2350 2864 2438; baseline 0.001 -23"><span class='ocrx_word' id='word_1_133' title='bbox 634 2350 1067 2416; x_wconf 88' lang='lat' dir='ltr'><strong>nedictionem</strong></span> <span class='ocrx_word' id='word_1_134' title='bbox 1113 2352 1457 2434; x_wconf 89' lang='lat' dir='ltr'><strong>impertiri,</strong></span> <span class='ocrx_word' id='word_1_135' title='bbox 1488 2353 1594 2417; x_wconf 84' lang='lat' dir='ltr'><strong>vel</strong></span> <span class='ocrx_word' id='word_1_136' title='bbox 1644 2351 2106 2436; x_wconf 83' lang='lat' dir='ltr'><strong>presbyterum</strong></span> <span class='ocrx_word' id='word_1_137' title='bbox 2145 2353 2428 2438; x_wconf 84' lang='lat' dir='ltr'><strong>aliquem</strong></span> <span class='ocrx_word' id='word_1_138' title='bbox 2464 2351 2552 2418; x_wconf 89' lang='lat' dir='ltr'><strong>ad</strong></span> <span class='ocrx_word' id='word_1_139' title='bbox 2587 2352 2657 2418; x_wconf 93' lang='lat' dir='ltr'><strong>id</strong></span> <span class='ocrx_word' id='word_1_140' title='bbox 2699 2371 2864 2436; x_wconf 64' lang='lat' dir='ltr'><strong>prae-</strong></span> 
     </span>
     <span class='ocr_line' id='line_1_19' title="bbox 634 2464 2865 2552; baseline 0 -22"><span class='ocrx_word' id='word_1_141' title='bbox 634 2464 938 2533; x_wconf 89' lang='lat' dir='ltr'><strong>standum</strong></span> <span class='ocrx_word' id='word_1_142' title='bbox 982 2465 1281 2549; x_wconf 83' lang='lat' dir='ltr'><strong>deputat,</strong></span> <span class='ocrx_word' id='word_1_143' title='bbox 1339 2468 1564 2550; x_wconf 91' lang='lat' dir='ltr'><strong>nequit</strong></span> <span class='ocrx_word' id='word_1_144' title='bbox 1611 2466 1927 2549; x_wconf 86' lang='lat' dir='ltr'><strong>parochus</strong></span> <span class='ocrx_word' id='word_1_145' title='bbox 1983 2466 2332 2543; x_wconf 88' lang='lat' dir='ltr'><strong>obsistere,</strong></span> <span class='ocrx_word' id='word_1_146' title='bbox 2387 2476 2501 2535; x_wconf 82' lang='lat' dir='ltr'><strong>aut</strong></span> <span class='ocrx_word' id='word_1_147' title='bbox 2551 2469 2865 2552; x_wconf 84' lang='lat' dir='ltr'><strong>conqueri</strong></span> 
     </span>
     <span class='ocr_line' id='line_1_20' title="bbox 634 2580 2862 2665; baseline 0 -20"><span class='ocrx_word' id='word_1_148' title='bbox 634 2584 818 2664; x_wconf 90' lang='lat' dir='ltr'><strong>quasi</strong></span> <span class='ocrx_word' id='word_1_149' title='bbox 862 2580 985 2646; x_wconf 87' lang='lat' dir='ltr'><strong>sibi</strong></span> <span class='ocrx_word' id='word_1_150' title='bbox 1016 2581 1249 2665; x_wconf 79' lang='lat' dir='ltr'><strong>injuria</strong></span> <span class='ocrx_word' id='word_1_151' title='bbox 1292 2581 1522 2661; x_wconf 80' lang='lat' dir='ltr'><strong>fieret3</strong></span> <span class='ocrx_word' id='word_1_152' title='bbox 1579 2589 1878 2665; x_wconf 84' lang='lat' dir='ltr'><strong>essetque</strong></span> <span class='ocrx_word' id='word_1_153' title='bbox 1920 2583 1987 2645; x_wconf 89' lang='lat' dir='ltr'><strong>iu</strong></span> <span class='ocrx_word' id='word_1_154' title='bbox 2033 2581 2155 2648; x_wconf 90' lang='lat' dir='ltr'><strong>hoc</strong></span> <span class='ocrx_word' id='word_1_155' title='bbox 2209 2601 2361 2646; x_wconf 89' lang='lat' dir='ltr'><strong>casu</strong></span> <span class='ocrx_word' id='word_1_156' title='bbox 2408 2583 2667 2665; x_wconf 88' lang='lat' dir='ltr'><strong>parochi</strong></span> <span class='ocrx_word' id='word_1_157' title='bbox 2704 2585 2862 2649; x_wconf 87' lang='lat' dir='ltr'><strong>resi-</strong></span> 
     </span>
     <span class='ocr_line' id='line_1_21' title="bbox 634 2696 2858 2782; baseline 0.001 -23"><span class='ocrx_word' id='word_1_158' title='bbox 634 2698 869 2761; x_wconf 85' lang='lat' dir='ltr'><strong>stentia</strong></span> <span class='ocrx_word' id='word_1_159' title='bbox 909 2716 1107 2779; x_wconf 82' lang='lat' dir='ltr'><strong>grave</strong></span> <span class='ocrx_word' id='word_1_160' title='bbox 1158 2696 1491 2774; x_wconf 88' lang='lat' dir='ltr'><strong>delictum,</strong></span> <span class='ocrx_word' id='word_1_161' title='bbox 1556 2697 1733 2780; x_wconf 90' lang='lat' dir='ltr'><strong>quod</strong></span> <span class='ocrx_word' id='word_1_162' title='bbox 1781 2698 2088 2780; x_wconf 83' lang='lat' dir='ltr'><strong>gravibus</strong></span> <span class='ocrx_word' id='word_1_163' title='bbox 2119 2699 2327 2781; x_wconf 86' lang='lat' dir='ltr'><strong>poenis</strong></span> <span class='ocrx_word' id='word_1_164' title='bbox 2382 2700 2578 2782; x_wconf 88' lang='lat' dir='ltr'><strong>plecti</strong></span> <span class='ocrx_word' id='word_1_165' title='bbox 2615 2707 2858 2781; x_wconf 83' lang='lat' dir='ltr'><strong>posset.</strong></span> 
     </span>
     <span class='ocr_line' id='line_1_22' title="bbox 635 2811 2861 2898; baseline 0 -21"><span class='ocrx_word' id='word_1_166' title='bbox 635 2813 943 2892; x_wconf 85' lang='lat' dir='ltr'><strong>Quamvis</strong></span> <span class='ocrx_word' id='word_1_167' title='bbox 982 2819 1201 2877; x_wconf 89' lang='lat' dir='ltr'><strong>autem</strong></span> <span class='ocrx_word' id='word_1_168' title='bbox 1232 2811 1614 2878; x_wconf 81' lang='lat' dir='ltr'><strong>ordinarius</strong></span> <span class='ocrx_word' id='word_1_169' title='bbox 1650 2813 1919 2896; x_wconf 84' lang='lat' dir='ltr'><strong>ejusque</strong></span> <span class='ocrx_word' id='word_1_170' title='bbox 1949 2815 2276 2896; x_wconf 86' lang='lat' dir='ltr'><strong>generalis</strong></span> <span class='ocrx_word' id='word_1_171' title='bbox 2309 2816 2586 2881; x_wconf 83' lang='lat' dir='ltr'><strong>vicarius</strong></span> <span class='ocrx_word' id='word_1_172' title='bbox 2616 2816 2861 2898; x_wconf 86' lang='lat' dir='ltr'><strong>possint</strong></span> 
     </span>
     <span class='ocr_line' id='line_1_23' title="bbox 635 2927 2861 3011; baseline 0.002 -22"><span class='ocrx_word' id='word_1_173' title='bbox 635 2945 758 3007; x_wconf 87' lang='lat' dir='ltr'><strong>per</strong></span> <span class='ocrx_word' id='word_1_174' title='bbox 800 2928 1048 3010; x_wconf 84' lang='lat' dir='ltr'><strong>seipsos</strong></span> <span class='ocrx_word' id='word_1_175' title='bbox 1086 2927 1494 2994; x_wconf 87' lang='lat' dir='ltr'><strong>matrimonia</strong></span> <span class='ocrx_word' id='word_1_176' title='bbox 1530 2946 1872 3010; x_wconf 84' lang='lat' dir='ltr'><strong>peragere,</strong></span> <span class='ocrx_word' id='word_1_177' title='bbox 1913 2929 2305 3011; x_wconf 81' lang='lat' dir='ltr'><strong>regulariter</strong></span> <span class='ocrx_word' id='word_1_178' title='bbox 2363 2938 2606 3009; x_wconf 82' lang='lat' dir='ltr'><strong>tamen,</strong></span> <span class='ocrx_word' id='word_1_179' title='bbox 2638 2938 2707 2998; x_wconf 88' lang='lat' dir='ltr'><strong>et</strong></span> <span class='ocrx_word' id='word_1_180' title='bbox 2740 2931 2861 2995; x_wconf 89' lang='lat' dir='ltr'><strong>nisi</strong></span> 
     </span>
     <span class='ocr_line' id='line_1_24' title="bbox 634 3039 2864 3126; baseline 0.001 -21"><span class='ocrx_word' id='word_1_181' title='bbox 634 3039 804 3105; x_wconf 87' lang='lat' dir='ltr'><strong>adsit</strong></span> <span class='ocrx_word' id='word_1_182' title='bbox 856 3042 1255 3108; x_wconf 84' lang='lat' dir='ltr'><strong>rationabilis</strong></span> <span class='ocrx_word' id='word_1_183' title='bbox 1305 3062 1530 3121; x_wconf 88' lang='lat' dir='ltr'><strong>causa,</strong></span> <span class='ocrx_word' id='word_1_184' title='bbox 1589 3043 1925 3126; x_wconf 88' lang='lat' dir='ltr'><strong>porrochis</strong></span> <span class='ocrx_word' id='word_1_185' title='bbox 1978 3063 2117 3108; x_wconf 87' lang='lat' dir='ltr'><strong>esse</strong></span> <span class='ocrx_word' id='word_1_186' title='bbox 2170 3065 2406 3110; x_wconf 89' lang='lat' dir='ltr'><strong>munus</strong></span> <span class='ocrx_word' id='word_1_187' title='bbox 2454 3043 2619 3111; x_wconf 83' lang='lat' dir='ltr'><strong>illud</strong></span> <span class='ocrx_word' id='word_1_188' title='bbox 2672 3045 2864 3110; x_wconf 85' lang='lat' dir='ltr'><strong>reliu-</strong></span> 
     </span>
     <span class='ocr_line' id='line_1_25' title="bbox 632 3158 2539 3243; baseline 0.002 -22"><span class='ocrx_word' id='word_1_189' title='bbox 632 3158 988 3241; x_wconf 87' lang='lat' dir='ltr'><strong>quendum‚</strong></span> <span class='ocrx_word' id='word_1_190' title='bbox 1027 3160 1261 3243; x_wconf 85' lang='lat' dir='ltr'><strong>passim</strong></span> <span class='ocrx_word' id='word_1_191' title='bbox 1290 3159 1374 3225; x_wconf 92' lang='lat' dir='ltr'><strong>ab</strong></span> <span class='ocrx_word' id='word_1_192' title='bbox 1403 3160 1780 3227; x_wconf 86' lang='lat' dir='ltr'><strong>auctoribus</strong></span> <span class='ocrx_word' id='word_1_193' title='bbox 1811 3159 2190 3225; x_wconf 88' lang='lat' dir='ltr'><strong>adnotatum</strong></span> <span class='ocrx_word' id='word_1_194' title='bbox 2226 3163 2539 3243; x_wconf 81' lang='lat' dir='ltr'><strong>reperies.</strong></span> 
     </span>
    </p>

    <p class='ocr_par' dir='ltr' id='par_1_5' title="bbox 630 3274 2858 4513">
     <span class='ocr_line' id='line_1_26' title="bbox 728 3274 2858 3359; baseline 0.001 -22"><span class='ocrx_word' id='word_1_195' title='bbox 728 3276 799 3339; x_wconf 89' lang='lat' dir='ltr'><strong>V.</strong></span> <span class='ocrx_word' id='word_1_196' title='bbox 836 3277 871 3340; x_wconf 88' lang='lat' dir='ltr'>J</span> <span class='ocrx_word' id='word_1_197' title='bbox 878 3294 952 3340; x_wconf 90' lang='lat' dir='ltr'><strong>us</strong></span> <span class='ocrx_word' id='word_1_198' title='bbox 981 3295 1111 3340; x_wconf 91' lang='lat' dir='ltr'><strong>nou</strong></span> <span class='ocrx_word' id='word_1_199' title='bbox 1142 3274 1340 3341; x_wconf 82' lang='lat' dir='ltr'><strong>habet</strong></span> <span class='ocrx_word' id='word_1_200' title='bbox 1365 3276 1687 3359; x_wconf 83' lang='lat' dir='ltr'><strong>parochus</strong></span> <span class='ocrx_word' id='word_1_201' title='bbox 1709 3275 2049 3341; x_wconf 81' lang='lat' dir='ltr'><strong>assistendi</strong></span> <span class='ocrx_word' id='word_1_202' title='bbox 2077 3278 2525 3354; x_wconf 51' lang='lat' dir='ltr'><strong>matrimonii&amp;</strong></span> <span class='ocrx_word' id='word_1_203' title='bbox 2558 3279 2680 3343; x_wconf 89' lang='lat' dir='ltr'><strong>nisi</strong></span> <span class='ocrx_word' id='word_1_204' title='bbox 2702 3295 2858 3359; x_wconf 65' lang='lat' dir='ltr'><strong>pras·</strong></span> 
     </span>
     <span class='ocr_line' id='line_1_27' title="bbox 632 3390 2856 3472; baseline 0 -17"><span class='ocrx_word' id='word_1_205' title='bbox 632 3390 837 3455; x_wconf 84' lang='lat' dir='ltr'><strong>missis</strong></span> <span class='ocrx_word' id='word_1_206' title='bbox 886 3391 1463 3472; x_wconf 85' lang='lat' dir='ltr'><strong>publicationibus,</strong></span> <span class='ocrx_word' id='word_1_207' title='bbox 1500 3392 1609 3455; x_wconf 80' lang='lat' dir='ltr'><strong>vel</strong></span> <span class='ocrx_word' id='word_1_208' title='bbox 1653 3390 1925 3455; x_wconf 89' lang='lat' dir='ltr'><strong>obtenta</strong></span> <span class='ocrx_word' id='word_1_209' title='bbox 1970 3391 2054 3455; x_wconf 90' lang='lat' dir='ltr'><strong>ab</strong></span> <span class='ocrx_word' id='word_1_210' title='bbox 2111 3391 2457 3458; x_wconf 78' lang='lat' dir='ltr'><strong>Ordinatio</strong></span> <span class='ocrx_word' id='word_1_211' title='bbox 2510 3412 2620 3458; x_wconf 86' lang='lat' dir='ltr'><strong>eas</strong></span> <span class='ocrx_word' id='word_1_212' title='bbox 2666 3392 2856 3459; x_wconf 89' lang='lat' dir='ltr'><strong>omit-</strong></span> 
     </span>
     <span class='ocr_line' id='line_1_28' title="bbox 632 3505 2857 3590; baseline 0 -20"><span class='ocrx_word' id='word_1_213' title='bbox 632 3505 815 3570; x_wconf 80' lang='lat' dir='ltr'><strong>tendi</strong></span> <span class='ocrx_word' id='word_1_214' title='bbox 870 3506 1202 3571; x_wconf 87' lang='lat' dir='ltr'><strong>facultate.</strong></span> <span class='ocrx_word' id='word_1_215' title='bbox 1247 3506 1555 3585; x_wconf 73' lang='lat' dir='ltr'><strong>Quamvis</strong></span> <span class='ocrx_word' id='word_1_216' title='bbox 1609 3512 1829 3568; x_wconf 90' lang='lat' dir='ltr'><strong>autem</strong></span> <span class='ocrx_word' id='word_1_217' title='bbox 1874 3506 2166 3587; x_wconf 84' lang='lat' dir='ltr'><strong>graviter</strong></span> <span class='ocrx_word' id='word_1_218' title='bbox 2226 3516 2459 3590; x_wconf 88' lang='lat' dir='ltr'><strong>peccet</strong></span> <span class='ocrx_word' id='word_1_219' title='bbox 2504 3506 2857 3573; x_wconf 86' lang='lat' dir='ltr'><strong>assistendo</strong></span> 
     </span>
     <span class='ocr_line' id='line_1_29' title="bbox 630 3619 2849 3699; baseline 0.002 -17"><span class='ocrx_word' id='word_1_220' title='bbox 630 3620 836 3685; x_wconf 89' lang='lat' dir='ltr'><strong>libere</strong></span> <span class='ocrx_word' id='word_1_221' title='bbox 870 3622 1230 3685; x_wconf 88' lang='lat' dir='ltr'><strong>contractui</strong></span> <span class='ocrx_word' id='word_1_222' title='bbox 1264 3619 1717 3685; x_wconf 85' lang='lat' dir='ltr'><strong>matrimoniali</strong></span> <span class='ocrx_word' id='word_1_223' title='bbox 1766 3621 2015 3685; x_wconf 87' lang='lat' dir='ltr'><strong>omissis</strong></span> <span class='ocrx_word' id='word_1_224' title='bbox 2060 3620 2187 3687; x_wconf 85' lang='lat' dir='ltr'><strong>illis</strong></span> <span class='ocrx_word' id='word_1_225' title='bbox 2231 3621 2849 3699; x_wconf 83' lang='lat' dir='ltr'><strong>denuntiationibus,</strong></span> 
     </span>
     <span class='ocr_line' id='line_1_30' title="bbox 633 3734 2853 3818; baseline 0 -19"><span class='ocrx_word' id='word_1_226' title='bbox 633 3744 701 3799; x_wconf 89' lang='lat' dir='ltr'><strong>et</strong></span> <span class='ocrx_word' id='word_1_227' title='bbox 761 3754 890 3799; x_wconf 88' lang='lat' dir='ltr'><strong>non</strong></span> <span class='ocrx_word' id='word_1_228' title='bbox 937 3734 1206 3799; x_wconf 86' lang='lat' dir='ltr'><strong>obtenta</strong></span> <span class='ocrx_word' id='word_1_229' title='bbox 1251 3734 1334 3799; x_wconf 89' lang='lat' dir='ltr'><strong>ab</strong></span> <span class='ocrx_word' id='word_1_230' title='bbox 1391 3735 1710 3818; x_wconf 87' lang='lat' dir='ltr'><strong>Episcopo</strong></span> <span class='ocrx_word' id='word_1_231' title='bbox 1753 3735 2229 3818; x_wconf 79' lang='lat' dir='ltr'><strong>dispensatione</strong></span> <span class='ocrx_word' id='word_1_232' title='bbox 2254 3786 2268 3814; x_wconf 94' lang='lat'><strong>,</strong></span> <span class='ocrx_word' id='word_1_233' title='bbox 2325 3736 2605 3803; x_wconf 88' lang='lat' dir='ltr'><strong>validum</strong></span> <span class='ocrx_word' id='word_1_234' title='bbox 2644 3747 2853 3804; x_wconf 86' lang='lat' dir='ltr'><strong>tamen</strong></span> 
     </span>
     <span class='ocr_line' id='line_1_31' title="bbox 631 3848 2856 3927; baseline 0 -13"><span class='ocrx_word' id='word_1_235' title='bbox 631 3851 758 3914; x_wconf 86' lang='lat' dir='ltr'><strong>erit</strong></span> <span class='ocrx_word' id='word_1_236' title='bbox 805 3849 1308 3927; x_wconf 83' lang='lat' dir='ltr'><strong>matrimonium,</strong></span> <span class='ocrx_word' id='word_1_237' title='bbox 1350 3848 1544 3917; x_wconf 87' lang='lat' dir='ltr'><strong>modo</strong></span> <span class='ocrx_word' id='word_1_238' title='bbox 1595 3848 1811 3916; x_wconf 86' lang='lat' dir='ltr'><strong>adsint</strong></span> <span class='ocrx_word' id='word_1_239' title='bbox 1860 3851 2055 3915; x_wconf 88' lang='lat' dir='ltr'><strong>simul</strong></span> <span class='ocrx_word' id='word_1_240' title='bbox 2108 3850 2241 3918; x_wconf 86' lang='lat' dir='ltr'><strong>duo</strong></span> <span class='ocrx_word' id='word_1_241' title='bbox 2296 3859 2516 3917; x_wconf 87' lang='lat' dir='ltr'><strong>testes.</strong></span> <span class='ocrx_word' id='word_1_242' title='bbox 2572 3853 2856 3918; x_wconf 86' lang='lat' dir='ltr'><strong>Dicimus</strong></span> 
     </span>
     <span class='ocr_line' id='line_1_32' title="bbox 631 3965 2854 4048; baseline 0.001 -18"><span class='ocrx_word' id='word_1_243' title='bbox 631 3965 991 4031; x_wconf 84' lang='lat' dir='ltr'><strong>assistendo</strong></span> <span class='ocrx_word' id='word_1_244' title='bbox 1029 3969 1208 4030; x_wconf 81' lang='lat' dir='ltr'><strong>libere</strong></span> <span class='ocrx_word' id='word_1_245' title='bbox 1242 3988 1261 4028; x_wconf 93' lang='grc'><strong>.·</strong></span> <span class='ocrx_word' id='word_1_246' title='bbox 1310 3967 1454 4033; x_wconf 80' lang='lat' dir='ltr'><strong>fieri</strong></span> <span class='ocrx_word' id='word_1_247' title='bbox 1493 3967 1668 4032; x_wconf 89' lang='lat' dir='ltr'><strong>enim</strong></span> <span class='ocrx_word' id='word_1_248' title='bbox 1708 3974 1926 4048; x_wconf 89' lang='lat' dir='ltr'><strong>potest</strong></span> <span class='ocrx_word' id='word_1_249' title='bbox 1970 3974 2046 4030; x_wconf 89' lang='lat' dir='ltr'><strong>ut</strong></span> <span class='ocrx_word' id='word_1_250' title='bbox 2091 3968 2486 4032; x_wconf 78' lang='lat' dir='ltr'><strong>conti-acturi</strong></span> <span class='ocrx_word' id='word_1_251' title='bbox 2518 3986 2667 4033; x_wconf 84' lang='lat' dir='ltr'><strong>cum</strong></span> <span class='ocrx_word' id='word_1_252' title='bbox 2698 3968 2854 4032; x_wconf 88' lang='lat' dir='ltr'><strong>duo·</strong></span> 
     </span>
     <span class='ocr_line' id='line_1_33' title="bbox 635 4080 2858 4167; baseline -0 -20"><span class='ocrx_word' id='word_1_253' title='bbox 635 4083 756 4148; x_wconf 88' lang='lat' dir='ltr'><strong>bus</strong></span> <span class='ocrx_word' id='word_1_254' title='bbox 782 4082 1060 4148; x_wconf 85' lang='lat' dir='ltr'><strong>testibus</strong></span> <span class='ocrx_word' id='word_1_255' title='bbox 1088 4102 1170 4148; x_wconf 78' lang='lat' dir='ltr'><strong>ex</strong></span> <span class='ocrx_word' id='word_1_256' title='bbox 1196 4083 1523 4167; x_wconf 87' lang='lat' dir='ltr'><strong>inopinato</strong></span> <span class='ocrx_word' id='word_1_257' title='bbox 1553 4082 1910 4166; x_wconf 86' lang='lat' dir='ltr'><strong>parocbum</strong></span> <span class='ocrx_word' id='word_1_258' title='bbox 1945 4080 2207 4159; x_wconf 85' lang='lat' dir='ltr'><strong>adeant,</strong></span> <span class='ocrx_word' id='word_1_259' title='bbox 2242 4090 2311 4147; x_wconf 92' lang='lat' dir='ltr'><strong>et</strong></span> <span class='ocrx_word' id='word_1_260' title='bbox 2345 4100 2564 4148; x_wconf 83' lang='lat' dir='ltr'><strong>coram</strong></span> <span class='ocrx_word' id='word_1_261' title='bbox 2603 4102 2706 4159; x_wconf 84' lang='lat' dir='ltr'><strong>eo,</strong></span> <span class='ocrx_word' id='word_1_262' title='bbox 2739 4083 2858 4147; x_wconf 86' lang='lat' dir='ltr'><strong>etsi</strong></span> 
     </span>
     <span class='ocr_line' id='line_1_34' title="bbox 635 4196 2856 4282; baseline -0.001 -21"><span class='ocrx_word' id='word_1_263' title='bbox 635 4199 859 4275; x_wconf 83' lang='lat' dir='ltr'><strong>invito,</strong></span> <span class='ocrx_word' id='word_1_264' title='bbox 900 4205 1200 4267; x_wconf 85' lang='lat' dir='ltr'><strong>mutuum</strong></span> <span class='ocrx_word' id='word_1_265' title='bbox 1234 4216 1617 4266; x_wconf 85' lang='lat' dir='ltr'><strong>consensum</strong></span> <span class='ocrx_word' id='word_1_266' title='bbox 1648 4198 1951 4263; x_wconf 85' lang='lat' dir='ltr'><strong>emittant</strong></span> <span class='ocrx_word' id='word_1_267' title='bbox 1989 4220 2003 4262; x_wconf 79' lang='lat'>2</span> <span class='ocrx_word' id='word_1_268' title='bbox 2055 4215 2184 4282; x_wconf 89' lang='lat' dir='ltr'><strong>quo</strong></span> <span class='ocrx_word' id='word_1_269' title='bbox 2221 4216 2374 4265; x_wconf 84' lang='lat' dir='ltr'><strong>casu</strong></span> <span class='ocrx_word' id='word_1_270' title='bbox 2417 4198 2699 4265; x_wconf 78' lang='lat' dir='ltr'><strong>validum</strong></span> <span class='ocrx_word' id='word_1_271' title='bbox 2736 4196 2856 4260; x_wconf 82' lang='lat' dir='ltr'><strong>erit</strong></span> 
     </span>
     <span class='ocr_line' id='line_1_35' title="bbox 637 4312 2847 4397; baseline -0.001 -18"><span class='ocrx_word' id='word_1_272' title='bbox 637 4316 1138 4397; x_wconf 60' lang='lat' dir='ltr'><strong>matrimonium</strong></span> <span class='ocrx_word' id='word_1_273' title='bbox 1164 4333 1285 4377; x_wconf 90' lang='lat' dir='ltr'><strong>nec</strong></span> <span class='ocrx_word' id='word_1_274' title='bbox 1317 4313 1614 4395; x_wconf 87' lang='lat' dir='ltr'><strong>peccabit</strong></span> <span class='ocrx_word' id='word_1_275' title='bbox 1640 4312 1983 4396; x_wconf 72' lang='lat' dir='ltr'><strong>parochus,</strong></span> <span class='ocrx_word' id='word_1_276' title='bbox 2010 4318 2237 4397; x_wconf 86' lang='lat' dir='ltr'><strong>utpote</strong></span> <span class='ocrx_word' id='word_1_277' title='bbox 2268 4321 2489 4379; x_wconf 87' lang='lat' dir='ltr'><strong>coacte</strong></span> <span class='ocrx_word' id='word_1_278' title='bbox 2519 4314 2847 4390; x_wconf 70' lang='lat' dir='ltr'><strong>assisten83</strong></span> 
     </span>
     <span class='ocr_line' id='line_1_36' title="bbox 634 4426 2366 4513; baseline -0.005 -16"><span class='ocrx_word' id='word_1_279' title='bbox 634 4430 751 4497; x_wconf 77' lang='lat' dir='ltr'><strong>sed</strong></span> <span class='ocrx_word' id='word_1_280' title='bbox 781 4432 1067 4513; x_wconf 73' lang='lat' dir='ltr'><strong>graviter</strong></span> <span class='ocrx_word' id='word_1_281' title='bbox 1104 4428 1466 4511; x_wconf 76' lang='lat' dir='ltr'><strong>peccabunt</strong></span> <span class='ocrx_word' id='word_1_282' title='bbox 1499 4427 1619 4491; x_wconf 90' lang='lat' dir='ltr'><strong>hoc</strong></span> <span class='ocrx_word' id='word_1_283' title='bbox 1656 4426 1848 4493; x_wconf 76' lang='lat' dir='ltr'><strong>modo</strong></span> <span class='ocrx_word' id='word_1_284' title='bbox 1884 4427 2366 4494; x_wconf 78' lang='lat' dir='ltr'><strong>contrahentes.</strong></span> 
     </span>
    </p>
   </div>
  </div>
 </body>
</html>
