3146 4973
1238 292 1398 342 rus
1440 293 1760 343 secunus.
2473 285 2601 349 273

393 436 424 470 α
458 414 905 497 appellationis
939 415 1455 498 interponendae,
1488 417 1573 485 ad
1618 419 2208 502 Metropolitanum,
2240 421 2346 487 vel
2385 421 2471 489 ad
2506 426 2611 491 Se-

392 553 425 590 «
463 527 618 595 dem
645 530 1095 614 Apostolicam.
1130 554 1165 591 »

475 646 893 724 Ransl'rmt
908 647 1016 711 vl.
1028 652 1177 713 —N
1177 667 1302 710 ovoe
1309 649 1613 729 parochioe
1629 653 2000 730 assiynanda
2019 660 2107 715 est
2126 655 2234 715 dos
2252 663 2604 735 competens,

387 780 466 822 ex
495 780 613 842 qua
661 763 960 842 parochus
1003 768 1416 827 convenienter
1450 771 1786 827 sustentari
1821 774 2021 846 queat.
2059 802 2148 815 —-
2176 792 2208 829 α
2242 768 2618 852 Requiritur

396 900 429 938 α
469 877 581 961 (ait
613 877 974 959 Fagnanus,
1012 879 1079 942 in
1113 887 1311 962 caput
1349 883 1445 944 Ad
1486 883 1864 943 audientiam
1897 885 1961 958 3,
2001 884 2078 945 de
2111 886 2395 947 Ecclesiis
2415 888 2614 966 cedis„

396 1014 429 1051 α
465 1010 532 1055 ιι.
568 990 707 1076 31),
750 1001 828 1058 nt
854 994 1143 1061 ecclesioe
1176 994 1628 1061 construendae
1676 994 1795 1062 dos
1832 1003 2213 1081 competens
2256 1000 2622 1083 assignetur

398 1131 429 1167 α
471 1107 570 1193 (ut
594 1109 806 1191 capite
834 1113 1039 1188 Nemo,
1064 1112 1140 1173 de
1169 1113 1475 1188 Coma-r„
1501 1109 1794 1175 distinct.
1833 1109 1918 1195 l).
1947 1113 2029 1178 Et
2057 1112 2192 1196 jam
2226 1117 2481 1180 censuit
2514 1114 2624 1181 Sa-

399 1244 430 1281 α
467 1241 579 1287 cra
610 1222 1061 1307 congregatio,
1101 1225 1169 1287 in
1213 1225 1546 1290 erectione
1596 1243 1912 1291 novarum
1960 1227 2411 1310 parochiarum
2444 1231 2625 1313 prius

399 1362 430 1399 α
467 1336 884 1420 cogitandum
917 1335 1000 1403 de
1031 1337 1209 1404 dote.
1235 1363 1268 1402 a>

483 1455 578 1519 Ex
601 1453 710 1519 illa
738 1461 957 1519 autem
985 1455 1235 1538 regula,
1272 1457 1532 1522 omnino
1559 1464 1762 1533 certa,
1793 1464 1862 1522 et
1888 1456 1972 1523 ab
1999 1458 2298 1526 omnibus
2324 1460 2623 1540 admissa,

397 1568 643 1653 duplex
673 1568 893 1633 statim
921 1571 1133 1634 oritur
1163 1572 1417 1655 questio
1461 1591 1475 1635 ε
1514 1589 1775 1653 nempe.

485 1690 794 1765 Quoeritur
825 1688 910 1748 1⁰.
937 1682 1127 1749 Unde
1177 1685 1263 1749 sit
1310 1683 1429 1749 dos
1470 1684 1583 1749 illa
1635 1693 2012 1769 competens
2053 1686 2512 1760 desumenda?
2541 1731 2629 1744 --

403 1823 436 1860 a
469 1796 845 1882 Respondet
902 1796 1264 1864 Cardinalis
1323 1797 1405 1864 de
1464 1799 1640 1863 Luca
1693 1799 1788 1885 (de
1833 1804 2117 1882 Decime,
2170 1803 2466 1872 discursu
2524 1813 2626 1887 12,

405 1939 436 1974 α
472 1935 535 1978 ιι.
597 1913 688 1998 8),
730 1933 881 1979 cum
933 1912 1020 1980 ad
1059 1912 1423 1979 istiusmodi
1474 1933 1671 1980 novas
1729 1919 2099 1983 erectiones
2145 1939 2294 1986 cum
2345 1924 2459 1988 tali
2509 1924 2639 1990 dis-

406 2054 435 2089 «
477 2030 943 2096 membratione
988 2028 1259 2113 procedi
1310 2047 1440 2093 non
1500 2029 1727 2107 soleat,
1791 2032 1913 2095 nisi
1965 2050 2113 2097 cum
2169 2037 2455 2113 minimo,
2508 2057 2638 2122 quo

405 2170 437 2206 α
474 2146 622 2210 fieri
655 2153 895 2230 potest,
939 2145 1216 2228 antiquae
1246 2143 1533 2210 ecclesiae
1566 2142 1964 2227 praejudicio,
1994 2146 2290 2233 adeoque
2322 2159 2398 2215 ut
2434 2156 2638 2235 patia-

407 2284 439 2320 «
484 2268 593 2324 tur
646 2258 908 2345 quidem
960 2257 1411 2344 praejudicium
1469 2257 1636 2322 illud
1687 2256 2131 2325 diminutionis
2175 2262 2637 2346 jurisdictionis

407 2400 438 2436 a
482 2376 723 2459 populi,
760 2376 1171 2459 alterumque
1220 2373 1367 2438 hinc
1414 2381 1639 2439 natum
1686 2372 2127 2441 diminutionis
2164 2380 2638 2447 emolumento-

409 2515 442 2554 «
479 2510 624 2558 rum
650 2490 1137 2575 parochialium,
1176 2506 1308 2553 non
1333 2507 1496 2554 vero
1538 2488 1704 2555 illud
1731 2486 2172 2558 diminutionis
2206 2490 2629 2575 decimarum,

409 2630 440 2667 α
477 2608 541 2670 ἰιι
607 2625 737 2691 quo
787 2605 1169 2690 frequenter
1217 2605 1545 2687 praecipua
1606 2603 2065 2686 parochiarum
2132 2605 2252 2672 dos
2299 2612 2630 2696 consistit3

409 2745 441 2782 ι(
483 2721 626 2785 binc
658 2719 1035 2787 ordinarios
1065 2717 1277 2783 solere
1314 2715 1401 2782 ad
1440 2719 1596 2783 istas
1627 2738 1827 2784 novas
1872 2721 2261 2801 erectiones,
2298 2742 2442 2808 quoe
2479 2736 2632 2791 sunt

409 2860 442 2897 c«
478 2853 627 2901 cum
670 2833 929 2901 formali
970 2831 1564 2910 dismembratione,
1599 2832 1986 2915 procedere,
2022 2843 2348 2918 quatenus
2372 2838 2481 2904 illa
2517 2858 2634 2922 pa·

412 2977 442 3012 u
481 2950 934 3016 rochianorum
968 2964 1120 3032 pars
1147 2946 1254 3011 vel
1285 2947 1707 3011 communitas
1737 2964 1882 3030 quae
1909 2945 1980 3012 id
2006 2950 2195 3030 petit,
2227 2957 2298 3014 et
2321 2951 2506 3035 cujus
2529 2955 2630 3017 in-

413 3090 445 3126 «
480 3071 685 3131 terest
718 3066 905 3130 istam
946 3059 1590 3127 dismembrationem
1626 3059 1793 3138 fieri,
1837 3079 2125 3144 congrue
2169 3061 2358 3130 dotet
2396 3086 2626 3134 novam

414 3205 447 3243 α
486 3180 871 3265 parochiam.
906 3176 1086 3243 Adeo
1108 3186 1185 3242 ut
1228 3177 1505 3259 antiquae
1531 3174 1655 3241 dos
1703 3174 1867 3241 illud
1897 3174 2364 3243 detrimentum
2398 3183 2627 3249 saltem

415 3321 447 3358 α
485 3298 553 3361 ἰιι
600 3295 721 3361 hac
781 3299 967 3378 parte
1010 3309 1139 3355 non
1201 3290 1489 3374 patiatur
1537 3312 1552 3355 ε
1603 3297 2021 3374 possuntque,
2075 3294 2123 3354 si
2171 3311 2438 3361 necesse
2495 3308 2618 3378 est,

415 3437 448 3475 «
482 3411 875 3496 compellere
894 3405 979 3473 ad
999 3406 1120 3471 hoc
1140 3403 1565 3489 parochianos
1587 3404 1730 3471 illos
1748 3403 2095 3470 ordinarii.
2125 3406 2377 3486 Quibus
2405 3417 2622 3478 tamen

416 3552 446 3589 α
486 3545 613 3593 ιιοιι
661 3521 1093 3598 obstantibus,
1137 3527 1407 3602 possunt
1453 3518 1654 3585 iidem
1694 3517 2049 3597 ordinarii,
2095 3526 2457 3603 praesertim
2510 3528 2625 3596 ubi

416 3668 449 3705 α
486 3646 837 3725 proventus
870 3636 1158 3703 matricis
1196 3634 1438 3718 copiosi
1463 3641 1641 3714 sunt,
1680 3640 1751 3698 et
1774 3633 2311 3717 parochianorum
2339 3658 2491 3723 pars
2515 3644 2626 3710 illa

416 3782 451 3819 «
484 3757 707 3823 avulsa
755 3753 1072 3838 egentior,
1116 3769 1198 3815 ex
1247 3746 1571 3813 fructibus
1625 3747 2230 3834 quomodocumque
2273 3751 2360 3818 ad
2409 3762 2629 3824 matri-

416 3901 450 3938 «
485 3890 629 3939 cem
672 3867 1147 3955 pertinentibus
1185 3864 1352 3928 banc
1393 3881 1578 3929 novoe
1629 3863 1914 3928 ecclesiae
1951 3861 2197 3944 dotem,
2235 3874 2305 3933 et
2343 3873 2497 3937 novi
2525 3892 2632 3941 re-

418 4015 448 4051 «
486 3988 684 4054 cteris
729 4002 1079 4067 congruam
1102 3979 1474 4047 desumere.
1506 4000 1543 4041 n
1577 3979 1972 4065 (Leurenius,
2015 3984 2234 4045 Forum
2262 3985 2626 4071 beneficiate,

415 4112 603 4187 parte
645 4105 706 4180 l,
737 4100 1088 4185 quaestione
1126 4099 1273 4173 159,
1312 4115 1380 4161 ιι.
1432 4091 1519 4177 1.)

505 4217 764 4284 Plenior
792 4222 863 4279 et
892 4213 1124 4278 clarior
1151 4211 1436 4294 Fagnani
1463 4206 1551 4273 ad
1579 4207 1876 4274 eamdem
1913 4211 2332 4293 quaestionem
2371 4233 2638 4302 respon..

414 4334 552 4401 sio:
597 4354 632 4396 α
659 4330 723 4397 Si
758 4328 988 4416 aliquis
1023 4325 1412 4409 reperiatur,
1447 4324 1560 4412 qui
1618 4323 1778 4392 velit
1817 4341 1961 4391 eam
2008 4344 2093 4392 ex
2135 4326 2322 4394 bonis
2360 4336 2642 4418 propriis

2294 4441 2363 4500 18
