3146 4973
1178 383 1338 431 rans
1383 383 1653 444 onim-A.
2411 370 2534 433 557

308 530 340 569 α
374 507 442 570 in
481 525 666 572 mora
694 506 961 591 petendi
1006 514 1075 573 et
1120 506 1549 589 exspectandi
1583 507 1934 582 licentiam,
1975 513 2137 573 tunc
2186 508 2531 589 parochus,

307 643 338 680 α
374 622 601 688 relicto
642 621 881 687 idoneo
917 623 1184 700 vicario,
1219 620 1559 688 discedere
1604 623 1846 704 poterit
1892 620 2137 705 absque
2185 622 2538 705 praehabita

307 758 339 795 α
370 737 630 801 licentia
661 736 1008 815 Ordinarii,
1031 738 1182 821 quia
1215 738 1568 803 necessitas
1599 755 1729 802 non
1757 735 1957 801 habet
1985 736 2196 817 legem
2228 736 2428 820 (atque
2450 741 2536 800 ibi

308 873 340 911 α
375 857 526 914 citat
560 856 839 916 Fer-raris
876 855 1081 933 plures
1109 858 1279 934 juris
1321 852 1545 936 tamtus)
1584 873 1597 915 ε
1645 853 1733 917 ita
1772 860 2015 928 tamen,
2055 859 2132 916 ut
2167 851 2536 934 hujusmodi

306 989 338 1026 a
375 967 696 1050 parochus
724 968 1203 1051 quamprimum
1232 970 1498 1050 poterit,
1536 975 1843 1033 teneatur
1871 967 2227 1032 certiorare
2260 966 2534 1032 Ordina-

301 1104 336 1142 «
367 1083 536 1146 rium
569 1082 655 1148 de
685 1083 797 1147 tali
822 1102 939 1149 suo
971 1082 1262 1148 discessu
1287 1092 1485 1167 atque
1518 1084 1905 1149 necessitate
1935 1091 2235 1166 urgente,
2275 1089 2348 1148 ut
2371 1084 2423 1147 is
2446 1082 2531 1149 de

301 1222 332 1260 α
368 1217 558 1264 causa
584 1207 952 1282 cognoscat,
985 1207 1054 1265 et
1087 1200 1415 1265 licentiam
1446 1197 1787 1277 concedat,
1821 1200 1944 1263 nisi
1970 1200 2055 1263 sit
2085 1198 2272 1263 brevi
2305 1218 2533 1264 rever-

301 1337 334 1375 «
364 1334 576 1380 suruS.
611 1316 690 1379 Et
742 1317 833 1379 sic
888 1313 1256 1379 declarasse
1307 1315 1564 1379 Sacram
1623 1314 2202 1396 congregationem
2269 1313 2533 1379 Concilii

302 1453 333 1490 ι(
365 1430 665 1495 referunt
702 1431 1074 1507 Garoias...,
1110 1429 1480 1495 Barbosa...
1514 1452 1548 1490 »

384 1548 482 1611 De
527 1565 654 1630 qua
687 1545 987 1612 doctrina
1027 1547 1218 1612 facile
1263 1552 1445 1629 patet
1488 1547 1679 1610 ratio.
1718 1544 1913 1626 Quod
1944 1563 2177 1627 nempe
2218 1547 2415 1628 possit
2465 1549 2528 1611 in

295 1658 470 1724 dicto
518 1678 671 1724 casn
714 1659 1053 1725 discedere
1098 1660 1421 1744 parochus
1458 1668 1611 1724 ante
1662 1660 1932 1741 petitam
1972 1667 2042 1724 et
2086 1660 2421 1725 obtentam
2462 1661 2532 1725 li-

296 1777 598 1851 centiam,
636 1776 930 1858 sequitur
961 1795 1046 1841 ex
1082 1775 1369 1858 generali
1404 1775 1746 1857 principiO,
1783 1774 1997 1856 legem
2029 1774 2528 1840 ecclesiasticam

295 1907 444 1952 cum
498 1890 684 1972 gravi
728 1889 1137 1956 incommodo
1197 1908 1326 1954 non
1383 1888 1697 1971 obligare.
1748 1888 1940 1968 Quod
2008 1896 2225 1953 autem
2287 1892 2530 1957 certior

292 2004 771 2086 quamprimum
814 2003 962 2068 fieri
1009 2004 1253 2070 debeat
1307 2003 1666 2087 Episcopus
1688 2050 1704 2079 ,
1748 2003 2050 2086 sequitur
2097 2023 2179 2069 ex
2227 2021 2311 2068 eo
2351 2003 2529 2088 quod

288 2117 396 2183 lex
447 2116 821 2183 Tridentina
840 2168 856 2195 ‚
911 2120 1290 2201 praecipieus
1350 2124 1427 2182 ut
1468 2116 1819 2182 Ordinario
1877 2116 2257 2183 declaretur
2296 2137 2484 2183 causa
2504 2167 2520 2196 ,

289 2250 695 2317 nequaquam
742 2252 996 2299 cessare
1041 2232 1371 2299 censenda
1413 2233 1516 2309 sit,
1559 2230 1823 2316 quando
1870 2240 2023 2297 ante
2073 2232 2426 2298 discessum
2486 2254 2523 2299 e

286 2348 591 2431 parochia
640 2368 767 2413 non
805 2349 1074 2433 impleta
1106 2356 1241 2432 est3
1277 2347 1397 2414 sed
1435 2348 1649 2414 adhuc
1690 2366 2030 2414 remanere
2064 2347 2423 2432 explenda3
2455 2349 2525 2416 id

288 2464 590 2529 nimirum
643 2467 944 2548 exigente
1004 2464 1167 2549 legis
1216 2463 1380 2543 fine,
1433 2465 1547 2549 qui
1602 2471 1779 2531 totus
1837 2472 1906 2531 et
1955 2463 2128 2530 idem
2190 2473 2518 2549 remanet;

284 2577 637 2662 siquidem,
677 2588 1018 2664 postquam
1067 2580 1264 2644 etiam
1311 2578 1609 2645 discessit
1646 2578 2001 2661 parochuS,
2047 2577 2311 2663 plurimi
2359 2581 2523 2644 inte-

285 2702 422 2759 rest
454 2703 529 2760 ut
561 2714 816 2761 causam
850 2697 1205 2780 Episcopus
1230 2703 1598 2778 cognoscat,
1634 2704 1705 2759 et
1755 2696 2064 2760 vicarium
2096 2694 2519 2760 substitutum

286 2809 626 2892 approbet.

373 2925 772 2992 Pnol‘osrrlo
816 2926 952 2989 111⁸.
1006 2962 1095 2975 υ-
1124 2929 1358 2988 Praeter
1397 2947 1643 2990 causam
1694 2929 2027 3008 leqitimam
2042 2976 2062 3006 ‚
2114 2935 2173 2990 et
2231 2934 2517 3009 scriptam

283 3041 562 3120 Episcopi
599 3042 937 3118 licentiam,
987 3043 1062 3102 de
1102 3042 1315 3119 quibus
1353 3061 1570 3120 supra,
1616 3048 1948 3121 requiritur
1988 3050 2057 3104 ut
2112 3045 2518 3106 substituatur

281 3156 528 3216 idoneus
572 3159 835 3216 vicarius
870 3157 946 3216 ab
977 3157 1268 3235 Episcopo
1298 3157 1688 3236 approbatus,
1734 3175 1866 3218 cum
1908 3159 2171 3219 mercede
2225 3175 2512 3236 conqr‘ua.

281 3268 462 3332 —Id
482 3287 789 3351 expresse
814 3268 1113 3335 decrevit
1130 3268 1507 3335 Tridentina
1526 3269 1819 3353 synodus
1848 3270 1948 3334 his
1970 3269 2218 3334 verbis:
2254 3294 2284 3331 «ι
2310 3272 2520 3351 Quan-

288 3405 320 3443 01
354 3381 719 3467 documque
757 3403 890 3460 eoS,
925 3403 1118 3448 causa
1165 3386 1345 3466 prius
1385 3403 1504 3466 per
1531 3386 1922 3467 Episcopum
1975 3385 2230 3468 cognita
2267 3394 2336 3451 et
2368 3404 2518 3468 pro-

289 3523 319 3558 «
354 3499 540 3575 bata,
596 3501 823 3565 abesse
875 3500 1256 3583 contigerit,
1311 3501 1621 3565 vicarium
1671 3500 2014 3581 idoneum,
2072 3500 2154 3565 ab
2208 3502 2349 3584 ipso
2404 3503 2516 3568 Or-

285 3638 317 3674 α
353 3614 602 3679 dinario
646 3614 1177 3699 approbandum,
1233 3634 1380 3681 cum
1437 3615 1663 3682 debita
1719 3615 2038 3682 mercedis
2087 3618 2513 3700 assignatione

286 3755 316 3792 «
351 3731 724 3815 relinquant
757 3755 789 3791 »
829 3733 1008 3816 (sess.
1041 3734 1151 3807 23,
1188 3751 1247 3796 c.
1292 3730 1375 3814 1).

370 3852 545 3912 Nota.
581 3884 669 3895 -—
699 3847 892 3923 Cum,
932 3867 1016 3912 ex
1066 3846 1443 3930 praemissis,
1489 3844 1576 3911 ad
1612 3846 1966 3929 legitimam
2020 3848 2381 3914 absentiam
2428 3851 2512 3914 si-

279 3963 418 4027 mul
458 3980 851 4026 concurrere
894 3960 1178 4026 debeant
1225 3961 1479 4045 justitia
1509 3981 1717 4026 eausae
1766 3970 1834 4028 et
1872 3963 2170 4046 Episcopi
2219 3964 2504 4043 licentia,

280 4076 332 4139 si
366 4076 570 4139 altera
610 4096 693 4139 ex
738 4074 837 4138 his
878 4074 1352 4141 conditionibus
1389 4073 1585 4152 desit,
1620 4076 1841 4141 licitus
1890 4096 2023 4142 non
2068 4078 2195 4142 erit
2240 4080 2508 4160 parochi

279 4187 622 4254 discessus.
659 4193 791 4254 Nec
812 4188 1126 4273 justitiam
1157 4209 1390 4267 causae,
1416 4192 1469 4254 si
1503 4190 1677 4255 forte
1711 4190 1906 4267 desit,
1948 4194 2257 4274 supplere
2294 4205 2508 4275 potest

277 4305 578 4386 Episcopi
619 4304 913 4388 licentia3
953 4308 1100 4389 quia
1153 4306 1501 4371 universali
1554 4306 1698 4388 lege
1749 4307 1964 4391 (quam
2005 4307 2241 4374 tollere
2278 4313 2506 4394 nequit

275 4419 649 4504 Episcopus)
676 4420 1060 4503 prohibetur
1084 4419 1406 4487 discessus
1433 4421 1677 4506 absque
1712 4439 1904 4488 causa
1928 4421 2236 4506 legitima.
2285 4424 2496 4502 Unde,
