3146 4973
1248 404 1408 456 »ΑΕΒ
1456 406 1718 454 rsnru.
2469 390 2593 454 423

1268 722 1535 788 CAPUT
1572 725 1682 789 lv.

368 959 597 1010 nonMA
658 961 1039 1010 Rssuovmm
1095 962 1393 1012 vchmos
1452 964 1781 1024 CURATOS,
1852 966 1941 1014 An
2001 967 2230 1015 Nurum
2289 966 2596 1015 Amemus

755 1079 1059 1128 currum
1119 1082 1239 1129 SEU
1301 1080 1704 1130 MONASTERH
1763 1082 2179 1132 AMOVIBILES.

447 1345 723 1431 Quando
751 1366 906 1416 cura
930 1348 1120 1418 alicui
1148 1349 1539 1417 clericorum
1573 1350 1871 1434 collegio,
1907 1350 2098 1418 verbi
2122 1352 2348 1435 gratia,
2381 1351 2595 1420 cathe-

356 1463 526 1536 drali
574 1462 863 1547 capitulo
907 1461 1163 1532 adnexa
1208 1464 1359 1541 fuit,
1402 1467 1707 1532 exerceri
1748 1463 1975 1544 debet,
2019 1483 2151 1532 non
2183 1466 2270 1534 ab
2298 1466 2597 1534 omnibus

357 1579 577 1657 simul,
631 1587 746 1646 ant
794 1578 1062 1663 singulis
1100 1598 1221 1663 per
1265 1581 1440 1646 vices
1481 1581 1830 1659 canonicis,
1885 1579 2003 1646 sed
2042 1580 2127 1646 ab
2169 1600 2302 1646 uno
2343 1580 2431 1648 ad
2471 1581 2594 1648 hoc

355 1692 753 1778 designando
783 1699 851 1759 et
887 1692 1293 1777 deputando.
1328 1697 1430 1761 Ita
1459 1693 1782 1781 siquidem
1809 1697 2204 1781 praescripsit
2222 1695 2596 1766 Tridentina

361 1807 668 1894 synodum
722 1815 799 1873 ut
836 1826 1035 1892 snpra
1089 1809 1325 1895 (capite
1363 1809 1426 1894 2)
1466 1809 1601 1895 jam
1647 1809 1774 1876 fuit
1809 1808 2216 1878 adnotatum.
2259 1810 2593 1897 Ejusmodi

358 1930 579 1994 autem
611 1923 967 2008 deputatus
1001 1924 1089 1991 ad
1120 1943 1345 1991 curam
1393 1931 1662 1990 vicarius
1712 1934 1957 1989 curatus
2005 1925 2269 1992 dicitur.
2317 1928 2401 1993 Et
2442 1928 2593 1996 licet

355 2040 712 2124 capitulum
758 2043 981 2106 eurain
1031 2046 1100 2104 in
1158 2042 1369 2105 habitu
1411 2044 1699 2108 retinere
1747 2041 2025 2120 dicatur,
2089 2046 2157 2108 in
2193 2042 2335 2128 ejus
2372 2051 2592 2110 tamen

353 2156 670 2222 exercitIo
696 2174 838 2222 sese
864 2154 1307 2222 intromittere
1334 2157 1583 2241 nequit,
1613 2156 1734 2223 sed
1757 2163 1970 2222 totum
2000 2176 2172 2226 curae
2203 2159 2588 2226 exercitium

350 2279 452 2338 est
486 2290 691 2355 penes
719 2269 1033 2340 vicarium
1060 2277 1398 2357 curatum3
1429 2272 1543 2357 qni
1568 2271 1723 2340 ideo
1747 2292 1867 2356 pro
1895 2293 2054 2340 vero
2079 2272 2360 2357 parocho
2389 2273 2591 2340 habe·

350 2394 484 2455 tur.
534 2388 705 2462 Olim
766 2385 1087 2472 ejusmodi
1138 2388 1418 2456 vicarius
1463 2395 1728 2456 curatus
1773 2388 2156 2456 remanebat
2210 2389 2295 2456 ad
2354 2395 2585 2457 nutum

350 2504 615 2589 capituli
651 2503 1056 2573 revocabilis.
1092 2504 1174 2571 At
1203 2503 1584 2571 Tridentino,
1602 2503 1893 2589 synodus
1915 2504 2124 2571 voluit
2156 2523 2345 2591 posse
2375 2505 2585 2590 ipsum

345 2619 736 2689 anctoritate
758 2620 1057 2704 Episcopi
1086 2621 1397 2685 constitui
1414 2627 1796 2705 perpetuum.
1825 2625 2030 2697 Posse,
2063 2620 2371 2705 inquam:
2410 2618 2588 2687 dicta

345 2735 517 2805 enim
545 2734 839 2822 synodus
858 2735 1143 2805 liberum
1172 2735 1330 2803 fecit
1360 2734 1741 2814 ordinariis,
1792 2743 1886 2814 ut,
1929 2737 1984 2803 si
2019 2737 2110 2801 ita
2146 2734 2466 2820 expedire
2487 2734 2586 2820 jn-

345 2849 665 2929 dicarent.
709 2849 1029 2936 ejusmodi
1063 2851 1380 2917 vicarium
1420 2851 1874 2936 relinquerent
1915 2849 2001 2917 ad
2045 2858 2278 2919 nutum
2318 2852 2586 2937 capituli

344 2967 802 3039 revocabilem.
826 2968 991 3037 Hinc
1012 2967 1309 3037 nonnulli
1336 2965 1692 3035 hodiedum
1723 2974 1987 3037 exstant
2014 2966 2335 3052 eiusmodi
2360 2967 2583 3035 vicarii

341 3083 573 3161 curati,
607 3086 691 3149 ad
724 3091 937 3151 nutum
964 3086 1201 3164 colloq&
1230 3081 1656 3148 revocabiles.
1703 3083 1787 3149 Et
1830 3080 1916 3148 de
1967 3081 2065 3149 his
2105 3082 2375 3166 quaestio
2411 3102 2582 3149 nunc

341 3207 467 3277 est,
498 3195 829 3284 quomodo
856 3199 1162 3267 canonice
1198 3203 1684 3264 removeantur.

436 3320 494 3381 1.
536 3314 770 3387 Refert
819 3316 1159 3399 Fagnanns
1219 3314 1309 3400 (in
1359 3320 1558 3397 capus,
1605 3316 1757 3377 Cum
1814 3316 1899 3377 ad
1963 3318 2391 3377 monasterium
2410 3362 2431 3392 ,
2502 3316 2579 3379 de

339 3436 521 3501 Statu
548 3433 851 3511 monach„
888 3430 1044 3499 libri
1073 3433 1111 3496 3
1144 3428 1604 3507 decretalium,
1642 3448 1707 3493 n.
1747 3425 1858 3512 39)
1888 3428 2085 3494 fuisse
2116 3448 2153 3493 a
2181 3429 2377 3495 Sacra
2414 3427 2577 3495 Gon-

339 3547 717 3631 gregatioaa
763 3547 1030 3615 Concilii
1077 3544 1368 3613 decisum
1404 3545 1473 3611 in
1530 3545 1706 3613 hunc
1756 3543 2023 3615 modum
2063 3565 2078 3608 ε
2125 3567 2158 3605 α
2203 3544 2302 3611 An
2353 3546 2578 3611 vicarii

342 3683 377 3722 α
414 3660 791 3733 amovibsses
817 3658 1121 3746 deputati
1156 3659 1241 3729 ad
1264 3665 1499 3729 nutum
1528 3659 1794 3745 capituli
1841 3677 1964 3747 pro
2010 3659 2328 3727 exercitio
2373 3677 2569 3739 cum,

342 3800 375 3836 α
411 3776 652 3859 praevia
677 3775 1146 3860 approbatione
1178 3775 1497 3861 Episcopi,
1523 3775 1774 3863 possint
1805 3773 1889 3840 ab
1921 3774 2061 3859 ipso
2090 3775 2408 3860 Episcopo
2435 3775 2576 3843 sine

343 3915 375 3955 ι(
409 3909 605 3961 cause
631 3892 969 3963 amoveri?
991 3928 1084 3941 --
1106 3892 1306 3960 Sacra
1346 3890 1782 3975 Congregatio
1823 3890 2077 3957 censuit
2104 3889 2378 3973 vicarios
2407 3908 2574 3977 prae-

342 4030 375 4067 «
408 4005 616 4075 dictos
650 4025 838 4093 posse
860 4027 899 4073 a
925 4008 1212 4092 capitulo
1247 4006 1534 4073 amoveri
1560 4004 1647 4073 ad
1665 4010 1898 4071 nutum
1927 4004 2196 4089 capituli
2229 4026 2244 4069 z
2283 4005 2365 4070 ab
2388 4001 2572 4073 Ordi-

341 4145 373 4185 «
411 4124 592 4195 nario
634 4141 795 4191 vero
844 4123 1098 4191 nonnisi
1140 4142 1224 4191 ex
1266 4141 1459 4193 causa
1500 4121 1794 4209 legitima
1831 4127 1902 4186 et
1941 4119 2218 4209 probata
2238 4166 2254 4197 ,
2303 4127 2576 4209 propter

344 4262 377 4305 «
410 4256 629 4325 quani.
670 4238 923 4307 etiamsi
952 4240 1259 4323 perpetui
1286 4244 1527 4315 essent,
1570 4234 1864 4305 amoveri
1898 4242 2241 4320 possent.»

425 4354 739 4437 Reperies
756 4354 953 4427 etiam
972 4374 1010 4422 a
1028 4354 1261 4423 Garcia
1276 4354 1550 4423 relatam
1566 4351 1665 4439 (de
1677 4351 2017 4429 Beneficiis,
2039 4357 2225 4434 parte
2250 4353 2272 4417 1
2293 4397 2309 4428 ,
2332 4369 2473 4434 cap.
2499 4353 2562 4426 2,

329 4489 395 4535 n.
453 4466 563 4553 94)
612 4473 997 4557 sequentem
1040 4469 1252 4539 Sacrae
1292 4466 1820 4555 congregationis
1874 4464 2138 4537 Concilii
2185 4462 2568 4541 declaratio-
