3146 4973
1172 427 1332 475 rans
1373 428 1607 476 rmus.
2370 413 2441 476 21
2470 413 2487 475 l

279 548 673 616 Pontificum
701 548 970 615 decreta
1000 551 1300 633 gnaviter
1331 551 1628 618 insectati
1662 558 1852 636 sunt3
1887 549 2273 638 duobusque
2300 571 2506 621 reme·

281 664 407 731 diis
428 665 600 731 malo
622 665 937 732 obsistere
957 674 1367 752 sategerunt3
1395 667 1815 736 decernendo
1836 687 2073 751 nempe
2094 689 2109 733 ε
2140 673 2207 734 1⁰
2228 675 2301 733 ut
2324 676 2507 735 certa

283 799 569 864 congrua
607 783 819 866 portio
869 783 1108 849 vicario
1173 789 1402 849 curato
1448 784 1708 867 erogari
1745 782 2061 868 deberet3
2114 786 2184 848 2ο
2214 793 2291 851 ut
2330 784 2505 850 idem

283 900 560 964 vicarius
581 904 851 963 curatus
876 898 1080 964 semel
1111 900 1500 965 constitutus
1533 919 1665 966 non
1698 906 1919 982 posset
1956 900 2251 966 revocari
2274 900 2361 965 ad
2385 919 2511 966 nu-

285 1023 426 1080 tum
474 1012 741 1096 parochi
784 1012 1176 1097 principalis,
1228 1011 1300 1077 id
1357 1020 1477 1092 cst,
1523 1014 1813 1099 capituli,
1865 1017 2344 1095 monasteriive‚
2390 1017 2513 1084 sed

285 1137 649 1216 perpetuus
676 1131 746 1196 in
769 1128 976 1196 officio
1005 1149 1123 1196 suo
1148 1148 1286 1195 esse
1315 1128 1616 1195 deberet.

377 1248 463 1312 Il.
500 1247 663 1311 Rem
704 1245 792 1309 ita
835 1262 978 1311 sese
1007 1244 1305 1310 habuisse
1359 1245 1581 1328 paucis
1630 1244 2072 1311 ostendamus.
2122 1269 2154 1307 α
2189 1249 2329 1314 Non
2375 1264 2514 1314 mo-

295 1388 330 1427 α
356 1362 544 1429 nachi
567 1370 787 1428 autem
822 1361 942 1428 soli
982 1361 1094 1447 (ait
1115 1358 1608 1445 Thomassinns),
1640 1361 1762 1428 sed
1792 1363 2088 1447 Episcopi
2116 1364 2515 1447 parochiales

297 1505 331 1541 a
357 1479 684 1545 habebant
701 1478 1028 1556 ecclesiaS,
1054 1494 1327 1562 quarum
1355 1483 1714 1561 proventus
1739 1476 2209 1561 percipiebant,
2232 1498 2519 1564 congrua

301 1620 334 1657 a
357 1596 655 1680 portione
708 1592 1005 1677 parochis
1063 1593 1170 1658 vel
1228 1592 1484 1659 vicariis
1537 1593 1857 1676 assignata
1921 1592 2130 1679 (parte
2195 1597 2253 1674 1,
2286 1594 2402 1661 lib.
2446 1599 2511 1673 2,

301 1734 335 1773 α
361 1731 422 1776 c.
466 1714 575 1788 27,
605 1730 669 1774 n.
710 1707 802 1793 4).
855 1708 1212 1774 Concilium
1263 1707 1725 1773 Abrincatense
1776 1709 1926 1772 anni
1972 1711 2139 1776 1172
2187 1728 2300 1776 eos
2337 1714 2521 1795 gravi

301 1851 338 1889 α
363 1827 651 1893 cauterio
677 1825 930 1903 inussit,
973 1825 1088 1909 qui
1117 1823 1530 1890 conductitiis
1556 1824 1911 1909 annuisque
1943 1826 2195 1891 vicariis
2222 1827 2523 1894 ecclesias

305 1970 338 2006 α
367 1941 902 2009 commendarent
957 1939 1167 2026 (ibid.‚
1214 1960 1278 2004 n.
1336 1938 1424 2024 5).
1457 1940 1810 2006 Concilium
1873 1939 2323 2008 Avenionense
2374 1946 2524 2009 anni

306 2085 342 2123 α
376 2061 542 2126 1232
595 2060 843 2135 statuit,
881 2065 957 2123 ut
987 2056 1054 2121 in
1083 2056 1396 2134 ecclesiis,
1436 2074 1600 2141 quas
1634 2056 1927 2121 monachi
1960 2057 2521 2142 adgubernabant,

308 2201 343 2238 «ι
370 2176 619 2259 priores
647 2175 965 2257 Episcopo
1001 2179 1153 2237 ante
1192 2191 1305 2237 sex
1354 2190 1610 2237 menses
1648 2172 1925 2237 vicarios
1955 2171 2266 2240 offerrent
2296 2192 2531 2259 perpe-

309 2316 344 2353 α
371 2299 543 2374 tuos3
573 2288 814 2374 alioqui
825 2288 1086 2371 ipsimet
1103 2286 1403 2371 Episcopi
1423 2291 1783 2371 perpetuos
1807 2286 2127 2370 eligerent
2146 2295 2216 2354 et
2231 2289 2533 2356 institue-

313 2431 350 2469 «
379 2414 549 2485 rent,
609 2410 920 2491 certaque
966 2410 1407 2488 proventuum
1434 2410 1622 2486 parte
1662 2400 1974 2468 dotarent
2004 2425 2018 2469 :
2052 2407 2131 2468 In
2156 2408 2417 2488 sinyulis
2441 2427 2534 2470 cc-

313 2547 350 2588 «
376 2527 572 2588 etesiis
588 2543 704 2606 per
736 2522 1051 2586 monachos
1081 2523 1282 2584 solitis
1316 2522 1664 2600 qubcmari,
1703 2522 1872 2600 infra
1900 2539 2010 2584 sex
2052 2539 2279 2585 memes
2298 2528 2538 2604 priores

317 2661 352 2704 a
377 2659 580 2704 earum
619 2644 748 2702 suis
785 2642 1146 2702 Dioecesanis
1179 2638 1263 2698 ad
1306 2655 1512 2698 curam
1558 2642 1902 2699 aninmrum
1937 2645 2256 2719 perpetuos
2287 2642 2538 2721 presby-

315 2780 352 2818 «
381 2765 537 2821 ceros
589 2759 1011 2838 reproesentent
1058 2752 1221 2839 (can.
1283 2748 1418 2834 29).
1472 2748 1604 2816 Sed
1649 2750 1976 2835 aliquanto
2016 2752 2414 2820 luculentius
2457 2773 2541 2819 ex

318 2897 353 2933 α
380 2871 647 2938 concilio
679 2869 1041 2936 Arelatensi
1084 2867 1234 2933 anni
1272 2868 1441 2931 1260
1479 2864 1874 2945 declaratur,
1911 2886 2055 2953 quae
2082 2868 2211 2933 illis
2237 2865 2303 2934 in
2330 2872 2545 2954 regio·

321 3014 356 3051 ιι
385 2989 573 3054 nibus
597 2994 668 3053 et
688 2984 1121 3069 parochorum
1151 2987 1325 3049 esset
1349 2980 1632 3048 conditio
1656 2988 1725 3047 et
1750 2983 2163 3049 vicariorum.
2197 2986 2546 3052 Parochias

317 3129 354 3167 a
380 3104 726 3190 plerasque
758 3120 985 3168 omnes
1017 3097 1315 3164 monachi
1343 3097 1671 3182 regebant
1714 3098 1833 3181 ipsi
1873 3115 1998 3182 per
2042 3108 2272 3180 semet,
2319 3109 2386 3167 et
2429 3102 2545 3167 ad-

321 3246 356 3282 a
383 3219 864 3286 ministrationis
911 3235 1043 3281 suoe
1094 3215 1412 3280 rationem
1460 3215 1779 3298 Episcopo
1830 3215 2234 3282 referebant.
2278 3218 2360 3284 At
2396 3236 2544 3284 cum

320 3360 356 3397 α
383 3341 612 3420 postea
640 3334 987 3418 coepissent
1011 3331 1136 3414 ipsi
1161 3331 1371 3395 minus
1398 3327 1716 3408 residere,
1749 3333 2183 3414 temporarios
2203 3332 2549 3399 substitue-

321 3478 359 3516 «
385 3461 542 3519 runt
585 3451 709 3516 sibi
753 3450 1056 3524 vicerim,
1105 3464 1567 3531 nonnunquam
1620 3465 1704 3511 ne
1750 3446 2226 3512 substituerunt
2277 3448 2544 3534 quidem

325 3594 359 3632 a
385 3570 549 3636 ullos
584 3590 599 3634 :
635 3571 954 3632 statutum
1009 3571 1111 3628 est
1148 3561 1217 3627 in
1261 3560 1382 3627 hoo
1428 3561 1728 3639 concilio,
1768 3570 1843 3627 ut
1882 3563 1986 3628 vel
2041 3566 2380 3648 regulares
2426 3569 2547 3652 ipsi

329 3711 362 3748 a
387 3683 777 3757 residerent,
816 3679 926 3745 vel
953 3679 1226 3742 vicarios
1260 3675 1632 3742 sufficerent
1662 3677 1784 3743 sibi
1826 3686 2201 3762 perpetuoS,
2238 3701 2386 3747 cum
2433 3685 2550 3748 sti-

330 3827 365 3864 «
393 3799 650 3886 pendiis
674 3796 957 3879 idoneis3
998 3794 1235 3878 alioqui
1271 3792 1566 3877 Episcopi
1601 3792 1724 3875 ipsi
1752 3799 2104 3876 perpetuos
2128 3795 2219 3861 ibi
2251 3797 2551 3864 institue-

329 3943 364 3980 «
393 3923 544 3982 rent
571 3914 844 3981 vicarios
886 3930 900 3973 :
939 3915 1098 3991 Quia
1123 3914 1316 3992 major
1335 3925 1484 3990 pars
1504 3907 1883 3970 ecclesiarum
1908 3912 2345 3989 parochialium
2373 3914 2551 3995 lmjws

335 4062 366 4095 α
392 4039 720 4117 provincia,
751 4031 834 4093 ad
868 4028 1287 4091 monachorum
1321 4027 1418 4087 vel
1450 4031 1843 4087 conventuum
1884 4028 2256 4106 reputor-ium
2288 4038 2555 4110 pertinet

338 4175 372 4217 a
394 4157 723 4236 prioratus,
752 4150 827 4211 de
857 4161 1108 4227 quorum
1130 4144 1398 4223 colleqiis
1419 4144 1614 4222 aliqui
1642 4149 1997 4205 consuerant
2024 4148 2091 4206 in
2117 4149 2269 4226 ipsis
2296 4149 2557 4213 ecclesiis

337 4292 374 4332 α
398 4272 673 4331 continue
700 4265 979 4338 residere,
1007 4266 1066 4322 ct
1087 4261 1330 4339 deipsis
1351 4261 1645 4319 rationem
1664 4257 1913 4320 reddere
1928 4261 2207 4338 proelatis
2230 4281 2251 4324 .·
2274 4281 2430 4325 nunc
2454 4285 2559 4328 au-

339 4407 374 4447 «
403 4382 983 4463 tem,etc...vicario
993 4382 1281 4458 perpetuo
1287 4391 1401 4455 per
1411 4375 1733 4455 proelatam
1748 4377 2049 4454 instituto,
2076 4381 2204 4439 etc.
2222 4377 2442 4462 ..(can.
2468 4378 2561 4462 1).

342 4523 376 4560 α
405 4498 502 4565 Ex
533 4496 660 4562 hoc
708 4509 951 4559 canone
1000 4489 1357 4554 elucescit:
1404 4490 1470 4550 1ο
1503 4485 1635 4571 jam
1694 4497 1832 4553 tum
1886 4489 2161 4554 vicarios
2214 4507 2343 4553 non
2403 4493 2564 4558 alios
