3146 4973
633 335 760 396 552
1301 350 1677 401 maci-arus
1721 354 1811 401 mc
1853 352 2181 402 raucone.

1659 619 1826 695 SV.

627 859 870 915 Quomodo
895 860 952 907 ad
983 861 1153 909 licitam
1183 862 1374 923 parochi
1413 862 1693 925 absentiam,
1724 869 1895 925 praeter
1933 876 2084 912 causae
2122 865 2456 925 legitimitatem
2501 863 2776 927 requiratur,
2799 871 2851 911 ut

695 966 837 1001 causa
861 952 1125 1002 declaretur
1151 956 1412 1017 Episcopo,
1444 958 1578 1019 isque
1604 957 1839 1006 licentiam
1874 957 1928 1006 iu
1961 958 2152 1020 seriptis
2181 957 2432 1020 concedat,
2461 961 2510 1008 et
2532 958 2716 1008 iuterim
2740 958 2850 1006 sub-

695 1046 921 1095 stituatur
940 1046 1144 1096 vicarius
1170 1048 1231 1096 ab
1261 1049 1496 1111 Episcopo
1516 1051 1822 1100 aurrobatus.

716 1292 1113 1357 Pnoposnuo
1143 1292 1226 1357 1⁸.
1248 1329 1337 1341 -—-
1356 1296 1453 1357 Ad
1478 1296 1811 1356 absentiam
1846 1296 2015 1356 ultra
2045 1297 2195 1357 duos
2216 1314 2463 1371 menses,
2499 1300 2845 1375 requiritur,

623 1415 845 1488 proeter
877 1426 1121 1470 causam
1155 1410 1514 1488 leyitimam,
1557 1410 1805 1472 licentia
1841 1411 2123 1491 Episcopi
2158 1416 2225 1472 in
2260 1417 2508 1490 scriptis
2552 1413 2722 1473 data.
2775 1446 2856 1458 —-

624 1519 894 1587 Constat
931 1541 1011 1586 ex
1055 1522 1154 1586 his
1187 1521 1584 1589 Tridentiuae
1635 1522 1870 1608 synodi
1912 1523 2133 1589 verbis
2173 1547 2187 1590 ε
2250 1548 2283 1585 α
2325 1522 2718 1590 Discedendi
2751 1544 2857 1588 au-

637 1659 670 1697 «
704 1643 840 1701 tem
869 1635 1221 1713 licentiam,
1261 1639 1326 1702 in
1363 1638 1622 1721 scriptis
1654 1638 1983 1722 gratisque
2013 1638 2528 1714 concedendam,
2564 1640 2734 1704 ultra
2762 1639 2860 1704 bi-

635 1775 667 1811 «
709 1757 949 1816 mestre
986 1759 1276 1835 tempuS,
1315 1753 1435 1817 uisi
1476 1773 1558 1819 ex
1602 1756 1783 1836 gravi
1825 1772 2049 1830 causa,
2081 1773 2214 1820 non
2258 1753 2595 1820 obtineant
2629 1778 2661 1813 n
2708 1755 2863 1840 (ses-

627 1867 805 1934 sione
845 1871 952 1945 23,
989 1888 1046 1933 c.
1082 1867 1168 1952 1.)
1204 1869 1472 1933 Constat
1504 1870 1699 1934 etiam
1744 1889 1827 1935 ex
1867 1868 2304 1936 declaratione
2341 1870 2547 1934 Sacrae
2587 1871 2867 1953 Congre-

632 1984 905 2066 gationis
957 1982 1221 2048 concilii
1257 2003 1453 2066 supra
1508 1984 1713 2050 relata
1751 1984 1805 2070 (§
1870 1989 1927 2060 1,
1972 2005 2038 2048 n.
2078 1982 2181 2068 5);
2223 1984 2338 2049 ubi
2380 1986 2579 2050 etiam
2617 1982 2870 2050 dicitur

632 2103 994 2163 evidentiam
1024 2118 1231 2166 causae
1263 2120 1299 2165 a
1323 2100 1614 2186 petenda
1660 2108 1729 2166 et
1765 2100 2119 2167 obtinenda
2144 2101 2407 2167 licentia
2450 2120 2871 2187 nequaquam

632 2233 980 2280 excusare.

725 2330 1121 2396 Pnoposmo
1176 2330 1284 2393 11⁸.
1368 2365 1455 2377 -—
1519 2332 1745 2392 Eadem
1824 2333 2107 2411 Episcopi
2175 2333 2421 2394 licentia
2488 2335 2831 2412 requiritur
2854 2384 2871 2410 ‚

629 2450 866 2509 etiamsi
895 2452 1115 2527 aqatur
1139 2452 1375 2508 tantum
1403 2446 1478 2508 de
1504 2444 1776 2507 absentia
1798 2463 1910 2526 per
1940 2447 2089 2509 duos
2118 2465 2366 2511 menses.
2425 2482 2487 2493 -
2526 2445 2890 2529 Colligitur

636 2582 718 2628 ex
753 2560 947 2628 modo
975 2562 1200 2626 relatis
1230 2559 1471 2637 verbis,
1504 2563 1808 2624 licentiam
1849 2567 1915 2623 in
1948 2567 2194 2643 scriptis
2222 2564 2683 2641 concedendam,-
2728 2582 2887 2648 quae

635 2695 960 2760 perpenso
1003 2683 1339 2751 contextu,
1375 2674 1700 2758 generalia
1737 2683 1914 2751 suut,
1947 2694 2070 2740 nec
2108 2676 2597 2759 restringuntur
2632 2675 2725 2741 ad
2776 2698 2895 2743 ca·

636 2810 780 2856 sum
818 2790 1122 2856 absentiae
1161 2790 1336 2854 ultra
1375 2789 1541 2856 duos
1581 2808 1836 2855 menses
1877 2789 2234 2856 duraturae.
2270 2789 2398 2856 Sed
2441 2800 2777 2874 praeterca
2818 2793 2897 2858 id

636 2904 997 2970 declaravit
1044 2905 1235 2970 Sacra
1288 2904 1718 2988 congregatio
1757 2905 2025 2969 Concilii
2046 2954 2061 2980 ,
2112 2911 2187 2969 ut
2241 2904 2467 2972 videre
2513 2914 2617 2971 est
2671 2927 2901 2990 supra

642 3022 698 3106 (5
737 3025 794 3098 1,
816 3041 882 3084 n.
905 3023 940 3086 3
965 3029 1033 3086 et
1051 3019 1143 3105 4).
1169 3019 1296 3085 Ubi
1325 3026 1596 3086 notetur
1616 3018 1929 3104 rejectam
1949 3020 2145 3086 fuisse
2168 3022 2667 3105 praetensiouem
2690 3041 2906 3106 paro-

639 3136 932 3214 chorum,
962 3137 1073 3221 qui
1100 3134 1588 3201 contendebant
1610 3136 1762 3200 satis
1781 3154 1943 3212 esse,
1967 3133 2183 3219 quoad
2204 3134 2558 3201 absentiam
2580 3135 2905 3203 duorum

642 3253 984 3329 mensium,
1030 3252 1083 3316 si
1115 3270 1307 3315 causa
1331 3248 1654 3334 Episcopo
1677 3249 2149 3329 declararetur,
2184 3270 2315 3316 nou
2352 3257 2710 3335 expectata
2742 3254 2915 3338 ejus

638 3369 925 3434 licentia.
961 3366 1148 3433 Idem
1180 3368 1576 3450 caeteroquin
1599 3374 1829 3432 tenent
1855 3367 2159 3433 doctores
2196 3369 2655 3442 communiter,
2707 3370 2919 3435 inter
3040 3420 3041 3425 η

639 3501 802 3568 quos
846 3484 937 3548 sic
986 3481 1387 3565 Pignatellus
1417 3480 1619 3569 (tomo
1657 3488 1719 3557 7,
1757 3481 2228 3548 consultatione
2267 3484 2333 3560 4,
2363 3502 2429 3547 ιι.
2469 3478 2577 3565 24)
2617 3503 2631 3547 ε
2682 3508 2719 3541 α
2760 3484 2919 3549 Pa-

644 3619 678 3657 «
719 3598 902 3662 rochi
943 3615 1070 3661 non
1115 3601 1403 3680 possunt,
1451 3614 1533 3660 cx
1571 3593 1847 3661 decreto
1883 3595 2139 3661 concilii
2188 3596 2274 3682 (in
2306 3597 2516 3680 capite
2571 3599 2594 3660 l
2658 3600 2931 3664 soesio—

648 3734 682 3771 «
722 3711 822 3773 nis
850 3707 958 3793 23)
1012 3710 1196 3774 annis
1225 3710 1488 3793 siugulis
1524 3729 1647 3793 per
1677 3708 1939 3793 aliquod
1972 3718 2233 3793 tempus
2269 3730 2307 3774 a
2340 3712 2474 3775 suis
2501 3711 2933 3793 parochiali-

650 3851 684 3888 «
724 3827 848 3892 bus
884 3827 1131 3904 abesse,
1184 3826 1308 3890 nisi
1352 3844 1544 3890 causa
1584 3826 1862 3908 cognita,
1907 3832 1976 3890 et
2016 3826 2280 3890 licentia
2320 3825 2403 3890 ab
2450 3825 2805 3910 Episcopo
2856 3828 2935 3891 iu

649 3965 681 4002 (ι
720 3943 975 4025 scriptis
1011 3942 1363 4008 obtenta...
1401 3942 1482 4005 Et
1517 3940 1813 4024 quamvis
1850 3936 2038 4004 dictis
2083 3938 2378 4022 parochis
2420 3938 2655 4003 abesse
2690 3940 2939 4006 licent

649 4079 684 4117 «
728 4076 847 4139 per
874 4057 1206 4132 bimestre,
1258 4064 1480 4122 tamen
1531 4056 1697 4121 hanc
1743 4055 2206 4121 authoritatem
2252 4053 2374 4119 sibi
2413 4072 2734 4137 arrogare
2776 4076 2939 4121 non

651 4197 683 4234 «ι
727 4178 1026 4258 possunt;
1063 4171 1181 4236 sed
1217 4173 1566 4249 licentiam,
1605 4178 1681 4235 ut
1714 4188 1933 4253 supra,
1971 4168 2053 4234 ab
2083 4169 2401 4252 Episcopo
2431 4167 2759 4235 obtinere
2802 4170 2945 4236 de·

651 4311 683 4349 α
726 4287 909 4352 bent.
939 4308 971 4346 »
1007 4285 1173 4349 Vide
1201 4286 1396 4350 etiam
1425 4285 1601 4351 idem
1635 4286 1827 4351 variis
1857 4284 2264 4350 documentis
2294 4283 2654 4368 probatum
2680 4306 2719 4351 a
2742 4288 2951 4353 Fer·

648 4403 820 4469 rario
848 4400 1077 4489 (verbo
1107 4402 1435 4477 Par-ochus,
1472 4406 1600 4466 art.
1639 4403 1703 4477 2,
1740 4420 1808 4465 n.
1838 4402 1921 4464 22
1950 4406 2021 4466 et
2057 4397 2251 4484 seq.).
