3146 4973
1295 369 1516 416 mnax.
2408 366 2530 430 703

2428 474 2533 531 Pag.

361 523 387 590 ζ
414 528 452 574 Ι.
490 528 613 586 Quid
642 529 701 579 de
730 530 837 593 jure
872 535 1107 584 communi
1135 545 1367 600 competat
1392 541 1597 602 parocho
1621 542 1746 593 circa
1774 544 2034 594 oblationes
2071 579 2363 597 ......
2433 550 2533 597 478

427 611 646 670 Quaestio
672 618 742 665 1⁸.
783 617 905 675 Quid
943 620 1038 669 sint
1081 622 1341 673 oblationes
1348 661 2361 682 ...................
2432 633 2532 682 478

423 698 641 757 Quaestio
663 704 738 751 2⁸.
777 704 848 751 Ad
886 720 1022 768 quem
1070 708 1332 769 pertineant
1378 710 1659 774 oblationes,
1689 720 1783 763 tam
1824 730 1927 779 quae
1960 717 2069 778 jure
2114 715 2360 779 debentur,

485 798 624 846 quam
669 801 771 849 quae
809 797 974 851 sponte
1009 793 1269 843 offeruntur
1273 830 2353 853 ....................
2428 805 2527 853 479

419 867 642 930 Quaestio
668 876 742 922 3⁸.
781 876 854 924 Ad
883 891 1127 940 quemnam
1158 883 1420 943 pertineant
1467 884 1731 934 oblationes
1777 900 1879 950 quae
1920 886 2061 948 fiunt,
2093 895 2190 936 tum
2222 889 2361 937 alicui

481 957 701 1019 cappellae
745 961 818 1009 vel
860 962 1050 1025 imagini
1103 965 1311 1015 ecclcsiae
1355 969 1661 1030 parochialis,
1694 977 1792 1018 tum
1825 972 1965 1020 alicui
1994 972 2199 1019 oratorio
2228 979 2360 1021 extra

479 1043 725 1093 ecclesiam
748 1048 1085 1111 parochialem,
1130 1051 1253 1100 intra
1293 1054 1519 1102 ambitum
1549 1061 1704 1104 tamen
1742 1057 1995 1118 parochiae,
2027 1057 2285 1107 existenti?
2344 1093 2356 1105 .
2426 1057 2526 1106 479

414 1125 632 1183 Qua-uio
660 1132 735 1177 4⁸.
773 1132 844 1179 An
877 1134 1135 1184 oblationes
1171 1151 1226 1185 ex
1261 1140 1445 1200 justitia
1474 1139 1755 1204 debeantur,
1779 1143 1843 1190 ita
1872 1150 1924 1191 ut
1947 1143 2358 1205 possit,parochus

477 1224 558 1261 eas
575 1214 795 1275 exigere?
819 1253 2347 1279 ............................
2424 1230 2525 1280 480

415 1294 633 1354 Quaestio
664 1302 736 1349 5⁰.
775 1302 1021 1360 Quomodo
1064 1304 1124 1352 ad
1170 1307 1455 1371 Episcopum
1508 1311 1741 1372 pertineat
1786 1312 2099 1363 determinare
2144 1328 2354 1377 quaenam

472 1384 731 1437 oblationes
769 1402 825 1437 ex
865 1391 1048 1450 justitia
1089 1393 1212 1455 exigi
1259 1396 1480 1457 possint?
1502 1432 2350 1450 ................
2422 1397 2522 1450 480

338 1464 364 1526 §
391 1466 454 1515 11.
493 1469 846 1524 Quonammodo
882 1475 1022 1524 hodie
1051 1477 1098 1525 in
1119 1479 1270 1529 Gallia
1288 1481 1368 1541 jus
1395 1483 1710 1543 parochorum
1738 1481 1890 1544 quoad
1920 1483 2179 1532 oblationes
2202 1483 2355 1533 deter-

404 1553 608 1601 minetur
638 1590 2341 1617 ...............................
2416 1571 2517 1619 482

269 1632 463 1683 CAPUT
491 1638 554 1686 X.
592 1640 680 1688 Jus
701 1644 895 1703 parochi
921 1646 1075 1706 quoad
1106 1647 1336 1698 funeralis
1381 1687 2348 1706 ..................
2418 1657 2518 1706 485

333 1718 358 1780 5
392 1720 431 1768 1.
460 1723 526 1770 De
543 1725 651 1784 jure
679 1727 934 1788 sepeliendi
967 1728 1026 1776 ad
1055 1734 1288 1793 parochos
1315 1737 1602 1796 pertinente.
1652 1773 2337 1789 .............
2412 1743 2512 1791 485

400 1804 707 1869 Proposita>
734 1811 796 1860 1⁸.
836 1813 1062 1876 Exceptis
1097 1817 1241 1865 certis
1281 1819 1494 1880 casibus,
1524 1834 1552 1868 a
1573 1822 1683 1882 Jure
1721 1821 2068 1883 determinatis,
2095 1823 2176 1883 jus
2210 1837 2347 1886 sepc-

463 1891 606 1941 liendi
642 1896 950 1957 parochianos
994 1898 1054 1946 ad
1099 1902 1356 1962 parochum
1389 1905 1590 1965 pertinet
1594 1942 2333 1957 ..............
2406 1911 2505 1958 485

396 1976 694 2041 Propositi'o
714 1981 802 2029 11⁸.
837 1983 889 2031 Si
914 1982 1020 2044 quis
1051 1986 1218 2034 habeat
1237 1988 1468 2048 majorum
1493 2004 1689 2040 suorum
1718 1994 2019 2054 sepulchrum
2048 1993 2180 2055 alibi,
2202 2008 2342 2057 quam

461 2065 507 2112 in
535 2068 774 2127 parochiae
797 2083 897 2119 suae
921 2073 1121 2120 ecclesia
1152 2072 1224 2119 vel
1249 2076 1527 2136 caemeterio,
1550 2091 1634 2127 nee
1654 2079 1792 2127 aliam
1816 2078 2105 2140 sepulturam
2130 2079 2341 2140 elegerit,

459 2162 550 2197 non
593 2159 771 2201 tantum
799 2162 1000 2216 potest,⁸
1027 2157 1109 2206 sed
1159 2157 1300 2207 debet
1343 2160 1390 2207 in
1427 2161 1555 2211 dicto
1603 2165 1832 2225 majorum
1863 2177 2054 2212 suorum
2089 2164 2339 2226 sepulchro

458 2235 648 2296 sepeliri
689 2273 2328 2299 ..............................
2403 2250 2503 2298 485

389 2317 688 2383 Proposita
718 2325 830 2373 111⁸.
870 2327 1095 2389 Quilibet,
1118 2329 1257 2379 modo
1284 2338 1466 2381 aetatem
1495 2335 1758 2395 pubertatis
1789 2332 2015 2394 attigerit,
2050 2334 2339 2398 sepulturam

458 2423 589 2458 suam
608 2411 781 2472 eligere
799 2419 971 2476 potest;
999 2415 1065 2463 ita
1089 2416 1206 2464 utin
1226 2430 1282 2464 ea
1299 2416 1467 2466 debeat
1485 2419 1696 2481 sepeliri,
1719 2419 1933 2480 quamvis
1952 2426 2084 2466 extra
2104 2420 2335 2480 parochiae

453 2508 549 2543 suae
575 2496 820 2545 ecclesiam
844 2506 892 2546 ct
918 2503 1230 2551 caemeterium
1260 2504 1352 2551 sita
1375 2504 1436 2551 sit
1446 2538 2332 2555 ..............
2406 2508 2506 2555 485

385 2575 678 2642 Propositt'o
707 2584 809 2631 Νι.
845 2585 934 2633 Pro
963 2586 1209 2648 impubere
1246 2589 1538 2650 sepulturam
1572 2590 1746 2651 eligere
1776 2596 1931 2650 potest
1963 2596 2115 2650 pater,
2141 2596 2189 2637 et
2230 2590 2337 2651 (hoc

451 2663 712 2729 deficiente)
734 2678 900 2728 mater,
922 2679 967 2719 et
986 2672 1139 2733 (patre
1160 2680 1207 2720 et
1222 2680 1374 2722 matre
1392 2672 2100 2738 deficientibus)consanguinei,
2113 2672 2273 2721 affines
2293 2683 2338 2721 et

449 2749 588 2798 etiam
615 2759 758 2811 tutor,
787 2754 926 2803 modo
956 2769 1010 2802 ea
1040 2758 1105 2805 sit
1131 2760 1337 2820 regionis
1365 2758 1658 2808 consuetudo
1683 2792 2331 2808 ...........
2403 2757 2503 2808 486

386 2829 681 2896 propositio
704 2839 784 2887 Ἣ.
825 2839 878 2888 ln
915 2845 1201 2893 monasterio
1229 2858 1316 2894 suo
1350 2846 1614 2907 respective
1654 2845 1845 2907 sepeliri
1877 2852 2111 2907 possunt:
2152 2846 2334 2906 novitii,

454 2919 592 2967 etiam
620 2929 751 2971 extra
779 2927 1111 2977 monasterium
1137 2928 1437 2992 decedentes,
1454 2930 1595 2980 modo
1621 2930 1682 2979 ad
1708 2930 1829 2979 illud
1858 2931 2104 2979 transferri
2126 2940 2329 2992 queant:

455 3003 718 3068 domestici,
745 3010 983 3071 religiosis
1006 3014 1404 3075 inservientes,’et
1430 3015 1555 3077 apud
1580 3017 1711 3077 ipsos
1738 3015 1978 3077 degentes,
1997 3014 2183 3078 quando
2212 3016 2335 3064 intra

452 3100 584 3152 septa
611 3096 881 3144 monasterii
899 3097 1129 3148 decedunt
1153 3114 1166 3148 z
1200 3100 1398 3150 tertiarii
1426 3102 1508 3164 qui
1535 3100 1842 3161 collegialiter
1863 3099 2039 3160 degunt
2069 3114 2081 3146 :
2116 3101 2332 3149 tertiariae

453 3188 555 3237 quea
581 3190 687 3225 cum
719 3180 882 3228 habitu
906 3184 1218 3232 tertiariarum
1256 3192 1303 3233 ct
1330 3192 1436 3233 voto
1471 3186 1702 3234 castitatis
1728 3187 1888 3234 vivunt
1933 3221 2324 3237 .......
2397 3186 2496 3234 486

385 3256 677 3322 propositio
701 3265 807 3314 V12.
829 3267 1039 3316 Parocho
1068 3282 1157 3317 non
1184 3269 1294 3319 licet
1316 3271 1517 3320 officium
1542 3271 1698 3321 faeere*
1718 3271 1765 3320 in
1789 3271 1941 3320 aliena
1967 3270 2163 3319 ecelesia
2190 3284 2332 3333 super

450 3345 756 3397 cadaveribus
782 3351 830 3399 in
849 3365 904 3399 ea
931 3352 1213 3412 sepeliendis
1238 3388 2321 3405 .................
2392 3356 2494 3404 486

381 3426 675 3491 propositio
700 3432 826 3482 vnn.
851 3435 1046 3492 Quando
1068 3434 1315 3486 defunctus
1339 3439 1598 3489 tumulatur
1622 3443 1668 3489 in
1692 3440 1890 3489 ecclesia
1906 3438 2212 3501 regularium,
2233 3452 2327 3486 non

448 3521 600 3573 potest
620 3519 856 3577 parochus
875 3518 1079 3570 defuncti
1097 3522 1317 3585 impediri
1335 3526 1394 3573 ab
1416 3526 1532 3587 ipsis
1551 3526 1870 3588 regularibus,
1887 3528 2000 3586 quin
2020 3524 2176 3587 pulset
2192 3537 2323 3571 cam-

447 3612 593 3661 panas
612 3605 935 3668 parochiales;
964 3620 1115 3670 neque
1139 3611 1229 3672 ipsi
1253 3612 1497 3672 regulares
1514 3612 1721 3661 ecclcsiae
1738 3611 1786 3658 in
1809 3622 1903 3672 qua
1922 3608 2166 3658 defunctus
2184 3621 2323 3671 sepe-

446 3684 559 3733 litur
581 3687 801 3749 impediri
823 3697 1022 3751 possunt
1045 3706 1072 3739 a
1097 3696 1325 3755 parocho,
1347 3696 1459 3758 quin
1484 3697 1675 3757 pulsent
1697 3707 1948 3756 campanas
1970 3694 2179 3743 ecclesias
2202 3708 2315 3742 suae.
2386 3695 2483 3742 487

512 3770 672 3821 Nota.
705 3775 773 3822 De
787 3776 893 3835 jnre
916 3777 1217 3828 ecclesiarum
1236 3780 1439 3830 habendi
1464 3780 1731 3843 sepulturas
1768 3813 2315 3830 .........
2387 3780 2483 3828 487

311 3854 338 3917 g
362 3855 427 3902 Π.
466 3857 532 3904 De
553 3858 660 3919 jure
683 3862 876 3920 parochi
904 3861 1146 3912 funeribus
1182 3865 1518 3914 interveniendi
1530 3899 2312 3917 .............
2386 3868 2481 3914 487

444 3939 485 3988 1.
524 3942 719 3991 Etiamsi
748 3947 1058 4006 parochianus
1085 3948 1133 3996 in
1160 3949 1313 3997 aliena
1335 3951 1532 3998 ecclesia
1572 3958 1620 3999 et
1654 3952 1714 3998 ab
1755 3950 1862 4000 aliis
1892 3951 1956 4000 sit
2000 3949 2316 4012 sepeliendus,

502 4026 582 4086 jus
610 4028 752 4076 habet
773 4028 923 4091 ipsius
950 4035 1181 4093 parochus
1207 4040 1260 4081 ut
1286 4033 1345 4083 ad
1373 4034 1513 4082 funus
1535 4041 1746 4095 vocetur,
1767 4042 1815 4084 et
1837 4042 2029 4084 vocatus
2048 4042 2231 4085 tenetur
2249 4035 2320 4084 in-

509 4113 740 4162 tervenire
783 4147 2313 4171 ........................
2382 4120 2483 4172 488

443 4194 508 4245 11.
548 4197 775 4258 Par-ocho,
806 4205 1035 4260 quatenus
1070 4202 1223 4251 funeri
1251 4202 1594 4264 intervenienti,
1620 4216 1831 4265 quaenam
1869 4203 2151 4267 functiones,
2188 4218 2315 4268 quee-

506 4295 670 4332 namve
691 4284 804 4344 jura
826 4292 1088 4348 competant
1115 4320 2310 4340 ...................
2380 4288 2479 4336 489

421 4366 528 4425 ‚m.
565 4367 652 4416 Jus
679 4370 874 4429 parochi
897 4371 1048 4431 quoad
1075 4370 1346 4420 elevandam
1374 4372 1422 4420 in
1449 4370 1677 4421 ducendis
1702 4371 1946 4423 funeribus
1966 4387 2155 4423 crucem
2181 4406 2196 4421 .
2247 4408 2260 4424 .
2293 4407 2306 4421 .
2378 4371 2477 4420 495

441 4449 522 4500 tv.
558 4452 644 4502 Jus
665 4453 861 4516 parochi
883 4455 1035 4518 quoad
1061 4456 1414 4520 praecedentiam
1441 4457 1491 4507 in
1525 4456 1770 4507 funeribus
1800 4492 1813 4508 .
1837 4493 1853 4510 .
1908 4492 1925 4509 .
1976 4494 1991 4509 .
2044 4493 2059 4509 .
2111 4493 2126 4508 .
2178 4492 2207 4533 .·
2245 4492 2259 4509 .
2291 4493 2304 4507 .
2376 4456 2475 4505 496
