3146 4973
1231 393 1389 442 rans
1437 394 1664 441 emm.
2444 380 2553 443 171

328 514 855 593 Ecclcs.,consid.
904 513 1004 599 12)
1043 537 1058 582 ι
1110 536 1144 578 α
1178 518 1280 583 De
1309 523 1485 583 statu
1524 517 1928 584 hierarchioo
1965 530 2097 584 non
2122 523 2275 583 smt
2304 520 2567 602 proprie

330 651 362 689 α
397 632 520 694 nisi
568 630 704 697 duo
730 639 958 710 status,
997 633 1418 716 prm-latorum
1448 633 1767 719 majorum
1805 632 2135 710 videlicet,
2193 633 2306 717 qui
2348 648 2568 699 succe·

329 767 362 805 α
395 745 572 811 dunt
603 747 962 830 Apostolus,
999 755 1067 813 et
1105 757 1257 815 sunt
1284 750 1619 834 Episcopi,
1656 748 2167 835 Archiepiscopi,
2200 755 2270 815 et
2307 750 2402 814 ita
2428 768 2566 814 sur-

329 882 362 921 «
394 880 579 946 snm3
613 870 687 927 et
714 864 1065 943 minorum,
1094 866 1209 949 qui
1235 884 1649 932 successores
1675 873 1829 931 sunt
1868 869 1951 931 72
1981 865 2471 949 discipulorum,
2493 874 2566 932 et

328 999 360 1038 α
391 976 710 1045 dicuntur
731 980 985 1063 praelati
1006 981 1282 1047 secundi
1312 982 1583 1060 ordinis,
1619 982 1949 1067 dignitatis
1976 982 2084 1048 vel
2100 981 2381 1060 honoris,
2411 1002 2564 1067 qua-

325 1116 356 1153 «
391 1094 490 1159 les
511 1101 667 1159 suut
688 1097 920 1163 curati.
936 1143 951 1159 .
966 1145 982 1162 .
1000 1095 1343 1164 Fundatur
1365 1098 1502 1163 haec
1514 1098 1837 1163 sententia
1853 1096 2111 1162 Mathoei
2132 1101 2234 1173 18,
2250 1098 2365 1163 uhi
2391 1104 2564 1181 post-

325 1231 358 1271 «
390 1228 593 1294 quam
641 1210 936 1276 Christus
984 1210 1267 1290 dixerat,
1322 1217 1424 1277 die
1467 1216 1774 1290 Ecclesa'oe,
1820 1210 2156 1296 subjunxit
2187 1211 2273 1277 de
2325 1213 2599 1303 quibus

321 1348 353 1384 a
381 1327 789 1411 loquebatur
824 1325 984 1393 dum
1020 1330 1136 1405 ait,
1173 1333 1581 1412 quodcumque
1608 1333 1994 1393 solveritis...
2032 1326 2303 1394 Constat
2337 1336 2557 1394 autem

320 1465 351 1503 α
381 1442 569 1527 quod
616 1441 863 1508 nedum
899 1443 1242 1527 Apostolis,
1295 1443 1417 1511 sed
1458 1452 1528 1512 et
1559 1444 1893 1528 discipulis
1922 1443 2335 1528 loquebatur,
2373 1441 2559 1527 juxta

317 1583 352 1621 α
387 1560 642 1644 glossas
671 1558 1017 1625 doctorum
1043 1562 1111 1625 in
1143 1559 1264 1627 hoc
1299 1561 1467 1628 loco.
1513 1554 1545 1622 i,
1587 1597 1680 1611 ·—-
1707 1559 2167 1645 Respondetur
2207 1564 2270 1623 1⁰
2324 1559 2561 1624 nullius

312 1677 733 1743 auctoritatis
768 1694 909 1741 esse
942 1677 1302 1743 Gersonem
1341 1686 1411 1743 et
1447 1678 1827 1754 sorborum,
1862 1683 2095 1760 utpote
2136 1676 2248 1761 qui
2287 1675 2354 1739 in
2383 1695 2557 1740 cras-

310 1796 599 1858 sissimos
644 1810 907 1858 errores
940 1794 1010 1857 iu
1030 1792 1151 1858 hac
1181 1793 1456 1859 materia
1480 1792 1781 1869 abierint,
1817 1800 1895 1857 ut
1914 1810 2111 1874 supra
2129 1790 2551 1857 ostendimus.

311 1908 380 1975 2⁰
434 1911 620 1974 Dum
659 1909 750 1973 ibi
796 1908 1010 1974 innuit
1053 1910 1303 1975 Gerson
1361 1929 1443 1975 ex
1497 1909 1903 1974 institutione
1957 1906 2175 1972 divina
2218 1906 2559 1973 fundatam

308 2022 746 2089 hierarchiam
790 2031 1090 2090 constare
1120 2025 1452 2109 Episcopis
1489 2032 1558 2089 et
1596 2023 1916 2107 parochis,
1967 2024 2227 2089 omnino
2275 2024 2557 2106 gratuita

307 2148 407 2205 est
451 2139 606 2225 ejus
644 2142 937 2216 assertio,
975 2148 1046 2205 et
1091 2143 1417 2205 contraria
1461 2141 1585 2205 toti
1630 2138 1991 2216 traditioni,
2034 2156 2177 2222 quae
2202 2136 2389 2221 juxta
2419 2138 2555 2202 Tri·

307 2253 600 2320 deminae
629 2253 867 2339 synodi
894 2253 1362 2333 definitionem,
1397 2253 1829 2320 hierarchiam
1860 2251 2170 2318 divinitus
2198 2253 2557 2318 institutam

309 2367 514 2435 docet
545 2375 846 2435 constare
878 2374 1209 2451 Epist-opis,
1247 2373 1617 2453 presbyteris
1642 2376 1701 2431 et
1730 2374 2028 2431 ministris
2064 2388 2078 2432 ε
2125 2367 2549 2451 presbyteris,

308 2485 572 2570 inquam
617 2507 632 2550 ε
669 2488 784 2571 qui
824 2484 960 2551 sive
1006 2488 1133 2550 sint
1167 2485 1463 2568 parochi,
1501 2485 1640 2551 sive
1669 2504 1823 2562 non,
1845 2483 1959 2552 ,ad
1996 2482 2280 2550 divinam
2308 2483 2556 2549 hierar-

309 2599 528 2666 chiam
574 2602 907 2685 pertinere
967 2600 1053 2667 de
1099 2600 1235 2667 fide
1289 2607 1419 2679 est,
1471 2602 1805 2688 ipsiusque
1861 2599 2221 2667 secundum
2274 2599 2553 2684 gradum

307 2716 743 2782 constituere.
801 2716 936 2780 Alia
989 2724 1209 2782 autem
1258 2718 1556 2799 excogita
1604 2716 1969 2783 hierarchia
2016 2714 2328 2781 divinitus
2376 2715 2555 2779 insti-

308 2840 478 2908 tuta,
515 2850 664 2917 quae
694 2831 1162 2916 jurisdictionis
1204 2830 1559 2909 diceretur,
1597 2840 1666 2897 et
1704 2851 1846 2916 quae
1878 2837 2209 2897 constaret
2246 2836 2555 2913 Epist-opis

306 2957 363 3010 et
385 2949 702 3032 parochis,
752 2967 788 3012 c
835 2947 1108 3013 cerebro
1166 2947 1680 3013 sorbonistarum
1721 2967 1978 3032 egressa
2014 2955 2134 3012 est.
2198 2949 2268 3011 3⁰
2296 2947 2486 3012 Ratio
2517 2967 2555 3010 a

307 3067 604 3131 Gersone
655 3064 956 3147 allegata,
996 3065 1322 3130 Christum
1378 3083 1614 3148 nempe
1652 3062 1737 3129 ad
1783 3063 2132 3147 discipulos
2183 3080 2549 3127 sermonem

305 3180 627 3247 direxisse
682 3180 843 3245 dum
890 3180 1078 3257 dixit,
1147 3185 1553 3263 quodcumque
1602 3185 1928 3257 solveritis,
1962 3181 2202 3245 nullius
2242 3182 2554 3245 momenti

307 3304 414 3361 est
438 3344 455 3373 ,
518 3297 673 3379 qnia
737 3295 1145 3377 probandum
1221 3304 1397 3362 esset
1447 3314 1570 3378 per
1634 3294 1991 3378 discipulos
2048 3302 2552 3377 repraesentatos

308 3411 507 3475 fuisse
551 3413 712 3474 solos
746 3413 1060 3492 parochos,
1101 3430 1234 3476 non
1284 3418 1506 3477 autem
1551 3419 1768 3478 totum
1798 3408 2096 3475 ordinem
2126 3410 2548 3494 presbytero-

306 3545 480 3606 rum,
516 3528 687 3593 sicut
715 3533 854 3593 tota
882 3528 1206 3593 intellexit
1227 3526 1522 3595 traditio.

400 3642 690 3727 Objicies
720 3646 814 3707 2⁰.
851 3643 1323 3709 Auctoritatem
1358 3646 1563 3710 sancti
1595 3645 1848 3710 Thomas
1880 3666 1918 3710 a
1951 3646 1989 3709 J
1994 3646 2272 3712 uvenino
2319 3646 2554 3731 allega·

309 3767 469 3824 tam.
526 3760 890 3826 Juveninus
942 3760 1191 3825 scilicet
1253 3761 1349 3845 (in
1404 3779 1641 3844 magno
1695 3780 1920 3845 opere,
1977 3766 2052 3826 cle
2110 3767 2542 3843 sacramentis,

312 3873 572 3942 dissert.
626 3881 702 3959 93
756 3878 833 3938 de
874 3878 1204 3940 Ordinibus
1246 3882 1314 3940 in
1355 3883 1569 3958 specie,
1622 3896 1688 3961 q.
1737 3881 1801 3954 3,
1862 3885 1987 3942 art.
2035 3876 2099 3962 3)
2142 3880 2234 3943 sic
2276 3878 2475 3944 habet
2526 3900 2542 3944 ε

314 3996 570 4057 Sanctus
601 3993 860 4056 Τήοπιαε
888 4010 1032 4054 cura
1040 3998 1131 4054 tos
1171 3999 1475 4055 reveretur
1518 4001 1805 4074 tauquam
1838 3996 2088 4056 secundi
2124 3997 2359 4058 ordinis
2379 3999 2547 4075 prm-

316 4115 468 4189 (ἥρω
516 4116 579 4172 ee
614 4111 907 4189 proelatos
945 4111 1252 4187 Ecclesioe,
1292 4116 1473 4189 atquc
1507 4115 1705 4172 tencre
1756 4129 1851 4171 eos
1891 4112 2083 4172 locum
2118 4112 2201 4174 72
2230 4114 2551 4192 discipulo-

318 4241 445 4287 mm
474 4227 735 4290 Christi.
773 4225 937 4289 Item
965 4224 1032 4288 in
1051 4242 1255 4307 parvo
1285 4243 1404 4290 suo
1434 4244 1637 4307 opere
1680 4224 1913 4310 (Instit.
1956 4226 2239 4308 theoloy„
2277 4234 2446 4309 part.
2476 4231 2541 4298 8,

316 4340 571 4407 dissert.
623 4349 686 4419 7,
723 4344 800 4404 de
829 4344 1077 4418 Ordine,
1122 4358 1186 4424 q.
1234 4344 1299 4418 9,
1339 4348 1495 4407 tom.
1541 4339 1602 4424 7)
1643 4363 1657 4406 z
1702 4344 2023 4421 Paros-lios,
2069 4362 2215 4423 quos
2237 4347 2346 4424 jus
2371 4362 2550 4405 σακο-

314 4466 506 4522 ηἱσιιιη
540 4466 600 4521 ει
638 4466 884 4521 sanctus
913 4459 1168 4522 Thomas
1199 4466 1408 4522 vocant
1439 4462 1731 4541 proelatos
1754 4466 2034 4524 nzdnores.
2081 4463 2170 4524 De
2202 4461 2415 4522 divina
2438 4477 2547 4539 pa-
