<?xml version="1.0" encoding="UTF-8"?>
<!DOCTYPE html PUBLIC "-//W3C//DTD XHTML 1.0 Transitional//EN"
    "http://www.w3.org/TR/xhtml1/DTD/xhtml1-transitional.dtd">
<html xmlns="http://www.w3.org/1999/xhtml" xml:lang="en" lang="en">
 <head>
  <title>
</title>
<meta http-equiv="Content-Type" content="text/html;charset=utf-8" />
  <meta name='ocr-system' content='tesseract 3.04.00' />
  <meta name='ocr-capabilities' content='ocr_page ocr_carea ocr_par ocr_line ocrx_word'/>
</head>
<body>
  <div class='ocr_page' id='page_1' title='image "./tractatusdeparo00bouigoog_0721.png"; bbox 0 0 3146 4973; ppageno 0'>
   <div class='ocr_carea' id='block_1_1' title="bbox 1379 385 2614 450">
    <p class='ocr_par' dir='ltr' id='par_1_1' title="bbox 1379 385 2614 450">
     <span class='ocr_line' id='line_1_1' title="bbox 1379 385 2614 450; baseline 0.002 -3"><span class='ocrx_word' id='word_1_1' title='bbox 1379 397 1600 449; x_wconf 74' lang='lat' dir='ltr'><strong>mnax.</strong></span> <span class='ocrx_word' id='word_1_2' title='bbox 2486 385 2614 450; x_wconf 86' lang='grc'><strong>709</strong></span> 
     </span>
    </p>
   </div>
   <div class='ocr_carea' id='block_1_2' title="bbox 374 496 2621 1056">
    <p class='ocr_par' dir='ltr' id='par_1_2' title="bbox 2503 496 2615 550">
     <span class='ocr_line' id='line_1_2' title="bbox 2503 496 2615 550; baseline -0.009 -10"><span class='ocrx_word' id='word_1_3' title='bbox 2503 496 2615 550; x_wconf 64' lang='lat' dir='ltr'><strong>Pac.</strong></span> 
     </span>
    </p>

    <p class='ocr_par' dir='ltr' id='par_1_3' title="bbox 374 569 2621 1056">
     <span class='ocr_line' id='line_1_3' title="bbox 511 569 2453 634; baseline -0.001 -12"><span class='ocrx_word' id='word_1_4' title='bbox 511 573 729 632; x_wconf 73' lang='lat' dir='ltr'><strong>Quaestio</strong></span> <span class='ocrx_word' id='word_1_5' title='bbox 755 573 830 620; x_wconf 77' lang='lat'><strong>3¹.</strong></span> <span class='ocrx_word' id='word_1_6' title='bbox 863 571 1089 627; x_wconf 83' lang='lat' dir='ltr'><strong>Quisnam</strong></span> <span class='ocrx_word' id='word_1_7' title='bbox 1119 571 1201 629; x_wconf 81' lang='lat' dir='ltr'><strong>sit,</strong></span> <span class='ocrx_word' id='word_1_8' title='bbox 1226 576 1332 631; x_wconf 89' lang='lat' dir='ltr'><strong>post</strong></span> <span class='ocrx_word' id='word_1_9' title='bbox 1357 569 1609 618; x_wconf 86' lang='lat' dir='ltr'><strong>concilium</strong></span> <span class='ocrx_word' id='word_1_10' title='bbox 1636 570 1977 630; x_wconf 81' lang='lat' dir='ltr'><strong>Tridentinum‚</strong></span> <span class='ocrx_word' id='word_1_11' title='bbox 1998 571 2251 622; x_wconf 87' lang='lat' dir='ltr'><strong>canonicus</strong></span> <span class='ocrx_word' id='word_1_12' title='bbox 2284 584 2453 634; x_wconf 82' lang='lat' dir='ltr'><strong>proce-</strong></span> 
     </span>
     <span class='ocr_line' id='line_1_4' title="bbox 573 654 2611 716; baseline -0.001 -11"><span class='ocrx_word' id='word_1_13' title='bbox 573 656 714 705; x_wconf 88' lang='lat' dir='ltr'><strong>dendi</strong></span> <span class='ocrx_word' id='word_1_14' title='bbox 745 654 914 704; x_wconf 89' lang='lat' dir='ltr'><strong>modus</strong></span> <span class='ocrx_word' id='word_1_15' title='bbox 935 662 1096 703; x_wconf 88' lang='lat' dir='ltr'><strong>contra</strong></span> <span class='ocrx_word' id='word_1_16' title='bbox 1124 655 1354 716; x_wconf 87' lang='lat' dir='ltr'><strong>parochos</strong></span> <span class='ocrx_word' id='word_1_17' title='bbox 1378 667 1471 702; x_wconf 87' lang='lat' dir='ltr'><strong>non</strong></span> <span class='ocrx_word' id='word_1_18' title='bbox 1491 654 1814 704; x_wconf 72' lang='lat' dir='ltr'><strong>residentest.</strong></span> <span class='ocrx_word' id='word_1_19' title='bbox 1848 693 1858 704; x_wconf 92' lang='lat'><strong><em>.</em></strong></span> <span class='ocrx_word' id='word_1_20' title='bbox 1912 691 1926 705; x_wconf 89' lang='lat'><strong>.</strong></span> <span class='ocrx_word' id='word_1_21' title='bbox 1977 689 1992 704; x_wconf 91' lang='lat'><strong>.</strong></span> <span class='ocrx_word' id='word_1_22' title='bbox 2046 694 2058 706; x_wconf 89' lang='lat'><strong><em>.</em></strong></span> <span class='ocrx_word' id='word_1_23' title='bbox 2111 696 2123 707; x_wconf 90' lang='lat'>.</span> <span class='ocrx_word' id='word_1_24' title='bbox 2180 694 2194 708; x_wconf 90' lang='lat'><strong>.</strong></span> <span class='ocrx_word' id='word_1_25' title='bbox 2248 694 2261 707; x_wconf 91' lang='lat'><strong>.</strong></span> <span class='ocrx_word' id='word_1_26' title='bbox 2314 694 2326 708; x_wconf 91' lang='lat'><strong>.</strong></span> <span class='ocrx_word' id='word_1_27' title='bbox 2382 689 2395 704; x_wconf 90' lang='lat'><strong>.</strong></span> <span class='ocrx_word' id='word_1_28' title='bbox 2430 696 2439 704; x_wconf 96' lang='lat'><em>.</em></span> <span class='ocrx_word' id='word_1_29' title='bbox 2516 657 2611 704; x_wconf 83' lang='grc'>567</span> 
     </span>
     <span class='ocr_line' id='line_1_5' title="bbox 374 738 2616 802; baseline -0.002 -10"><span class='ocrx_word' id='word_1_30' title='bbox 374 741 570 793; x_wconf 75' lang='lat' dir='ltr'>CAPUT</span> <span class='ocrx_word' id='word_1_31' title='bbox 605 743 693 789; x_wconf 90' lang='lat'><em>111.</em></span> <span class='ocrx_word' id='word_1_32' title='bbox 726 741 937 789; x_wconf 82' lang='lat' dir='ltr'><strong>Officium</strong></span> <span class='ocrx_word' id='word_1_33' title='bbox 976 741 1168 801; x_wconf 80' lang='lat' dir='ltr'><strong>parochi</strong></span> <span class='ocrx_word' id='word_1_34' title='bbox 1206 739 1358 800; x_wconf 88' lang='lat' dir='ltr'><strong>quoad</strong></span> <span class='ocrx_word' id='word_1_35' title='bbox 1388 738 1666 802; x_wconf 79' lang='lat' dir='ltr'>baptismata</span> <span class='ocrx_word' id='word_1_36' title='bbox 1674 775 2443 792; x_wconf 83' lang='grc'><strong>.............</strong></span> <span class='ocrx_word' id='word_1_37' title='bbox 2517 743 2616 789; x_wconf 76' lang='lat'><strong>572</strong></span> 
     </span>
     <span class='ocr_line' id='line_1_6' title="bbox 374 823 2618 888; baseline -0.002 -12"><span class='ocrx_word' id='word_1_38' title='bbox 374 826 569 876; x_wconf 73' lang='lat' dir='ltr'>CAPUT</span> <span class='ocrx_word' id='word_1_39' title='bbox 604 827 684 874; x_wconf 85' lang='lat' dir='ltr'><strong>1v.</strong></span> <span class='ocrx_word' id='word_1_40' title='bbox 713 825 923 874; x_wconf 82' lang='lat' dir='ltr'><strong>Officium</strong></span> <span class='ocrx_word' id='word_1_41' title='bbox 950 824 1144 884; x_wconf 77' lang='lat' dir='ltr'>parochi</span> <span class='ocrx_word' id='word_1_42' title='bbox 1173 823 1327 886; x_wconf 83' lang='lat' dir='ltr'><strong>quoad</strong></span> <span class='ocrx_word' id='word_1_43' title='bbox 1356 832 1697 872; x_wconf 87' lang='lat' dir='ltr'><strong>sacramentum</strong></span> <span class='ocrx_word' id='word_1_44' title='bbox 1726 825 2006 888; x_wconf 80' lang='lat' dir='ltr'><strong>poenitentiae</strong></span> <span class='ocrx_word' id='word_1_45' title='bbox 2050 859 2442 876; x_wconf 87' lang='grc'><strong>.......</strong></span> <span class='ocrx_word' id='word_1_46' title='bbox 2519 827 2618 874; x_wconf 72' lang='grc'><strong>574</strong></span> 
     </span>
     <span class='ocr_line' id='line_1_7' title="bbox 375 907 2618 971; baseline -0.001 -12"><span class='ocrx_word' id='word_1_47' title='bbox 375 912 570 961; x_wconf 72' lang='lat' dir='ltr'><strong>CAPUT</strong></span> <span class='ocrx_word' id='word_1_48' title='bbox 606 913 662 959; x_wconf 81' lang='lat' dir='ltr'><strong>V.</strong></span> <span class='ocrx_word' id='word_1_49' title='bbox 695 911 908 959; x_wconf 82' lang='lat' dir='ltr'><strong>Officium</strong></span> <span class='ocrx_word' id='word_1_50' title='bbox 945 909 1138 971; x_wconf 82' lang='lat' dir='ltr'><strong>parochi</strong></span> <span class='ocrx_word' id='word_1_51' title='bbox 1166 907 1321 970; x_wconf 86' lang='lat' dir='ltr'><strong>quoad</strong></span> <span class='ocrx_word' id='word_1_52' title='bbox 1350 917 1692 958; x_wconf 86' lang='lat' dir='ltr'><strong>sacramentum</strong></span> <span class='ocrx_word' id='word_1_53' title='bbox 1722 911 2025 958; x_wconf 74' lang='lat' dir='ltr'><strong>Eucharistiae</strong></span> <span class='ocrx_word' id='word_1_54' title='bbox 2051 946 2064 959; x_wconf 89' lang='lat'><strong>.</strong></span> <span class='ocrx_word' id='word_1_55' title='bbox 2122 944 2445 960; x_wconf 91' lang='grc'><strong>......</strong></span> <span class='ocrx_word' id='word_1_56' title='bbox 2518 910 2618 957; x_wconf 81' lang='grc'><strong>575</strong></span> 
     </span>
     <span class='ocr_line' id='line_1_8' title="bbox 374 993 2621 1056; baseline -0.002 -10"><span class='ocrx_word' id='word_1_57' title='bbox 374 993 571 1047; x_wconf 72' lang='lat' dir='ltr'>CAPUT</span> <span class='ocrx_word' id='word_1_58' title='bbox 599 997 680 1043; x_wconf 83' lang='lat' dir='ltr'><strong>vl.</strong></span> <span class='ocrx_word' id='word_1_59' title='bbox 714 994 950 1056; x_wconf 77' lang='lat' dir='ltr'>obligatio</span> <span class='ocrx_word' id='word_1_60' title='bbox 979 994 1170 1054; x_wconf 84' lang='lat' dir='ltr'><strong>parochi</strong></span> <span class='ocrx_word' id='word_1_61' title='bbox 1199 995 1391 1041; x_wconf 87' lang='lat' dir='ltr'><strong>missam</strong></span> <span class='ocrx_word' id='word_1_62' title='bbox 1420 993 1643 1042; x_wconf 77' lang='lat' dir='ltr'><strong>offerendi</strong></span> <span class='ocrx_word' id='word_1_63' title='bbox 1670 1007 1757 1055; x_wconf 91' lang='lat' dir='ltr'><strong>pro</strong></span> <span class='ocrx_word' id='word_1_64' title='bbox 1788 994 1961 1056; x_wconf 90' lang='lat' dir='ltr'><strong>populo</strong></span> <span class='ocrx_word' id='word_1_65' title='bbox 1988 1028 2445 1044; x_wconf 90' lang='grc'><strong>........</strong></span> <span class='ocrx_word' id='word_1_66' title='bbox 2522 993 2621 1042; x_wconf 75' lang='grc'><strong>580</strong></span> 
     </span>
    </p>
   </div>
   <div class='ocr_carea' id='block_1_3' title="bbox 442 1079 2620 2154">
    <p class='ocr_par' dir='ltr' id='par_1_4' title="bbox 442 1079 2620 2154">
     <span class='ocr_line' id='line_1_9' title="bbox 442 1079 2452 1143; baseline -0.001 -14"><span class='ocrx_word' id='word_1_67' title='bbox 442 1080 735 1143; x_wconf 72' lang='lat' dir='ltr'><strong>propositio</strong></span> <span class='ocrx_word' id='word_1_68' title='bbox 771 1080 833 1127; x_wconf 75' lang='lat'><strong>1⁸.</strong></span> <span class='ocrx_word' id='word_1_69' title='bbox 866 1082 1103 1128; x_wconf 80' lang='lat' dir='ltr'>Tenentur</span> <span class='ocrx_word' id='word_1_70' title='bbox 1129 1080 1341 1141; x_wconf 83' lang='lat' dir='ltr'><strong>parochi,</strong></span> <span class='ocrx_word' id='word_1_71' title='bbox 1367 1080 1506 1127; x_wconf 87' lang='lat' dir='ltr'><strong>ctiam</strong></span> <span class='ocrx_word' id='word_1_72' title='bbox 1531 1080 1823 1140; x_wconf 68' lang='lat' dir='ltr'><strong>amoribiles‚</strong></span> <span class='ocrx_word' id='word_1_73' title='bbox 1856 1087 1903 1128; x_wconf 89' lang='lat' dir='ltr'><strong>et</strong></span> <span class='ocrx_word' id='word_1_74' title='bbox 1932 1080 2032 1128; x_wconf 79' lang='lat' dir='ltr'><strong>sive</strong></span> <span class='ocrx_word' id='word_1_75' title='bbox 2068 1079 2316 1129; x_wconf 75' lang='lat' dir='ltr'><strong>saeculares</strong></span> <span class='ocrx_word' id='word_1_76' title='bbox 2340 1080 2452 1139; x_wconf 77' lang='lat' dir='ltr'><strong>sint,</strong></span> 
     </span>
     <span class='ocr_line' id='line_1_10' title="bbox 507 1163 2453 1227; baseline -0.001 -15"><span class='ocrx_word' id='word_1_77' title='bbox 507 1167 603 1213; x_wconf 84' lang='lat' dir='ltr'><strong>sive</strong></span> <span class='ocrx_word' id='word_1_78' title='bbox 639 1164 900 1225; x_wconf 83' lang='lat' dir='ltr'><strong>regulares,</strong></span> <span class='ocrx_word' id='word_1_79' title='bbox 930 1164 1186 1226; x_wconf 76' lang='lat' dir='ltr'><strong>vicariique</strong></span> <span class='ocrx_word' id='word_1_80' title='bbox 1214 1164 1392 1223; x_wconf 82' lang='lat' dir='ltr'><strong>curati,</strong></span> <span class='ocrx_word' id='word_1_81' title='bbox 1422 1163 1482 1212; x_wconf 86' lang='lat' dir='ltr'><strong>ad</strong></span> <span class='ocrx_word' id='word_1_82' title='bbox 1525 1164 1812 1212; x_wconf 76' lang='lat' dir='ltr'><strong>offerendum</strong></span> <span class='ocrx_word' id='word_1_83' title='bbox 1841 1177 1927 1226; x_wconf 90' lang='lat' dir='ltr'><strong>pro</strong></span> <span class='ocrx_word' id='word_1_84' title='bbox 1957 1165 2132 1227; x_wconf 90' lang='lat' dir='ltr'><strong>populo</strong></span> <span class='ocrx_word' id='word_1_85' title='bbox 2169 1164 2453 1213; x_wconf 77' lang='lat' dir='ltr'><strong>sacrificium</strong></span> 
     </span>
     <span class='ocr_line' id='line_1_11' title="bbox 507 1247 2452 1312; baseline 0.001 -16"><span class='ocrx_word' id='word_1_86' title='bbox 507 1249 674 1298; x_wconf 86' lang='lat' dir='ltr'><strong>diebus</strong></span> <span class='ocrx_word' id='word_1_87' title='bbox 703 1247 952 1297; x_wconf 81' lang='lat' dir='ltr'><strong>dominicis</strong></span> <span class='ocrx_word' id='word_1_88' title='bbox 973 1256 1020 1296; x_wconf 92' lang='lat' dir='ltr'><strong>et</strong></span> <span class='ocrx_word' id='word_1_89' title='bbox 1037 1248 1170 1296; x_wconf 80' lang='lat' dir='ltr'><strong>testis</strong></span> <span class='ocrx_word' id='word_1_90' title='bbox 1193 1248 1251 1296; x_wconf 89' lang='lat' dir='ltr'><strong>de</strong></span> <span class='ocrx_word' id='word_1_91' title='bbox 1276 1255 1527 1311; x_wconf 70' lang='lat' dir='ltr'><strong>praecepto,</strong></span> <span class='ocrx_word' id='word_1_92' title='bbox 1545 1262 1639 1296; x_wconf 88' lang='lat' dir='ltr'><strong>non</strong></span> <span class='ocrx_word' id='word_1_93' title='bbox 1662 1250 1876 1298; x_wconf 86' lang='lat' dir='ltr'><strong>obstante</strong></span> <span class='ocrx_word' id='word_1_94' title='bbox 1904 1250 2067 1312; x_wconf 74' lang='lat' dir='ltr'><strong>quavis</strong></span> <span class='ocrx_word' id='word_1_95' title='bbox 2086 1250 2320 1298; x_wconf 88' lang='lat' dir='ltr'><strong>contraria</strong></span> <span class='ocrx_word' id='word_1_96' title='bbox 2343 1261 2452 1297; x_wconf 87' lang='lat' dir='ltr'><strong>con-</strong></span> 
     </span>
     <span class='ocr_line' id='line_1_12' title="bbox 510 1330 2620 1394; baseline -0.001 -11"><span class='ocrx_word' id='word_1_97' title='bbox 510 1334 776 1394; x_wconf 89' lang='lat' dir='ltr'><strong>suetudine,</strong></span> <span class='ocrx_word' id='word_1_98' title='bbox 813 1342 858 1382; x_wconf 91' lang='lat' dir='ltr'><strong>et</strong></span> <span class='ocrx_word' id='word_1_99' title='bbox 886 1334 1070 1382; x_wconf 87' lang='lat' dir='ltr'><strong>etiamsi</strong></span> <span class='ocrx_word' id='word_1_100' title='bbox 1101 1335 1321 1394; x_wconf 75' lang='lat' dir='ltr'><strong>congruis</strong></span> <span class='ocrx_word' id='word_1_101' title='bbox 1351 1334 1585 1383; x_wconf 80' lang='lat' dir='ltr'><strong>reditibus</strong></span> <span class='ocrx_word' id='word_1_102' title='bbox 1618 1334 1930 1383; x_wconf 80' lang='lat' dir='ltr'><strong>destituantur</strong></span> <span class='ocrx_word' id='word_1_103' title='bbox 1953 1372 1964 1383; x_wconf 87' lang='lat'><strong>.</strong></span> <span class='ocrx_word' id='word_1_104' title='bbox 1996 1369 2011 1384; x_wconf 84' lang='lat'><strong>.</strong></span> <span class='ocrx_word' id='word_1_105' title='bbox 2062 1369 2075 1384; x_wconf 86' lang='lat'><strong>.</strong></span> <span class='ocrx_word' id='word_1_106' title='bbox 2128 1367 2145 1384; x_wconf 84' lang='lat'><strong>.</strong></span> <span class='ocrx_word' id='word_1_107' title='bbox 2198 1368 2215 1382; x_wconf 86' lang='lat'><strong>.</strong></span> <span class='ocrx_word' id='word_1_108' title='bbox 2263 1369 2279 1383; x_wconf 90' lang='lat'><strong>.</strong></span> <span class='ocrx_word' id='word_1_109' title='bbox 2331 1368 2345 1382; x_wconf 90' lang='lat'><strong>.</strong></span> <span class='ocrx_word' id='word_1_110' title='bbox 2398 1368 2411 1381; x_wconf 89' lang='lat'><strong>.</strong></span> <span class='ocrx_word' id='word_1_111' title='bbox 2445 1370 2456 1381; x_wconf 90' lang='lat'>.</span> <span class='ocrx_word' id='word_1_112' title='bbox 2527 1330 2620 1381; x_wconf 70' lang='lat'><strong>581</strong></span> 
     </span>
     <span class='ocr_line' id='line_1_13' title="bbox 442 1416 2451 1481; baseline -0.003 -12"><span class='ocrx_word' id='word_1_113' title='bbox 442 1419 736 1481; x_wconf 80' lang='lat' dir='ltr'><strong>Propositio</strong></span> <span class='ocrx_word' id='word_1_114' title='bbox 764 1419 851 1466; x_wconf 75' lang='lat'>11¹.</span> <span class='ocrx_word' id='word_1_115' title='bbox 892 1416 1135 1467; x_wconf 82' lang='lat' dir='ltr'><strong>Remansit</strong></span> <span class='ocrx_word' id='word_1_116' title='bbox 1153 1418 1375 1479; x_wconf 70' lang='lat' dir='ltr'><strong>praedicta</strong></span> <span class='ocrx_word' id='word_1_117' title='bbox 1394 1426 1663 1467; x_wconf 89' lang='lat' dir='ltr'><strong>curatorum</strong></span> <span class='ocrx_word' id='word_1_118' title='bbox 1690 1418 1915 1479; x_wconf 77' lang='lat' dir='ltr'><strong>obligatio</strong></span> <span class='ocrx_word' id='word_1_119' title='bbox 1935 1417 2087 1480; x_wconf 87' lang='lat' dir='ltr'><strong>quoad</strong></span> <span class='ocrx_word' id='word_1_120' title='bbox 2108 1418 2244 1477; x_wconf 79' lang='lat' dir='ltr'><strong>festa,</strong></span> <span class='ocrx_word' id='word_1_121' title='bbox 2266 1431 2350 1479; x_wconf 83' lang='lat' dir='ltr'><strong>per</strong></span> <span class='ocrx_word' id='word_1_122' title='bbox 2377 1417 2423 1464; x_wconf 88' lang='lat' dir='ltr'><strong>in</strong></span> <span class='ocrx_word' id='word_1_123' title='bbox 2439 1444 2451 1455; x_wconf 84' lang='lat'><strong>·</strong></span> 
     </span>
     <span class='ocr_line' id='line_1_14' title="bbox 509 1500 2617 1566; baseline -0.001 -15"><span class='ocrx_word' id='word_1_124' title='bbox 509 1504 689 1551; x_wconf 87' lang='lat' dir='ltr'><strong>dultum</strong></span> <span class='ocrx_word' id='word_1_125' title='bbox 707 1503 798 1552; x_wconf 92' lang='lat' dir='ltr'><strong>diei</strong></span> <span class='ocrx_word' id='word_1_126' title='bbox 816 1504 848 1550; x_wconf 87' lang='grc'><strong>9</strong></span> <span class='ocrx_word' id='word_1_127' title='bbox 862 1500 1169 1565; x_wconf 75' lang='lat' dir='ltr'><strong>aprilis1802</strong></span> <span class='ocrx_word' id='word_1_128' title='bbox 1185 1503 1232 1551; x_wconf 91' lang='lat' dir='ltr'><strong>in</strong></span> <span class='ocrx_word' id='word_1_129' title='bbox 1253 1510 1350 1551; x_wconf 87' lang='lat' dir='ltr'><strong>toto</strong></span> <span class='ocrx_word' id='word_1_130' title='bbox 1359 1504 1609 1552; x_wconf 75' lang='lat' dir='ltr'><strong>Gallicanae</strong></span> <span class='ocrx_word' id='word_1_131' title='bbox 1627 1503 1895 1566; x_wconf 60' lang='lat' dir='ltr'><strong>reipublicae</strong></span> <span class='ocrx_word' id='word_1_132' title='bbox 1912 1503 2152 1552; x_wconf 88' lang='lat' dir='ltr'><strong>territorio</strong></span> <span class='ocrx_word' id='word_1_133' title='bbox 2172 1514 2446 1564; x_wconf 87' lang='lat' dir='ltr'><strong>suppressa.</strong></span> <span class='ocrx_word' id='word_1_134' title='bbox 2517 1500 2617 1549; x_wconf 77' lang='lat'><strong>582</strong></span> 
     </span>
     <span class='ocr_line' id='line_1_15' title="bbox 443 1585 2454 1649; baseline -0.002 -11"><span class='ocrx_word' id='word_1_135' title='bbox 443 1587 735 1649; x_wconf 80' lang='lat' dir='ltr'><strong>Propositio</strong></span> <span class='ocrx_word' id='word_1_136' title='bbox 771 1587 883 1635; x_wconf 73' lang='lat'>111⁸.</span> <span class='ocrx_word' id='word_1_137' title='bbox 929 1587 1228 1636; x_wconf 88' lang='lat' dir='ltr'><strong>Consuetudo</strong></span> <span class='ocrx_word' id='word_1_138' title='bbox 1272 1588 1507 1635; x_wconf 87' lang='lat' dir='ltr'><strong>contraria</strong></span> <span class='ocrx_word' id='word_1_139' title='bbox 1548 1588 1749 1649; x_wconf 75' lang='lat' dir='ltr'><strong>praeiatae</strong></span> <span class='ocrx_word' id='word_1_140' title='bbox 1795 1588 2067 1647; x_wconf 85' lang='lat' dir='ltr'><strong>obligationi</strong></span> <span class='ocrx_word' id='word_1_141' title='bbox 2102 1585 2323 1635; x_wconf 73' lang='lat' dir='ltr'><strong>offerendi</strong></span> <span class='ocrx_word' id='word_1_142' title='bbox 2369 1598 2454 1648; x_wconf 90' lang='lat' dir='ltr'><strong>pro</strong></span> 
     </span>
     <span class='ocr_line' id='line_1_16' title="bbox 510 1668 2620 1734; baseline -0 -15"><span class='ocrx_word' id='word_1_143' title='bbox 510 1672 702 1734; x_wconf 88' lang='lat' dir='ltr'><strong>populo,</strong></span> <span class='ocrx_word' id='word_1_144' title='bbox 720 1671 859 1719; x_wconf 87' lang='lat' dir='ltr'><strong>etiam</strong></span> <span class='ocrx_word' id='word_1_145' title='bbox 887 1671 934 1718; x_wconf 88' lang='lat' dir='ltr'><strong>in</strong></span> <span class='ocrx_word' id='word_1_146' title='bbox 962 1670 1102 1718; x_wconf 87' lang='lat' dir='ltr'><strong>dictis</strong></span> <span class='ocrx_word' id='word_1_147' title='bbox 1128 1670 1260 1719; x_wconf 82' lang='lat' dir='ltr'><strong>festis</strong></span> <span class='ocrx_word' id='word_1_148' title='bbox 1283 1672 1573 1733; x_wconf 72' lang='lat' dir='ltr'><strong>suppressis,</strong></span> <span class='ocrx_word' id='word_1_149' title='bbox 1600 1685 1835 1733; x_wconf 88' lang='lat' dir='ltr'><strong>nunquam</strong></span> <span class='ocrx_word' id='word_1_150' title='bbox 1861 1672 2074 1733; x_wconf 87' lang='lat' dir='ltr'><strong>legitima</strong></span> <span class='ocrx_word' id='word_1_151' title='bbox 2097 1670 2335 1719; x_wconf 76' lang='lat' dir='ltr'><strong>censenda</strong></span> <span class='ocrx_word' id='word_1_152' title='bbox 2361 1677 2449 1719; x_wconf 88' lang='lat' dir='ltr'><strong>est.</strong></span> <span class='ocrx_word' id='word_1_153' title='bbox 2522 1668 2620 1718; x_wconf 74' lang='lat'><strong>583</strong></span> 
     </span>
     <span class='ocr_line' id='line_1_17' title="bbox 445 1754 2454 1817; baseline -0.001 -13"><span class='ocrx_word' id='word_1_154' title='bbox 445 1754 739 1817; x_wconf 82' lang='lat' dir='ltr'><strong>Propositio</strong></span> <span class='ocrx_word' id='word_1_155' title='bbox 765 1755 871 1803; x_wconf 68' lang='lat' dir='ltr'><strong>lvt.</strong></span> <span class='ocrx_word' id='word_1_156' title='bbox 906 1756 1127 1811; x_wconf 67' lang='lat' dir='ltr'><strong>Quaenam</strong></span> <span class='ocrx_word' id='word_1_157' title='bbox 1160 1754 1253 1802; x_wconf 89' lang='lat' dir='ltr'><strong>sint</strong></span> <span class='ocrx_word' id='word_1_158' title='bbox 1271 1754 1390 1802; x_wconf 77' lang='lat' dir='ltr'><strong>festa</strong></span> <span class='ocrx_word' id='word_1_159' title='bbox 1416 1756 1515 1815; x_wconf 88' lang='lat' dir='ltr'><strong>illa,</strong></span> <span class='ocrx_word' id='word_1_160' title='bbox 1544 1755 1669 1804; x_wconf 90' lang='lat' dir='ltr'><strong>dicto</strong></span> <span class='ocrx_word' id='word_1_161' title='bbox 1700 1754 1880 1804; x_wconf 88' lang='lat' dir='ltr'><strong>indulto</strong></span> <span class='ocrx_word' id='word_1_162' title='bbox 1921 1757 1952 1803; x_wconf 84' lang='lat'>9</span> <span class='ocrx_word' id='word_1_163' title='bbox 1982 1755 2150 1817; x_wconf 79' lang='lat' dir='ltr'><strong>aprilis</strong></span> <span class='ocrx_word' id='word_1_164' title='bbox 2169 1755 2300 1803; x_wconf 77' lang='lat'><strong>1802</strong></span> <span class='ocrx_word' id='word_1_165' title='bbox 2338 1769 2454 1816; x_wconf 84' lang='lat' dir='ltr'><strong>sup·</strong></span> 
     </span>
     <span class='ocr_line' id='line_1_18' title="bbox 510 1838 2456 1900; baseline 0 -13"><span class='ocrx_word' id='word_1_166' title='bbox 510 1853 693 1900; x_wconf 74' lang='lat' dir='ltr'><strong>pressa,</strong></span> <span class='ocrx_word' id='word_1_167' title='bbox 715 1838 1118 1887; x_wconf 89' lang='lat' dir='ltr'><strong>determinandum</strong></span> <span class='ocrx_word' id='word_1_168' title='bbox 1143 1846 1287 1886; x_wconf 85' lang='lat' dir='ltr'><strong>estex</strong></span> <span class='ocrx_word' id='word_1_169' title='bbox 1310 1839 1517 1899; x_wconf 85' lang='lat' dir='ltr'><strong>catalogo</strong></span> <span class='ocrx_word' id='word_1_170' title='bbox 1545 1839 1770 1887; x_wconf 74' lang='lat' dir='ltr'><strong>festorum</strong></span> <span class='ocrx_word' id='word_1_171' title='bbox 1791 1841 1967 1888; x_wconf 86' lang='lat' dir='ltr'><strong>Urbani</strong></span> <span class='ocrx_word' id='word_1_172' title='bbox 1990 1841 2121 1898; x_wconf 85' lang='lat' dir='ltr'><strong>vm,</strong></span> <span class='ocrx_word' id='word_1_173' title='bbox 2148 1839 2307 1888; x_wconf 87' lang='lat' dir='ltr'><strong>addita</strong></span> <span class='ocrx_word' id='word_1_174' title='bbox 2328 1843 2456 1890; x_wconf 82' lang='lat' dir='ltr'><strong>Gon-</strong></span> 
     </span>
     <span class='ocr_line' id='line_1_19' title="bbox 512 1920 2618 1984; baseline 0.001 -14"><span class='ocrx_word' id='word_1_175' title='bbox 512 1924 738 1984; x_wconf 89' lang='lat' dir='ltr'><strong>ceptionis</strong></span> <span class='ocrx_word' id='word_1_176' title='bbox 768 1923 1054 1984; x_wconf 73' lang='lat' dir='ltr'><strong>festivitatc;</strong></span> <span class='ocrx_word' id='word_1_177' title='bbox 1091 1937 1182 1971; x_wconf 87' lang='lat' dir='ltr'><strong>non</strong></span> <span class='ocrx_word' id='word_1_178' title='bbox 1213 1931 1366 1969; x_wconf 87' lang='lat' dir='ltr'><strong>autem</strong></span> <span class='ocrx_word' id='word_1_179' title='bbox 1397 1936 1450 1970; x_wconf 80' lang='lat' dir='ltr'><strong>ex</strong></span> <span class='ocrx_word' id='word_1_180' title='bbox 1477 1925 1686 1983; x_wconf 85' lang='lat' dir='ltr'><strong>catalogo</strong></span> <span class='ocrx_word' id='word_1_181' title='bbox 1715 1924 1937 1972; x_wconf 71' lang='lat' dir='ltr'><strong>festorum</strong></span> <span class='ocrx_word' id='word_1_182' title='bbox 1968 1920 2224 1973; x_wconf 84' lang='lat' dir='ltr'><strong>Clementis</strong></span> <span class='ocrx_word' id='word_1_183' title='bbox 2249 1925 2358 1972; x_wconf 80' lang='lat' dir='ltr'><strong>xlv</strong></span> <span class='ocrx_word' id='word_1_184' title='bbox 2388 1959 2401 1972; x_wconf 90' lang='lat'><strong>.</strong></span> <span class='ocrx_word' id='word_1_185' title='bbox 2436 1962 2445 1972; x_wconf 94' lang='lat'><strong><em>.</em></strong></span> <span class='ocrx_word' id='word_1_186' title='bbox 2520 1923 2618 1973; x_wconf 76' lang='lat'><strong>583</strong></span> 
     </span>
     <span class='ocr_line' id='line_1_20' title="bbox 451 2007 2455 2070; baseline -0 -13"><span class='ocrx_word' id='word_1_187' title='bbox 451 2007 750 2070; x_wconf 72' lang='lat' dir='ltr'><strong>propositio</strong></span> <span class='ocrx_word' id='word_1_188' title='bbox 786 2009 866 2056; x_wconf 64' lang='lat' dir='ltr'><strong>vn,</strong></span> <span class='ocrx_word' id='word_1_189' title='bbox 891 2009 1096 2069; x_wconf 81' lang='lat' dir='ltr'><strong>Excepto</strong></span> <span class='ocrx_word' id='word_1_190' title='bbox 1129 2021 1239 2056; x_wconf 90' lang='lat' dir='ltr'><strong>casu</strong></span> <span class='ocrx_word' id='word_1_191' title='bbox 1272 2008 1468 2068; x_wconf 81' lang='lat' dir='ltr'><strong>legitimi</strong></span> <span class='ocrx_word' id='word_1_192' title='bbox 1497 2008 1838 2069; x_wconf 81' lang='lat' dir='ltr'><strong>impedimenti,</strong></span> <span class='ocrx_word' id='word_1_193' title='bbox 1866 2015 2052 2056; x_wconf 88' lang='lat' dir='ltr'><strong>tenetur</strong></span> <span class='ocrx_word' id='word_1_194' title='bbox 2077 2009 2311 2070; x_wconf 78' lang='lat' dir='ltr'><strong>parochus</strong></span> <span class='ocrx_word' id='word_1_195' title='bbox 2338 2008 2455 2056; x_wconf 84' lang='lat' dir='ltr'><strong>mis·</strong></span> 
     </span>
     <span class='ocr_line' id='line_1_21' title="bbox 512 2090 2454 2154; baseline 0 -16"><span class='ocrx_word' id='word_1_196' title='bbox 512 2105 610 2138; x_wconf 87' lang='lat' dir='ltr'><strong>sam</strong></span> <span class='ocrx_word' id='word_1_197' title='bbox 640 2104 725 2152; x_wconf 90' lang='lat' dir='ltr'><strong>pro</strong></span> <span class='ocrx_word' id='word_1_198' title='bbox 753 2093 925 2152; x_wconf 90' lang='lat' dir='ltr'><strong>populo</strong></span> <span class='ocrx_word' id='word_1_199' title='bbox 959 2105 1045 2154; x_wconf 91' lang='lat' dir='ltr'><strong>per</strong></span> <span class='ocrx_word' id='word_1_200' title='bbox 1073 2091 1282 2154; x_wconf 87' lang='lat' dir='ltr'><strong>seipsum</strong></span> <span class='ocrx_word' id='word_1_201' title='bbox 1312 2092 1509 2154; x_wconf 75' lang='lat' dir='ltr'><strong>offerre;</strong></span> <span class='ocrx_word' id='word_1_202' title='bbox 1542 2105 1628 2141; x_wconf 89' lang='lat' dir='ltr'><strong>nec</strong></span> <span class='ocrx_word' id='word_1_203' title='bbox 1654 2099 1810 2154; x_wconf 87' lang='lat' dir='ltr'><strong>potest</strong></span> <span class='ocrx_word' id='word_1_204' title='bbox 1846 2092 1991 2140; x_wconf 87' lang='lat' dir='ltr'><strong>alium</strong></span> <span class='ocrx_word' id='word_1_205' title='bbox 2028 2090 2342 2150; x_wconf 82' lang='lat' dir='ltr'><strong>sacerdotem,</strong></span> <span class='ocrx_word' id='word_1_206' title='bbox 2373 2090 2454 2152; x_wconf 88' lang='lat' dir='ltr'><strong>qui</strong></span> 
     </span>
    </p>
   </div>
   <div class='ocr_carea' id='block_1_4' title="bbox 447 2173 2625 2493">
    <p class='ocr_par' dir='ltr' id='par_1_5' title="bbox 447 2173 2618 2324">
     <span class='ocr_line' id='line_1_22' title="bbox 513 2173 2618 2237; baseline -0.001 -15"><span class='ocrx_word' id='word_1_207' title='bbox 513 2174 557 2222; x_wconf 84' lang='lat' dir='ltr'><strong>id</strong></span> <span class='ocrx_word' id='word_1_208' title='bbox 586 2183 791 2237; x_wconf 68' lang='lat' dir='ltr'><strong>praestet,</strong></span> <span class='ocrx_word' id='word_1_209' title='bbox 815 2177 906 2225; x_wconf 85' lang='lat' dir='ltr'><strong>sibi</strong></span> <span class='ocrx_word' id='word_1_210' title='bbox 935 2178 1218 2224; x_wconf 80' lang='lat' dir='ltr'><strong>substituere</strong></span> <span class='ocrx_word' id='word_1_211' title='bbox 1246 2203 2444 2227; x_wconf 74' lang='grc'><strong><em>...................</em></strong></span> <span class='ocrx_word' id='word_1_212' title='bbox 2517 2173 2618 2221; x_wconf 80' lang='grc'><strong>587</strong></span> 
     </span>
     <span class='ocr_line' id='line_1_23' title="bbox 447 2256 2457 2324; baseline -0.001 -16"><span class='ocrx_word' id='word_1_213' title='bbox 447 2258 745 2322; x_wconf 72' lang='lat' dir='ltr'><strong>propositio</strong></span> <span class='ocrx_word' id='word_1_214' title='bbox 774 2261 878 2308; x_wconf 58' lang='grc' dir='ltr'><strong>Ἧι.</strong></span> <span class='ocrx_word' id='word_1_215' title='bbox 916 2264 1090 2311; x_wconf 89' lang='lat' dir='ltr'><strong>Contra</strong></span> <span class='ocrx_word' id='word_1_216' title='bbox 1108 2261 1375 2322; x_wconf 68' lang='lat' dir='ltr'><strong>praedictam</strong></span> <span class='ocrx_word' id='word_1_217' title='bbox 1406 2263 1721 2324; x_wconf 74' lang='lat' dir='ltr'><strong>parochorum</strong></span> <span class='ocrx_word' id='word_1_218' title='bbox 1752 2276 1837 2324; x_wconf 88' lang='lat' dir='ltr'><strong>per</strong></span> <span class='ocrx_word' id='word_1_219' title='bbox 1866 2262 2051 2323; x_wconf 88' lang='lat' dir='ltr'><strong>seipsos</strong></span> <span class='ocrx_word' id='word_1_220' title='bbox 2084 2256 2307 2309; x_wconf 75' lang='lat' dir='ltr'><strong>offerendi</strong></span> <span class='ocrx_word' id='word_1_221' title='bbox 2334 2257 2457 2306; x_wconf 88' lang='lat' dir='ltr'><strong>obli-</strong></span> 
     </span>
    </p>

    <p class='ocr_par' dir='ltr' id='par_1_6' title="bbox 447 2343 2625 2493">
     <span class='ocr_line' id='line_1_24' title="bbox 514 2343 2625 2406; baseline 0 -15"><span class='ocrx_word' id='word_1_222' title='bbox 514 2345 765 2406; x_wconf 84' lang='lat' dir='ltr'><strong>gationem,</strong></span> <span class='ocrx_word' id='word_1_223' title='bbox 787 2347 914 2394; x_wconf 89' lang='lat' dir='ltr'><strong>nulla</strong></span> <span class='ocrx_word' id='word_1_224' title='bbox 942 2347 1065 2394; x_wconf 81' lang='lat' dir='ltr'><strong>valet</strong></span> <span class='ocrx_word' id='word_1_225' title='bbox 1100 2346 1387 2394; x_wconf 84' lang='lat' dir='ltr'><strong>consuetudo</strong></span> <span class='ocrx_word' id='word_1_226' title='bbox 1411 2378 2451 2396; x_wconf 88' lang='grc'><strong>.................</strong></span> <span class='ocrx_word' id='word_1_227' title='bbox 2526 2343 2625 2391; x_wconf 85' lang='grc'><strong>590</strong></span> 
     </span>
     <span class='ocr_line' id='line_1_25' title="bbox 447 2428 2455 2493; baseline -0.001 -15"><span class='ocrx_word' id='word_1_228' title='bbox 447 2428 741 2492; x_wconf 71' lang='lat' dir='ltr'><strong>propositio</strong></span> <span class='ocrx_word' id='word_1_229' title='bbox 777 2431 906 2479; x_wconf 74' lang='lat' dir='ltr'><strong>vm.</strong></span> <span class='ocrx_word' id='word_1_230' title='bbox 930 2430 1123 2478; x_wconf 77' lang='lat' dir='ltr'><strong>Missam</strong></span> <span class='ocrx_word' id='word_1_231' title='bbox 1136 2444 1222 2493; x_wconf 91' lang='lat' dir='ltr'><strong>pro</strong></span> <span class='ocrx_word' id='word_1_232' title='bbox 1242 2431 1416 2493; x_wconf 89' lang='lat' dir='ltr'><strong>populo</strong></span> <span class='ocrx_word' id='word_1_233' title='bbox 1438 2430 1678 2478; x_wconf 85' lang='lat' dir='ltr'><strong>celebrare</strong></span> <span class='ocrx_word' id='word_1_234' title='bbox 1698 2429 1840 2478; x_wconf 90' lang='lat' dir='ltr'><strong>debet</strong></span> <span class='ocrx_word' id='word_1_235' title='bbox 1861 2431 2098 2493; x_wconf 82' lang='lat' dir='ltr'><strong>parochus</strong></span> <span class='ocrx_word' id='word_1_236' title='bbox 2126 2430 2173 2477; x_wconf 91' lang='lat' dir='ltr'><strong>in</strong></span> <span class='ocrx_word' id='word_1_237' title='bbox 2194 2428 2455 2493; x_wconf 84' lang='lat' dir='ltr'><strong>parochiali</strong></span> 
     </span>
    </p>
   </div>
   <div class='ocr_carea' id='block_1_5' title="bbox 449 2514 2623 2999">
    <p class='ocr_par' dir='ltr' id='par_1_7' title="bbox 449 2514 2623 2662">
     <span class='ocr_line' id='line_1_26' title="bbox 512 2514 2623 2566; baseline 0 -4"><span class='ocrx_word' id='word_1_238' title='bbox 512 2516 709 2564; x_wconf 88' lang='lat' dir='ltr'><strong>ecclesia</strong></span> <span class='ocrx_word' id='word_1_239' title='bbox 734 2549 2449 2566; x_wconf 89' lang='grc'><strong>...........................</strong></span> <span class='ocrx_word' id='word_1_240' title='bbox 2524 2514 2623 2562; x_wconf 85' lang='grc'><strong>590</strong></span> 
     </span>
     <span class='ocr_line' id='line_1_27' title="bbox 449 2597 2459 2662; baseline -0.001 -13"><span class='ocrx_word' id='word_1_241' title='bbox 449 2597 745 2662; x_wconf 77' lang='lat' dir='ltr'><strong>propositio</strong></span> <span class='ocrx_word' id='word_1_242' title='bbox 779 2601 932 2649; x_wconf 67' lang='lat' dir='ltr'><strong>Vlllfl.</strong></span> <span class='ocrx_word' id='word_1_243' title='bbox 957 2599 1245 2660; x_wconf 84' lang='lat' dir='ltr'><strong>obligationi</strong></span> <span class='ocrx_word' id='word_1_244' title='bbox 1271 2601 1463 2649; x_wconf 86' lang='lat' dir='ltr'><strong>missam</strong></span> <span class='ocrx_word' id='word_1_245' title='bbox 1490 2598 1757 2648; x_wconf 84' lang='lat' dir='ltr'><strong>celebrandi</strong></span> <span class='ocrx_word' id='word_1_246' title='bbox 1773 2611 1860 2660; x_wconf 89' lang='lat' dir='ltr'><strong>pro</strong></span> <span class='ocrx_word' id='word_1_247' title='bbox 1886 2600 2060 2660; x_wconf 87' lang='lat' dir='ltr'><strong>populo</strong></span> <span class='ocrx_word' id='word_1_248' title='bbox 2089 2598 2358 2647; x_wconf 74' lang='lat' dir='ltr'><strong>satisfacere</strong></span> <span class='ocrx_word' id='word_1_249' title='bbox 2376 2611 2459 2661; x_wconf 91' lang='lat' dir='ltr'><strong>po-</strong></span> 
     </span>
    </p>

    <p class='ocr_par' dir='ltr' id='par_1_8' title="bbox 522 2683 2458 2747">
     <span class='ocr_line' id='line_1_28' title="bbox 522 2683 2458 2747; baseline 0 -17"><span class='ocrx_word' id='word_1_250' title='bbox 522 2691 613 2731; x_wconf 89' lang='lat' dir='ltr'><strong>test</strong></span> <span class='ocrx_word' id='word_1_251' title='bbox 630 2685 861 2745; x_wconf 84' lang='lat' dir='ltr'><strong>parochus</strong></span> <span class='ocrx_word' id='word_1_252' title='bbox 880 2698 965 2747; x_wconf 86' lang='lat' dir='ltr'><strong>per</strong></span> <span class='ocrx_word' id='word_1_253' title='bbox 984 2686 1174 2732; x_wconf 87' lang='lat' dir='ltr'><strong>missam</strong></span> <span class='ocrx_word' id='word_1_254' title='bbox 1194 2685 1423 2745; x_wconf 74' lang='lat' dir='ltr'><strong>privatam</strong></span> <span class='ocrx_word' id='word_1_255' title='bbox 1443 2705 1455 2745; x_wconf 83' lang='lat'>;</span> <span class='ocrx_word' id='word_1_256' title='bbox 1477 2698 1572 2731; x_wconf 32' lang='lat' dir='ltr'><strong>non*</strong></span> <span class='ocrx_word' id='word_1_257' title='bbox 1592 2692 1743 2732; x_wconf 84' lang='lat' dir='ltr'><strong>autem</strong></span> <span class='ocrx_word' id='word_1_258' title='bbox 1765 2691 1950 2732; x_wconf 88' lang='lat' dir='ltr'><strong>tenetur</strong></span> <span class='ocrx_word' id='word_1_259' title='bbox 1973 2684 2162 2730; x_wconf 89' lang='lat' dir='ltr'><strong>missam</strong></span> <span class='ocrx_word' id='word_1_260' title='bbox 2184 2683 2458 2740; x_wconf 83' lang='lat' dir='ltr'><strong>solemnem,</strong></span> 
     </span>
    </p>

    <p class='ocr_par' dir='ltr' id='par_1_9' title="bbox 453 2766 2616 2914">
     <span class='ocr_line' id='line_1_29' title="bbox 515 2766 2616 2829; baseline -0 -15"><span class='ocrx_word' id='word_1_261' title='bbox 515 2775 596 2815; x_wconf 87' lang='lat' dir='ltr'><strong>aut</strong></span> <span class='ocrx_word' id='word_1_262' title='bbox 620 2768 777 2829; x_wconf 89' lang='lat' dir='ltr'><strong>aliqua</strong></span> <span class='ocrx_word' id='word_1_263' title='bbox 811 2776 937 2817; x_wconf 88' lang='lat' dir='ltr'><strong>certa</strong></span> <span class='ocrx_word' id='word_1_264' title='bbox 962 2771 1081 2817; x_wconf 88' lang='lat' dir='ltr'><strong>hora</strong></span> <span class='ocrx_word' id='word_1_265' title='bbox 1107 2769 1245 2818; x_wconf 86' lang='lat' dir='ltr'><strong>fixam</strong></span> <span class='ocrx_word' id='word_1_266' title='bbox 1274 2770 1511 2818; x_wconf 87' lang='lat' dir='ltr'><strong>celebrare</strong></span> <span class='ocrx_word' id='word_1_267' title='bbox 1543 2801 2452 2819; x_wconf 89' lang='grc'><strong>...............</strong></span> <span class='ocrx_word' id='word_1_268' title='bbox 2526 2766 2616 2814; x_wconf 81' lang='grc'><strong>591</strong></span> 
     </span>
     <span class='ocr_line' id='line_1_30' title="bbox 453 2849 2458 2914; baseline -0.001 -13"><span class='ocrx_word' id='word_1_269' title='bbox 453 2849 746 2914; x_wconf 76' lang='lat' dir='ltr'><strong>propositio</strong></span> <span class='ocrx_word' id='word_1_270' title='bbox 785 2854 890 2901; x_wconf 69' lang='grc' dir='ltr'>ΙΧΙ.</span> <span class='ocrx_word' id='word_1_271' title='bbox 915 2854 963 2901; x_wconf 93' lang='lat' dir='ltr'><strong>Si</strong></span> <span class='ocrx_word' id='word_1_272' title='bbox 989 2856 1222 2914; x_wconf 86' lang='lat' dir='ltr'><strong>parochus</strong></span> <span class='ocrx_word' id='word_1_273' title='bbox 1240 2857 1303 2902; x_wconf 87' lang='lat' dir='ltr'><strong>sit</strong></span> <span class='ocrx_word' id='word_1_274' title='bbox 1325 2855 1463 2901; x_wconf 87' lang='lat' dir='ltr'><strong>simul</strong></span> <span class='ocrx_word' id='word_1_275' title='bbox 1485 2854 1755 2909; x_wconf 83' lang='lat' dir='ltr'><strong>canonicus,</strong></span> <span class='ocrx_word' id='word_1_276' title='bbox 1777 2852 1899 2901; x_wconf 88' lang='lat' dir='ltr'><strong>etad</strong></span> <span class='ocrx_word' id='word_1_277' title='bbox 1926 2866 2031 2900; x_wconf 89' lang='lat' dir='ltr'><strong>eum</strong></span> <span class='ocrx_word' id='word_1_278' title='bbox 2060 2859 2237 2914; x_wconf 82' lang='lat' dir='ltr'><strong>spectet</strong></span> <span class='ocrx_word' id='word_1_279' title='bbox 2267 2851 2458 2899; x_wconf 84' lang='lat' dir='ltr'><strong>missam</strong></span> 
     </span>
    </p>

    <p class='ocr_par' dir='ltr' id='par_1_10' title="bbox 518 2935 2454 2999">
     <span class='ocr_line' id='line_1_31' title="bbox 518 2935 2454 2999; baseline 0 -16"><span class='ocrx_word' id='word_1_280' title='bbox 518 2938 865 2986; x_wconf 81' lang='lat' dir='ltr'><strong>conventualem</strong></span> <span class='ocrx_word' id='word_1_281' title='bbox 908 2937 1166 2997; x_wconf 82' lang='lat' dir='ltr'><strong>celebrare,</strong></span> <span class='ocrx_word' id='word_1_282' title='bbox 1204 2945 1388 2987; x_wconf 84' lang='lat' dir='ltr'><strong>tenetur</strong></span> <span class='ocrx_word' id='word_1_283' title='bbox 1433 2939 1637 2999; x_wconf 81' lang='lat' dir='ltr'><strong>aliquem</strong></span> <span class='ocrx_word' id='word_1_284' title='bbox 1676 2938 1767 2985; x_wconf 90' lang='lat' dir='ltr'><strong>sibi</strong></span> <span class='ocrx_word' id='word_1_285' title='bbox 1801 2936 2121 2994; x_wconf 85' lang='lat' dir='ltr'><strong>substituere,</strong></span> <span class='ocrx_word' id='word_1_286' title='bbox 2151 2935 2231 2996; x_wconf 81' lang='lat' dir='ltr'><strong>qui</strong></span> <span class='ocrx_word' id='word_1_287' title='bbox 2262 2935 2454 2983; x_wconf 85' lang='lat' dir='ltr'><strong>missam</strong></span> 
     </span>
    </p>
   </div>
   <div class='ocr_carea' id='block_1_6' title="bbox 385 3020 2628 3419">
    <p class='ocr_par' dir='ltr' id='par_1_11' title="bbox 385 3020 2628 3167">
     <span class='ocr_line' id='line_1_32' title="bbox 518 3020 2628 3083; baseline 0.001 -18"><span class='ocrx_word' id='word_1_288' title='bbox 518 3020 718 3081; x_wconf 85' lang='lat' dir='ltr'><strong>applicet</strong></span> <span class='ocrx_word' id='word_1_289' title='bbox 754 3035 840 3083; x_wconf 92' lang='lat' dir='ltr'><strong>pro</strong></span> <span class='ocrx_word' id='word_1_290' title='bbox 886 3021 1064 3082; x_wconf 88' lang='lat' dir='ltr'><strong>populo</strong></span> <span class='ocrx_word' id='word_1_291' title='bbox 1107 3050 2434 3070; x_wconf 82' lang='lat'><strong>.....................</strong></span> <span class='ocrx_word' id='word_1_292' title='bbox 2532 3020 2628 3068; x_wconf 79' lang='lat'><strong>592</strong></span> 
     </span>
     <span class='ocr_line' id='line_1_33' title="bbox 385 3104 2463 3167; baseline -0.001 -14"><span class='ocrx_word' id='word_1_293' title='bbox 385 3105 579 3153; x_wconf 75' lang='lat' dir='ltr'>CAPUT</span> <span class='ocrx_word' id='word_1_294' title='bbox 607 3107 709 3153; x_wconf 86' lang='lat' dir='ltr'><strong>vn.</strong></span> <span class='ocrx_word' id='word_1_295' title='bbox 734 3106 946 3154; x_wconf 83' lang='lat' dir='ltr'><strong>Officium</strong></span> <span class='ocrx_word' id='word_1_296' title='bbox 967 3106 1158 3167; x_wconf 87' lang='lat' dir='ltr'><strong>parochi</strong></span> <span class='ocrx_word' id='word_1_297' title='bbox 1179 3104 1334 3167; x_wconf 86' lang='lat' dir='ltr'><strong>quoad</strong></span> <span class='ocrx_word' id='word_1_298' title='bbox 1357 3106 1925 3163; x_wconf 80' lang='lat' dir='ltr'><strong>extremam-unctionem,</strong></span> <span class='ocrx_word' id='word_1_299' title='bbox 1951 3112 1996 3151; x_wconf 89' lang='lat' dir='ltr'><strong>et</strong></span> <span class='ocrx_word' id='word_1_300' title='bbox 2033 3104 2346 3152; x_wconf 82' lang='lat' dir='ltr'><strong>assistentiam</strong></span> <span class='ocrx_word' id='word_1_301' title='bbox 2367 3118 2463 3151; x_wconf 79' lang='lat' dir='ltr'><strong>nio-</strong></span> 
     </span>
    </p>

    <p class='ocr_par' dir='ltr' id='par_1_12' title="bbox 452 3190 2626 3252">
     <span class='ocr_line' id='line_1_34' title="bbox 452 3190 2626 3252; baseline -0 -16"><span class='ocrx_word' id='word_1_302' title='bbox 452 3190 667 3238; x_wconf 84' lang='lat' dir='ltr'><strong>ribundis</strong></span> <span class='ocrx_word' id='word_1_303' title='bbox 690 3190 997 3252; x_wconf 63' lang='lat' dir='ltr'><strong>praestandam</strong></span> <span class='ocrx_word' id='word_1_304' title='bbox 1008 3223 2447 3240; x_wconf 87' lang='lat'><strong>.......................</strong></span> <span class='ocrx_word' id='word_1_305' title='bbox 2528 3190 2626 3236; x_wconf 76' lang='lat'><strong>595</strong></span> 
     </span>
    </p>

    <p class='ocr_par' dir='ltr' id='par_1_13' title="bbox 386 3274 2624 3419">
     <span class='ocr_line' id='line_1_35' title="bbox 386 3274 2624 3337; baseline -0.001 -15"><span class='ocrx_word' id='word_1_306' title='bbox 386 3274 578 3323; x_wconf 74' lang='lat' dir='ltr'>CAPUT</span> <span class='ocrx_word' id='word_1_307' title='bbox 599 3276 727 3322; x_wconf 83' lang='lat' dir='ltr'>v111.</span> <span class='ocrx_word' id='word_1_308' title='bbox 758 3275 969 3324; x_wconf 86' lang='lat' dir='ltr'><strong>Officium</strong></span> <span class='ocrx_word' id='word_1_309' title='bbox 1000 3277 1190 3336; x_wconf 90' lang='lat' dir='ltr'><strong>parochi</strong></span> <span class='ocrx_word' id='word_1_310' title='bbox 1219 3275 1372 3337; x_wconf 88' lang='lat' dir='ltr'><strong>quoad</strong></span> <span class='ocrx_word' id='word_1_311' title='bbox 1402 3274 1697 3323; x_wconf 85' lang='lat' dir='ltr'><strong>matrimonia</strong></span> <span class='ocrx_word' id='word_1_312' title='bbox 1725 3306 2453 3323; x_wconf 91' lang='grc'><strong>............</strong></span> <span class='ocrx_word' id='word_1_313' title='bbox 2528 3275 2624 3321; x_wconf 84' lang='grc'>596</span> 
     </span>
     <span class='ocr_line' id='line_1_36' title="bbox 386 3357 2461 3419; baseline -0 -13"><span class='ocrx_word' id='word_1_314' title='bbox 386 3360 579 3407; x_wconf 74' lang='lat' dir='ltr'>CAPUT</span> <span class='ocrx_word' id='word_1_315' title='bbox 630 3361 714 3407; x_wconf 74' lang='lat' dir='ltr'><strong>lx.</strong></span> <span class='ocrx_word' id='word_1_316' title='bbox 747 3358 963 3407; x_wconf 84' lang='lat' dir='ltr'><strong>Officium</strong></span> <span class='ocrx_word' id='word_1_317' title='bbox 1002 3361 1195 3419; x_wconf 86' lang='lat' dir='ltr'><strong>parochi</strong></span> <span class='ocrx_word' id='word_1_318' title='bbox 1238 3360 1383 3407; x_wconf 73' lang='lat' dir='ltr'><strong>divini</strong></span> <span class='ocrx_word' id='word_1_319' title='bbox 1420 3359 1552 3406; x_wconf 75' lang='lat' dir='ltr'><strong>verbi</strong></span> <span class='ocrx_word' id='word_1_320' title='bbox 1594 3357 1901 3419; x_wconf 75' lang='lat' dir='ltr'><strong>praedicandi‚</strong></span> <span class='ocrx_word' id='word_1_321' title='bbox 1930 3364 1976 3405; x_wconf 87' lang='lat' dir='ltr'><strong>et</strong></span> <span class='ocrx_word' id='word_1_322' title='bbox 2004 3371 2175 3418; x_wconf 87' lang='lat' dir='ltr'><strong>pueros</strong></span> <span class='ocrx_word' id='word_1_323' title='bbox 2203 3357 2461 3406; x_wconf 86' lang='lat' dir='ltr'><strong>doctrinam</strong></span> 
     </span>
    </p>
   </div>
   <div class='ocr_carea' id='block_1_7' title="bbox 389 3442 2626 3676">
    <p class='ocr_par' dir='ltr' id='par_1_14' title="bbox 389 3442 2626 3676">
     <span class='ocr_line' id='line_1_37' title="bbox 453 3442 2626 3494; baseline -0.002 -2"><span class='ocrx_word' id='word_1_324' title='bbox 453 3446 754 3494; x_wconf 83' lang='lat' dir='ltr'><strong>christianam</strong></span> <span class='ocrx_word' id='word_1_325' title='bbox 772 3444 997 3493; x_wconf 86' lang='lat' dir='ltr'><strong>edocendi</strong></span> <span class='ocrx_word' id='word_1_326' title='bbox 1005 3475 2451 3493; x_wconf 89' lang='grc'><strong>.......................</strong></span> <span class='ocrx_word' id='word_1_327' title='bbox 2528 3442 2626 3488; x_wconf 84' lang='grc'><strong>598</strong></span> 
     </span>
     <span class='ocr_line' id='line_1_38' title="bbox 389 3524 2626 3591; baseline -0.002 -15"><span class='ocrx_word' id='word_1_328' title='bbox 389 3531 584 3578; x_wconf 65' lang='lat' dir='ltr'>CAPUT</span> <span class='ocrx_word' id='word_1_329' title='bbox 611 3532 671 3578; x_wconf 83' lang='lat' dir='ltr'><strong>X.</strong></span> <span class='ocrx_word' id='word_1_330' title='bbox 704 3530 940 3591; x_wconf 83' lang='lat' dir='ltr'><strong>obligatio</strong></span> <span class='ocrx_word' id='word_1_331' title='bbox 961 3530 1153 3589; x_wconf 88' lang='lat' dir='ltr'><strong>parochi</strong></span> <span class='ocrx_word' id='word_1_332' title='bbox 1194 3527 1528 3576; x_wconf 81' lang='lat' dir='ltr'><strong>interveniendi</strong></span> <span class='ocrx_word' id='word_1_333' title='bbox 1557 3528 1886 3574; x_wconf 86' lang='lat' dir='ltr'><strong>collationibus</strong></span> <span class='ocrx_word' id='word_1_334' title='bbox 1920 3539 2115 3573; x_wconf 88' lang='lat' dir='ltr'><strong>casuum</strong></span> <span class='ocrx_word' id='word_1_335' title='bbox 2143 3527 2455 3575; x_wconf 70' lang='lat' dir='ltr'><strong>conscientiae.</strong></span> <span class='ocrx_word' id='word_1_336' title='bbox 2528 3524 2626 3573; x_wconf 72' lang='grc'>609.</span> 
     </span>
     <span class='ocr_line' id='line_1_39' title="bbox 389 3610 2464 3676; baseline -0.004 -12"><span class='ocrx_word' id='word_1_337' title='bbox 389 3615 583 3664; x_wconf 75' lang='lat' dir='ltr'>CAPUT</span> <span class='ocrx_word' id='word_1_338' title='bbox 610 3616 696 3664; x_wconf 78' lang='lat' dir='ltr'><strong>xl.</strong></span> <span class='ocrx_word' id='word_1_339' title='bbox 744 3615 979 3675; x_wconf 85' lang='lat' dir='ltr'><strong>Obligatio</strong></span> <span class='ocrx_word' id='word_1_340' title='bbox 996 3615 1209 3675; x_wconf 82' lang='lat' dir='ltr'><strong>parochi,</strong></span> <span class='ocrx_word' id='word_1_341' title='bbox 1237 3613 1392 3676; x_wconf 88' lang='lat' dir='ltr'><strong>quoad</strong></span> <span class='ocrx_word' id='word_1_342' title='bbox 1415 3613 1802 3661; x_wconf 85' lang='lat' dir='ltr'><strong>restaurationem</strong></span> <span class='ocrx_word' id='word_1_343' title='bbox 1832 3610 2038 3659; x_wconf 69' lang='lat' dir='ltr'><strong>ecclesias</strong></span> <span class='ocrx_word' id='word_1_344' title='bbox 2065 3617 2111 3658; x_wconf 89' lang='lat' dir='ltr'><strong>et</strong></span> <span class='ocrx_word' id='word_1_345' title='bbox 2134 3610 2303 3658; x_wconf 89' lang='lat' dir='ltr'><strong>domus</strong></span> <span class='ocrx_word' id='word_1_346' title='bbox 2329 3622 2464 3672; x_wconf 88' lang='lat' dir='ltr'><strong>paro-</strong></span> 
     </span>
    </p>
   </div>
   <div class='ocr_carea' id='block_1_8' title="bbox 456 3693 2627 3931">
    <p class='ocr_par' dir='ltr' id='par_1_15' title="bbox 456 3693 2627 3931">
     <span class='ocr_line' id='line_1_40' title="bbox 456 3693 2627 3749; baseline -0.003 -2"><span class='ocrx_word' id='word_1_347' title='bbox 456 3700 621 3747; x_wconf 91' lang='lat' dir='ltr'><strong>chialis</strong></span> <span class='ocrx_word' id='word_1_348' title='bbox 648 3730 2455 3749; x_wconf 89' lang='grc'><strong>............................</strong></span> <span class='ocrx_word' id='word_1_349' title='bbox 2527 3693 2627 3741; x_wconf 80' lang='grc'>605</span> 
     </span>
     <span class='ocr_line' id='line_1_41' title="bbox 458 3778 2627 3844; baseline -0.004 -13"><span class='ocrx_word' id='word_1_350' title='bbox 458 3784 495 3831; x_wconf 86' lang='lat' dir='ltr'><strong>l.</strong></span> <span class='ocrx_word' id='word_1_351' title='bbox 531 3784 877 3831; x_wconf 78' lang='lat' dir='ltr'><strong>Praemittuntur</strong></span> <span class='ocrx_word' id='word_1_352' title='bbox 901 3785 1024 3844; x_wconf 81' lang='lat' dir='ltr'><strong>juris</strong></span> <span class='ocrx_word' id='word_1_353' title='bbox 1050 3790 1204 3832; x_wconf 84' lang='lat' dir='ltr'><strong>textus</strong></span> <span class='ocrx_word' id='word_1_354' title='bbox 1254 3821 1268 3834; x_wconf 88' lang='lat'><strong><em>.</em></strong></span> <span class='ocrx_word' id='word_1_355' title='bbox 1326 3814 2454 3830; x_wconf 90' lang='grc'><strong>..................</strong></span> <span class='ocrx_word' id='word_1_356' title='bbox 2530 3778 2627 3825; x_wconf 72' lang='grc'>605</span> 
     </span>
     <span class='ocr_line' id='line_1_42' title="bbox 458 3863 2463 3931; baseline -0.006 -12"><span class='ocrx_word' id='word_1_357' title='bbox 458 3871 520 3919; x_wconf 86' lang='grc'><strong>11.</strong></span> <span class='ocrx_word' id='word_1_358' title='bbox 553 3869 874 3917; x_wconf 86' lang='lat' dir='ltr'><strong>Deteminatur</strong></span> <span class='ocrx_word' id='word_1_359' title='bbox 897 3868 1128 3931; x_wconf 86' lang='lat' dir='ltr'><strong>quomodo</strong></span> <span class='ocrx_word' id='word_1_360' title='bbox 1159 3877 1205 3916; x_wconf 92' lang='lat' dir='ltr'><strong>et</strong></span> <span class='ocrx_word' id='word_1_361' title='bbox 1234 3867 1418 3930; x_wconf 86' lang='lat' dir='ltr'><strong>quando</strong></span> <span class='ocrx_word' id='word_1_362' title='bbox 1456 3864 1776 3914; x_wconf 72' lang='lat' dir='ltr'><strong>restaurandae</strong></span> <span class='ocrx_word' id='word_1_363' title='bbox 1804 3865 2013 3913; x_wconf 77' lang='lat' dir='ltr'><strong>ccclesite</strong></span> <span class='ocrx_word' id='word_1_364' title='bbox 2041 3863 2321 3926; x_wconf 87' lang='lat' dir='ltr'><strong>parochialis</strong></span> <span class='ocrx_word' id='word_1_365' title='bbox 2344 3874 2463 3909; x_wconf 74' lang='lat' dir='ltr'><strong>onus</strong></span> 
     </span>
    </p>
   </div>
   <div class='ocr_carea' id='block_1_9' title="bbox 459 3946 2626 4269">
    <p class='ocr_par' dir='ltr' id='par_1_16' title="bbox 459 3946 2626 4186">
     <span class='ocr_line' id='line_1_43' title="bbox 523 3946 2626 4017; baseline -0.005 -14"><span class='ocrx_word' id='word_1_366' title='bbox 523 3956 729 4017; x_wconf 86' lang='lat' dir='ltr'><strong>parocho</strong></span> <span class='ocrx_word' id='word_1_367' title='bbox 757 3954 991 4002; x_wconf 84' lang='lat' dir='ltr'><strong>incumbat</strong></span> <span class='ocrx_word' id='word_1_368' title='bbox 1015 3981 2205 4003; x_wconf 80' lang='lat'><strong>...................</strong></span> <span class='ocrx_word' id='word_1_369' title='bbox 2216 3972 2219 3975; x_wconf 36' lang='lat'>¹</span> <span class='ocrx_word' id='word_1_370' title='bbox 2263 3981 2275 3996; x_wconf 87' lang='lat'><strong>.</strong></span> <span class='ocrx_word' id='word_1_371' title='bbox 2324 3979 2335 3992; x_wconf 91' lang='lat'><strong>.</strong></span> <span class='ocrx_word' id='word_1_372' title='bbox 2396 3982 2408 3996; x_wconf 90' lang='lat'><strong>.</strong></span> <span class='ocrx_word' id='word_1_373' title='bbox 2442 3984 2452 3994; x_wconf 89' lang='lat'><strong>.</strong></span> <span class='ocrx_word' id='word_1_374' title='bbox 2527 3946 2626 3994; x_wconf 74' lang='grc'>605</span> 
     </span>
     <span class='ocr_line' id='line_1_44' title="bbox 459 4028 2623 4100; baseline -0.006 -11"><span class='ocrx_word' id='word_1_375' title='bbox 459 4042 546 4090; x_wconf 83' lang='grc'>111.</span> <span class='ocrx_word' id='word_1_376' title='bbox 573 4040 748 4089; x_wconf 83' lang='lat' dir='ltr'><strong>Eadem</strong></span> <span class='ocrx_word' id='word_1_377' title='bbox 777 4047 850 4088; x_wconf 87' lang='lat' dir='ltr'><strong>est</strong></span> <span class='ocrx_word' id='word_1_378' title='bbox 874 4039 1068 4100; x_wconf 88' lang='lat' dir='ltr'><strong>parochi</strong></span> <span class='ocrx_word' id='word_1_379' title='bbox 1102 4038 1322 4099; x_wconf 87' lang='lat' dir='ltr'><strong>obligatio</strong></span> <span class='ocrx_word' id='word_1_380' title='bbox 1345 4036 1499 4099; x_wconf 87' lang='lat' dir='ltr'><strong>quoad</strong></span> <span class='ocrx_word' id='word_1_381' title='bbox 1528 4036 1698 4085; x_wconf 85' lang='lat' dir='ltr'><strong>domus</strong></span> <span class='ocrx_word' id='word_1_382' title='bbox 1714 4033 2053 4097; x_wconf 75' lang='lat' dir='ltr'><strong>presbyteralis</strong></span> <span class='ocrx_word' id='word_1_383' title='bbox 2078 4030 2416 4093; x_wconf 87' lang='lat' dir='ltr'><strong>reparationem</strong></span> <span class='ocrx_word' id='word_1_384' title='bbox 2442 4070 2450 4079; x_wconf 94' lang='lat'>.</span> <span class='ocrx_word' id='word_1_385' title='bbox 2525 4028 2623 4077; x_wconf 77' lang='grc'>605</span> 
     </span>
     <span class='ocr_line' id='line_1_45' title="bbox 467 4114 2464 4186; baseline -0.007 -12"><span class='ocrx_word' id='word_1_386' title='bbox 467 4127 546 4176; x_wconf 84' lang='lat' dir='ltr'><strong>tv.</strong></span> <span class='ocrx_word' id='word_1_387' title='bbox 571 4125 641 4173; x_wconf 70' lang='lat' dir='ltr'><strong>Ad</strong></span> <span class='ocrx_word' id='word_1_388' title='bbox 661 4126 947 4186; x_wconf 82' lang='lat' dir='ltr'><strong>Episcopum</strong></span> <span class='ocrx_word' id='word_1_389' title='bbox 969 4131 1148 4185; x_wconf 88' lang='lat' dir='ltr'><strong>spectat</strong></span> <span class='ocrx_word' id='word_1_390' title='bbox 1165 4123 1432 4180; x_wconf 85' lang='lat' dir='ltr'><strong>decernere,</strong></span> <span class='ocrx_word' id='word_1_391' title='bbox 1445 4135 1656 4182; x_wconf 78' lang='lat' dir='ltr'><strong>quaenatn</strong></span> <span class='ocrx_word' id='word_1_392' title='bbox 1675 4134 1819 4182; x_wconf 84' lang='lat' dir='ltr'><strong>opera</strong></span> <span class='ocrx_word' id='word_1_393' title='bbox 1842 4120 1889 4167; x_wconf 90' lang='lat' dir='ltr'><strong>in</strong></span> <span class='ocrx_word' id='word_1_394' title='bbox 1910 4118 2107 4167; x_wconf 90' lang='lat' dir='ltr'><strong>ecclesia</strong></span> <span class='ocrx_word' id='word_1_395' title='bbox 2126 4116 2198 4164; x_wconf 76' lang='lat' dir='ltr'><strong>vel</strong></span> <span class='ocrx_word' id='word_1_396' title='bbox 2213 4114 2351 4164; x_wconf 89' lang='lat' dir='ltr'><strong>domo</strong></span> <span class='ocrx_word' id='word_1_397' title='bbox 2378 4127 2464 4177; x_wconf 87' lang='lat' dir='ltr'><strong>pa·-</strong></span> 
     </span>
    </p>

    <p class='ocr_par' dir='ltr' id='par_1_17' title="bbox 528 4201 2464 4269">
     <span class='ocr_line' id='line_1_46' title="bbox 528 4201 2464 4269; baseline -0.005 -11"><span class='ocrx_word' id='word_1_398' title='bbox 528 4211 723 4258; x_wconf 87' lang='lat' dir='ltr'><strong>rochiali</strong></span> <span class='ocrx_word' id='word_1_399' title='bbox 753 4210 853 4257; x_wconf 82' lang='lat' dir='ltr'><strong>fieri</strong></span> <span class='ocrx_word' id='word_1_400' title='bbox 876 4208 1093 4268; x_wconf 83' lang='lat' dir='ltr'><strong>debcant,</strong></span> <span class='ocrx_word' id='word_1_401' title='bbox 1122 4216 1169 4257; x_wconf 88' lang='lat' dir='ltr'><strong>et</strong></span> <span class='ocrx_word' id='word_1_402' title='bbox 1184 4221 1272 4269; x_wconf 86' lang='lat' dir='ltr'><strong>pro</strong></span> <span class='ocrx_word' id='word_1_403' title='bbox 1299 4220 1498 4269; x_wconf 85' lang='lat' dir='ltr'><strong>quanam</strong></span> <span class='ocrx_word' id='word_1_404' title='bbox 1530 4219 1713 4253; x_wconf 85' lang='lat' dir='ltr'><strong>summa</strong></span> <span class='ocrx_word' id='word_1_405' title='bbox 1743 4205 1978 4265; x_wconf 87' lang='lat' dir='ltr'><strong>parochus</strong></span> <span class='ocrx_word' id='word_1_406' title='bbox 2005 4203 2142 4251; x_wconf 79' lang='lat' dir='ltr'><strong>aliive</strong></span> <span class='ocrx_word' id='word_1_407' title='bbox 2165 4201 2464 4249; x_wconf 86' lang='lat' dir='ltr'><strong>contribuere</strong></span> 
     </span>
    </p>
   </div>
   <div class='ocr_carea' id='block_1_10' title="bbox 461 4281 2626 4437">
    <p class='ocr_par' dir='ltr' id='par_1_18' title="bbox 461 4281 2626 4437">
     <span class='ocr_line' id='line_1_47' title="bbox 857 4281 2626 4341; baseline -0.007 0"><span class='ocrx_word' id='word_1_408' title='bbox 857 4316 2451 4341; x_wconf 87' lang='grc'><strong>.........................</strong></span> <span class='ocrx_word' id='word_1_409' title='bbox 2527 4281 2626 4330; x_wconf 80' lang='grc'>605</span> 
     </span>
     <span class='ocr_line' id='line_1_48' title="bbox 461 4294 2464 4437; baseline -0.004 -14"><span class='ocrx_word' id='word_1_410' title='bbox 461 4294 807 4427; x_wconf 29' lang='lat' dir='ltr'><strong>[difixi-eto</strong></span> <span class='ocrx_word' id='word_1_411' title='bbox 852 4375 1091 4437; x_wconf 81' lang='lat' dir='ltr'><strong>Episcopi,</strong></span> <span class='ocrx_word' id='word_1_412' title='bbox 1123 4376 1182 4424; x_wconf 89' lang='lat' dir='ltr'><strong>de</strong></span> <span class='ocrx_word' id='word_1_413' title='bbox 1223 4376 1311 4423; x_wconf 90' lang='lat' dir='ltr'><strong>hac</strong></span> <span class='ocrx_word' id='word_1_414' title='bbox 1339 4387 1391 4422; x_wconf 89' lang='lat' dir='ltr'><strong>re</strong></span> <span class='ocrx_word' id='word_1_415' title='bbox 1438 4372 1707 4430; x_wconf 81' lang='lat' dir='ltr'><strong>statuentis,</strong></span> <span class='ocrx_word' id='word_1_416' title='bbox 1749 4385 1842 4420; x_wconf 90' lang='lat' dir='ltr'><strong>non</strong></span> <span class='ocrx_word' id='word_1_417' title='bbox 1868 4370 2008 4420; x_wconf 84' lang='lat' dir='ltr'><strong>datur</strong></span> <span class='ocrx_word' id='word_1_418' title='bbox 2036 4369 2284 4434; x_wconf 88' lang='lat' dir='ltr'><strong>appellatio</strong></span> <span class='ocrx_word' id='word_1_419' title='bbox 2313 4367 2372 4415; x_wconf 85' lang='lat' dir='ltr'><strong>ad</strong></span> <span class='ocrx_word' id='word_1_420' title='bbox 2396 4367 2464 4414; x_wconf 81' lang='lat' dir='ltr'><strong>ci-</strong></span> 
     </span>
    </p>
   </div>
   <div class='ocr_carea' id='block_1_11' title="bbox 527 4448 2630 4523">
    <p class='ocr_par' dir='ltr' id='par_1_19' title="bbox 527 4448 2630 4523">
     <span class='ocr_line' id='line_1_49' title="bbox 527 4448 2630 4523; baseline -0.008 -12"><span class='ocrx_word' id='word_1_421' title='bbox 527 4462 695 4511; x_wconf 75' lang='lat' dir='ltr'><strong>iectum</strong></span> <span class='ocrx_word' id='word_1_422' title='bbox 726 4460 1072 4523; x_wconf 78' lang='lat' dir='ltr'><strong>suspensivum,</strong></span> <span class='ocrx_word' id='word_1_423' title='bbox 1100 4461 1180 4509; x_wconf 79' lang='lat' dir='ltr'><strong>sed</strong></span> <span class='ocrx_word' id='word_1_424' title='bbox 1209 4460 1451 4508; x_wconf 82' lang='lat' dir='ltr'><strong>dumtaxat</strong></span> <span class='ocrx_word' id='word_1_425' title='bbox 1475 4456 1789 4505; x_wconf 61' lang='lat' dir='ltr'><strong>devolutis-um</strong></span> <span class='ocrx_word' id='word_1_426' title='bbox 1826 4496 1875 4505; x_wconf 86' lang='lat'><strong>..</strong></span> <span class='ocrx_word' id='word_1_427' title='bbox 1935 4493 1947 4504; x_wconf 88' lang='lat'><strong>.</strong></span> <span class='ocrx_word' id='word_1_428' title='bbox 2000 4494 2010 4505; x_wconf 90' lang='lat'>.</span> <span class='ocrx_word' id='word_1_429' title='bbox 2067 4492 2078 4505; x_wconf 89' lang='lat'><em>.</em></span> <span class='ocrx_word' id='word_1_430' title='bbox 2137 4494 2145 4503; x_wconf 73' lang='grc'>,</span> <span class='ocrx_word' id='word_1_431' title='bbox 2204 4492 2213 4502; x_wconf 91' lang='grc'><strong>.</strong></span> <span class='ocrx_word' id='word_1_432' title='bbox 2268 4490 2279 4501; x_wconf 93' lang='grc'><strong>.</strong></span> <span class='ocrx_word' id='word_1_433' title='bbox 2336 4489 2347 4500; x_wconf 92' lang='grc'><strong>.</strong></span> <span class='ocrx_word' id='word_1_434' title='bbox 2404 4488 2458 4499; x_wconf 89' lang='grc'><strong>..</strong></span> <span class='ocrx_word' id='word_1_435' title='bbox 2532 4448 2630 4497; x_wconf 80' lang='grc'>605</span> 
     </span>
    </p>
   </div>
  </div>
 </body>
</html>
