3146 4973
591 326 723 392 ,560
1265 340 1641 390 moruus
1686 342 1774 390 ns
1817 341 2148 390 ranocno.

594 489 628 528 a
661 466 942 532 sessione
990 464 1099 539 24,
1129 481 1324 530 versu
1371 468 1673 528 Proeterea
1710 468 1947 546 eadem„-
1988 472 2059 531 et
2090 463 2322 532 eadem
2366 467 2673 547 sessione,
2711 485 2822 532 ca·

595 603 627 640 c
665 580 802 664 pite
830 581 894 643 4.
923 601 957 640 n

676 693 956 762 Eosdem
1006 713 1193 760 casus
1243 693 1609 779 descriptos
1664 695 1819 761 vide
1871 694 2050 779 apud
2112 695 2421 762 Zamboni
2471 697 2696 783 (parte
2753 705 2817 780 1,

589 810 794 878 verbo
825 811 1153 887 Par-ochus,
1189 815 1221 887 3
1265 812 1328 887 2,
1364 829 1433 873 n.
1469 812 1533 888 2,
1566 818 1638 876 et
1686 817 1837 876 nota
1874 807 2009 894 10);
2049 811 2159 894 qui
2206 809 2454 876 ibidem
2497 822 2824 879 memorat

587 926 794 992 Sncrae
820 925 1348 1008 Congregationis
1369 924 1636 991 Concilii
1656 924 2161 992 declarationem
2180 926 2267 1011 (in
2293 929 2548 1008 nultius,
2577 930 2666 992 30
2675 927 2823 1012 julii

593 1038 784 1123 1591)
816 1041 1116 1122 praesenti
1151 1041 1548 1106 conclusioni
1585 1048 1820 1106 nostrae
1852 1047 2340 1106 consonantem.

1603 1293 1634 1364 5
1681 1288 1822 1353 vn.

967 1507 1208 1567 Quomodo
1241 1507 1541 1569 intelligenda
1577 1508 1641 1556 sit
1673 1507 1748 1557 lex
1783 1506 2022 1558 residendi
2054 1507 2208 1571 quoad
2243 1495 2421 1557 locum.

674 1738 1070 1803 Psorosrrlo
1106 1737 1182 1801 1¹.
1214 1772 1305 1785 —
1332 1739 1443 1799 Est
1472 1738 1683 1816 roquea
1708 1737 2027 1818 qeneralis,
2068 1742 2258 1800 teneri
2277 1738 2611 1818 pamelium
2644 1738 2815 1799 habi-

585 1862 716 1917 tare
739 1861 909 1917 intra
927 1853 1228 1934 parockioe
1258 1854 1603 1915 limites.—
1620 1853 1720 1917 Ita
1751 1859 1978 1920 tenent
1998 1851 2309 1918 doctores
2334 1851 2768 1916 communiter
2791 1873 2808 1934 ;

581 1969 757 2033 inter
789 1986 951 2051 quos
996 1967 1088 2032 sic
1134 1965 1493 2031 Leureuius
1527 1986 1541 2030 :
1584 1989 1613 2027 t<
1658 1965 1935 2032 Parochi
1966 1966 2314 2050 vicariique
2354 1966 2588 2043 curati,
2643 1965 2819 2029 intra

589 2107 620 2143 α
651 2083 850 2166 ipsius
881 2079 1198 2165 parochiae
1233 2080 1474 2145 limites
1503 2079 1802 2146 habitare
1833 2078 2106 2158 debent,
2140 2079 2233 2145 ita
2264 2086 2340 2144 ut
2376 2082 2573 2144 etiam
2606 2080 2674 2143 in
2704 2097 2813 2143 ca-

588 2220 619 2258 c
649 2196 826 2264 sibus
865 2195 1219 2279 repentinis
1272 2194 1499 2262 adesse
1550 2196 1797 2278 possint
1832 2197 2001 2273 suis,
2050 2202 2120 2259 et
2156 2193 2221 2258 hi
2266 2195 2411 2260 illos
2456 2195 2810 2261 convenire

587 2335 618 2378 c«
648 2310 989 2380 commode
1020 2333 1053 2372 ι)
1092 2311 1335 2395 (Fomn
1360 2311 1720 2388 beneficiate,
1760 2317 1948 2394 parte
1987 2314 2044 2387 1,
2088 2329 2150 2394 q.
2185 2311 2366 2394 371).
2416 2309 2582 2376 Vide
2614 2312 2813 2376 etiam

582 2426 992 2495 Cardinalem
1028 2424 1114 2492 de
1153 2427 1328 2491 Luca
1357 2423 1465 2512 (ad
1499 2424 1970 2506 Tridentinum,
2007 2424 2305 2493 discursu
2341 2428 2406 2505 4,
2444 2446 2511 2491 n.
2565 2424 2689 2510 11).
2728 2426 2813 2491 Et

578 2542 989 2609 concluditur
1023 2562 1061 2609 a
1103 2541 1362 2609 fortiori
1407 2560 1489 2607 ex
1526 2541 1949 2626 sequentibus
1978 2541 2547 2625 propositionibus.
2590 2542 2813 2607 Posita

578 2667 680 2725 est
722 2666 939 2725 autem
987 2656 1213 2740 regula
1248 2665 1558 2740 tanquam
1592 2660 1913 2737 veneratis,
1950 2657 2036 2722 ob
2079 2657 2500 2741 exceptiones
2540 2654 2626 2722 de
2676 2659 2814 2740 qui-

578 2774 702 2840 bus
739 2774 928 2840 infra.

666 2889 1060 2955 Pnorosmo
1097 2887 1208 2953 11⁸.
1246 2921 1334 2933 —
1361 2889 1472 2950 Est
1492 2893 1734 2968 pariter
1772 2889 1982 2968 requla
2009 2889 2331 2969 qeneralis,
2376 2889 2587 2951 debere
2620 2907 2807 2969 paro-

572 3006 748 3069 chum
770 3006 1046 3069 habitare
1073 3010 1141 3066 in
1168 3005 1341 3066 domo
1373 3003 1735 3083 parochiali,
1766 3009 1823 3066 si
1852 3006 2042 3067 adsit.
2067 3040 2155 3052 —-
2177 3004 2357 3068 Hanc
2389 3003 2683 3087 regulam
2720 3005 2813 3068 sic

573 3121 844 3203 exponit
870 3122 1205 3202 Fagnanus
1234 3118 1322 3204 (in
1353 3125 1552 3201 caput
1580 3120 2007 3199 Extimandoe,
2044 3122 2121 3182 de
2149 3121 2522 3197 Praebendi-s,
2550 3138 2617 3182 n.
2656 3116 2758 3201 12)
2791 3140 2807 3182 2

578 3261 610 3295 a
644 3235 1037 3303 Extenditur
1070 3235 1265 3300 tertio
1314 3234 1442 3320 (lex
1477 3232 1829 3318 residendi)
1878 3242 1953 3298 ut
1992 3253 2114 3299 nec
2142 3231 2417 3299 sufficiat
2448 3232 2811 3318 parochnm

578 3375 610 3413 α
652 3350 930 3417 ubilibet
965 3348 1252 3416 residere
1283 3349 1451 3414 infra
1503 3348 1743 3415 limites
1779 3348 2121 3431 parochiae,
2169 3348 2288 3415 sed
2318 3356 2619 3432 oporteat
2654 3367 2812 3412 eum

579 3491 611 3529 «
645 3467 936 3532 habitare
964 3467 1034 3529 in
1068 3464 1316 3531 aedibus
1353 3463 1850 3547 parochialibus,
1888 3471 1963 3528 ut
2005 3482 2176 3548 saepe
2217 3464 2345 3529 fuit
2383 3464 2692 3530 solutum.
2727 3467 2813 3530 Et

578 3608 610 3645 α
644 3584 708 3647 ln
737 3581 977 3665 specie,
1021 3598 1170 3645 cnm
1209 3579 1403 3645 multi
1429 3588 1724 3646 rectores
1776 3579 2243 3662 parochialium
2280 3580 2703 3646 ecclesiarum
2738 3581 2811 3645 in

576 3721 608 3757 «
644 3695 910 3760 dioecesi
954 3693 1287 3768 Eborensi‚
1322 3694 1581 3758 tametsi
1616 3693 1909 3776 proprias
1952 3691 2127 3758 aedes
2172 3692 2572 3775 parochiales
2607 3693 2809 3759 habe-

576 3836 609 3871 «
642 3817 814 3886 rent,
848 3809 958 3874 vel
996 3808 1229 3874 saltem
1261 3806 1724 3892 percommode
1752 3816 2018 3891 possent
2048 3808 2205 3873 alias
2233 3807 2601 3874 conducere
2630 3810 2806 3875 intra

576 3951 608 3986 «
643 3926 884 3990 limites
915 3923 1257 4006 parochiae,
1279 3931 1498 3989 tamen
1524 3931 1641 3988 aut
1666 3930 1855 3988 extra
1881 3922 2407 4006 parochiam‚aut
2429 3932 2614 3991 extra
2642 3944 2809 4009 prae-

577 4065 608 4101 a
640 4038 850 4106 dictas
869 4037 1043 4103 oedcs
1062 4037 1496 4103 inhabitarent
1515 4059 1531 4120 ;
1559 4045 1629 4102 et
1647 4038 2001 4121 Episcopus
2012 4039 2414 4122 quaesivisset
2434 4038 2805 4123 quid‘agen·

574 4179 606 4218 α
637 4155 826 4237 dum;
859 4154 1053 4218 Sacra
1080 4152 1508 4236 congregatio
1537 4154 1790 4217 censuit
1822 4153 2137 4235 parochos
2154 4155 2368 4220 teneri
2406 4153 2699 4219 habitare
2730 4155 2802 4219 in

573 4296 606 4334 α
638 4271 835 4336 domo
877 4268 1166 4337 ecclesiae
1198 4267 1581 4350 parochialis
1616 4288 1629 4332 ε
1682 4286 1760 4331 ac
1797 4268 1852 4330 si
1883 4266 2149 4334 domum
2180 4287 2309 4333 non
2342 4268 2644 4345 habeant,
2678 4268 2801 4334 de-

573 4412 605 4451 «
644 4387 802 4452 berc
848 4383 1128 4466 aliquam
1167 4379 1537 4449 conducere
1556 4427 1573 4459 ‚
1608 4380 1835 4447 saltem
1879 4381 2049 4447 intra
2095 4382 2334 4449 limites
2378 4382 2721 4467 parochiae.
2757 4406 2795 4444 n
