3146 4973
1256 377 1415 428 rus
1459 377 1721 426 rumis.
2475 366 2606 428 359

372 508 725 591 disciplinoe
787 525 907 591 per
953 503 1455 574 conventionem
1505 502 1657 572 anni
1716 502 1871 568 1801
1931 500 2129 572 fuisse
2187 501 2601 589 derogatum.

457 624 709 708 Quibus
738 622 1095 692 rationibus
1119 640 1245 705 pro
1285 626 1353 685 et
1402 626 1629 685 contra
1657 618 1930 695 libratis,
1967 617 2180 685 fateor
2227 620 2605 692 concordati

368 748 623 812 textum
651 738 1046 810 insufficiens
1076 735 1234 806 mibi
1265 733 1479 804 videri
1509 733 2037 811 fundamentum,
2074 732 2160 800 ad
2189 736 2602 806 asserendam

367 857 789 932 ecclesiarum
830 853 1051 920 Gallim
1090 872 1128 918 a
1167 851 1457 936 generali
1492 869 1848 916 concursus
1890 850 2037 935 lege
2089 854 2591 938 exemptionem.

368 971 467 1044 Ad
496 990 695 1056 quam
727 978 945 1038 tamen
976 987 1187 1034 meam
1236 967 1627 1051 opinionem,
1667 984 1816 1032 cum
1848 964 1932 1031 de
1962 985 2034 1032 re
2063 965 2232 1032 adeo
2260 967 2490 1044 ardua,
2531 977 2600 1034 et

375 1089 479 1160 vix
510 1087 726 1156 adhuc
752 1087 837 1152 ab
868 1083 1242 1151 auctoribus
1270 1081 1556 1156 discussa
1595 1090 1848 1167 agatur,
1886 1083 2107 1150 malim
2140 1102 2268 1149 non
2306 1081 2603 1150 attendat

370 1204 598 1281 lector,
636 1203 759 1270 nisi
791 1201 964 1270 forte
1001 1207 1070 1266 et
1106 1197 1473 1266 doctiorum
1512 1199 1942 1274 aestimationi,
1978 1206 2047 1264 et
2085 1200 2450 1282 praesertim
2496 1217 2602 1265 su-

370 1320 699 1403 periorum
727 1317 973 1401 judicio
1010 1334 1353 1384 consonam
1387 1332 1531 1380 eam
1568 1314 1849 1397 reperiri
1881 1315 2235 1396 contingat.

1391 1579 1421 1648 5
1478 1572 1560 1635 Π.

365 1802 437 1852 An
480 1797 880 1862 quinquagenaria
935 1796 1222 1845 consuetudo
1281 1795 1525 1856 parochias
1587 1796 1761 1857 absque
1804 1795 1972 1854 praevio
2019 1807 2246 1842 concursu
2292 1794 2556 1845 conferendi
2578 1833 2592 1854 ‚

465 1893 643 1940 evincat
669 1904 761 1939 non
789 1892 943 1953 vigere
965 1888 1104 1937 hodie
1133 1889 1179 1936 in
1207 1888 1358 1935 Gallia
1384 1886 1701 1935 Tridentinam
1729 1886 1787 1934 de
1810 1886 2038 1946 ejusmodi
2069 1900 2298 1934 concursu
2327 1888 2496 1947 legem.

456 2128 503 2191 1.
550 2129 831 2188 Rationes
853 2141 983 2205 quoe
1007 2121 1435 2199 affirmandum
1475 2121 1751 2182 melent.
1783 2153 1873 2164 —
1909 2120 1972 2182 1⁰
2011 2118 2352 2185 Praescribi
2381 2125 2598 2203 potest

362 2249 587 2312 contra
608 2241 821 2325 legem
845 2255 1027 2302 mere
1048 2234 1548 2301 ecclesiasticam
1577 2253 1697 2317 per
1714 2233 2256 2299 consuetudinem
2280 2253 2596 2303 annorum

362 2354 808 2441 quadraginta,
848 2350 1045 2418 modo
1075 2347 1482 2415 consuetudo
1507 2347 1644 2412 haec
1661 2367 1792 2413 non
1820 2349 1902 2414 sit
1925 2365 2047 2430 per
2075 2367 2143 2412 se
2176 2347 2337 2434 quid
2356 2349 2594 2416 malum

362 2492 478 2539 seu
523 2468 983 2541 irrationabile.
1034 2468 1244 2533 Porro
1292 2463 1470 2550 quod
1516 2463 1835 2549 parochiae
1891 2463 1976 2531 ah
2005 2465 2336 2550 Episcopis
2374 2466 2594 2534 confe-

363 2595 593 2661 rantur
622 2585 868 2669 absque
896 2584 1137 2671 proevio
1172 2601 1512 2658 concursu,
1541 2600 1672 2645 non
1702 2585 1799 2646 est
1827 2599 1949 2664 per
1972 2600 2041 2649 se
2067 2580 2222 2666 quid
2245 2583 2592 2649 intrinsece

364 2703 604 2773 malum
654 2720 775 2767 nec
823 2698 1285 2767 irrationabile.
1332 2697 1608 2763 Aliunde
1646 2699 1866 2781 praxis
1915 2697 2052 2765 haec
2095 2697 2160 2762 in
2217 2698 2422 2765 Gallia
2459 2697 2590 2784 jam

364 2819 511 2901 plus
538 2836 730 2903 quam
756 2814 1300 2903 quinquagenaria
1331 2821 1450 2879 est.
1490 2814 1660 2896 Ergo
1685 2812 1815 2898 jam
1856 2832 1985 2883 non
2021 2814 2200 2897 viget
2241 2813 2455 2899 quoad
2483 2834 2591 2879 ec-

360 2935 589 3001 clesias
630 2933 848 3001 Gallioe
896 2931 1234 3016 disciplina
1277 2947 1654 2997 concursus,
1706 2931 1774 2992 2⁰
1821 2929 1956 2995 Nisi
2002 2927 2301 2995 desiisset
2342 2929 2451 2994 illa
2482 2930 2588 2997 lex

348 3048 575 3139 φιοαά
605 3049 877 3117 Galliam
922 3048 1169 3132 vigere,
1211 3045 1564 3112 dicendum
1616 3045 1789 3109 foret
1826 3044 2142 3127 parochos
2174 3064 2399 3111 omnes
2423 3066 2461 3111 a
2491 3054 2591 3113 tot

361 3169 540 3235 annis
587 3164 672 3235 ad
717 3164 1049 3250 parochias
1099 3162 1447 3247 deputatos
1500 3161 1874 3245 illegitimos
1921 3160 2119 3225 fuisse
2143 3207 2158 3237 ‚
2211 3165 2277 3226 et
2323 3159 2587 3244 jurisdi-

360 3283 572 3351 ctione
601 3283 919 3363 caruisse;
957 3278 1137 3365 quod
1175 3277 1394 3343 dicere
1431 3294 1702 3360 prorsus
1735 3274 2144 3341 intolerabile
2185 3283 2306 3343 est.
2342 3279 2411 3340 3⁰
2442 3276 2588 3341 Gal-

357 3399 457 3469 liae
519 3399 770 3482 praxim
821 3395 1026 3480 probe
1084 3396 1268 3460 novit
1317 3392 1518 3463 Sedes
1570 3391 1969 3476 Apostolica,
2030 3397 2098 3457 et
2166 3390 2585 3457 nihilominus

360 3514 567 3595 siluit;
608 3530 763 3597 ergo
799 3512 867 3575 in
903 3530 1051 3581 eam
1084 3509 1448 3592 consensit;
1490 3526 1650 3592 ergo
1684 3507 1979 3592 legitima
2017 3514 2137 3572 est.

444 3630 526 3695 11.
569 3632 851 3694 Rationes
888 3634 955 3690 in
983 3633 1342 3711 oppositum.
1378 3664 1466 3673 —-
1507 3629 1569 3689 1⁰
1606 3623 1706 3693 Ad
1755 3621 2312 3707 praescribendum
2355 3631 2584 3690 contra

352 3745 563 3828 legem
608 3743 1129 3817 ecclesiasticam,
1187 3760 1315 3807 non
1363 3740 1597 3811 sufficit
1645 3738 2182 3809 consuetudinem
2226 3739 2584 3824 appositam

353 3879 491 3926 esse
516 3859 945 3947 quadraginta
968 3876 1307 3933 annorum,
1338 3865 1408 3925 et
1429 3876 1551 3941 per
1579 3875 1646 3921 sc
1675 3857 2014 3922 innocuam
2037 3878 2054 3940 ;
2086 3856 2206 3921 sed
2224 3857 2584 3941 requiritur

354 3984 426 4044 ut
454 3978 690 4045 merito
724 3978 1026 4059 praesumi
1057 3976 1257 4059 possit
1298 3975 1690 4059 legislatoris
1725 3991 2111 4055 consensus3
2156 3978 2225 4037 et
2257 3972 2582 4041 ordinarie

353 4093 615 4177 quidem
645 4112 727 4159 ex
759 4112 839 4160 eo
863 4088 1035 4176 quod
1067 4092 1403 4175 legislator
1429 4092 1643 4177 legem
1674 4108 1853 4157 suam
1879 4108 2001 4173 per
2025 4090 2290 4173 longum
2320 4097 2584 4175 tempus

354 4228 483 4279 non
514 4215 750 4293 urgeat
784 4208 1022 4273 merito
1067 4206 1508 4286 concluditur,
1544 4208 1755 4292 ipsum
1805 4207 1866 4270 in
1907 4207 2158 4290 praxim
2189 4206 2579 4271 contrariam

354 4325 752 4405 consentire3
786 4323 902 4391 sed
936 4322 1003 4389 id
1051 4344 1177 4391 non
1222 4331 1322 4390 cst
1370 4325 1828 4395 univerffllitcr
1857 4331 1924 4389 et
1957 4322 2252 4391 absolute
2291 4340 2519 4386 verum
2568 4341 2581 4385 ε

354 4444 589 4509 etenim
626 4442 1002 4526 contingere
1043 4449 1257 4525 potest
1291 4450 1365 4508 ut
1393 4442 1724 4523 legislator
1754 4441 1963 4513 sileat,
1999 4442 2192 4509 etiam
2237 4457 2354 4523 per
2378 4456 2576 4502 annos
