3146 4973
1199 364 1357 414 rans
1397 365 1663 425 quma
2400 352 2476 414 64
2489 353 2528 416 5

310 484 533 550 abesse
583 492 821 567 posset
876 484 974 551 Ad
1036 483 1213 570 quod
1256 487 1451 551 Sacra
1496 486 1929 569 congregatio
1972 484 2346 569 respondit,
2398 505 2528 552 non

313 617 527 682 posse3
559 602 665 663 sed
689 600 902 662 habere
925 621 1103 682 posse
1138 620 1448 665 recursum
1475 605 1559 664 acl
1591 607 1976 681 superiorem.

403 737 435 775 «
462 713 526 777 si
554 719 774 778 autem
804 713 921 800 (ait
955 716 1280 795 FerrariS,
1313 715 1518 781 verbo
1552 717 1890 793 Parockus,
1925 723 2049 780 art.
2083 717 2122 779 2
2137 762 2155 792 ,
2185 734 2251 779 n.
2283 713 2391 799 24)
2425 735 2529 799 pa-

321 852 351 890 «
380 828 581 894 rocho
630 829 982 911 postulanti
1027 831 1386 914 Episcopus
1415 836 1730 898 renueret
1770 829 2101 895 licentiam
2134 828 2526 908 concedere,

320 966 350 1002 α
379 950 600 1026 posset
620 941 848 1007 haberi
877 962 1179 1008 recursus
1210 943 1296 1010 ad
1318 945 1727 1028 superiorem
1760 943 1933 1008 illius
1955 943 2214 1010 Praelati
2240 961 2360 1009 seu
2388 945 2531 1028 Epi-

322 1081 354 1119 α
383 1059 596 1141 scopi;
639 1065 708 1123 et
746 1057 1142 1124 subsistente
1199 1058 1568 1126 rationabili
1606 1077 1819 1136 causa,
1876 1066 2096 1142 posset
2130 1056 2305 1124 idem
2349 1073 2537 1142 supe-

323 1197 352 1236 «
390 1174 523 1237 rior
546 1173 940 1254 compellere
960 1172 1313 1238 Praelatum
1345 1173 1722 1240 inferiorem
1753 1171 1840 1238 ad
1867 1191 2011 1238 eam
2038 1173 2368 1238 licentiam
2393 1190 2539 1237 con-

321 1313 351 1348 «
387 1285 768 1364 cedendam,
820 1293 1019 1370 prout
1067 1289 1323 1354 censuit
1364 1289 1558 1356 Sacra
1619 1287 2051 1371 congregatio
2103 1288 2402 1365 Concilii,
2461 1295 2543 1353 ut

321 1425 352 1462 a
387 1401 687 1466 referunt
717 1419 793 1465 ac
822 1406 1052 1465 tenent
1080 1403 1532 1485 FagnanuS...‚
1577 1400 2111 1480 Reiffenstuel...,
2161 1402 2533 1479 Garcias...,

320 1540 352 1579 a
385 1523 455 1581 et
499 1515 630 1579 alii.
655 1539 686 1575 υ
725 1516 971 1580 Verum
1021 1524 1123 1581 est
1160 1515 1299 1581 haec
1338 1515 1470 1581 dici
1507 1537 1544 1581 a
1582 1517 1883 1581 Ferrario
1919 1513 2136 1599 quoad
2183 1515 2547 1581 absentiam

316 1627 594 1694 duorum
623 1629 966 1706 mensium,
999 1626 1084 1693 de
1112 1647 1240 1713 qua
1268 1628 1360 1693 ibi
1390 1628 1681 1713 loquitur
1720 1650 1734 1693 ε
1784 1626 1906 1693 sed
1949 1627 2335 1711 applicanda
2372 1629 2544 1712 pari-

317 1753 422 1812 ter
456 1753 608 1811 sunt
650 1748 716 1810 in
764 1767 917 1813 casu
941 1747 1249 1814 absentiae
1287 1747 1463 1812 ultra
1489 1745 1659 1813 duos
1693 1764 1951 1812 menses
1990 1765 2073 1811 ex
2109 1764 2301 1810 causa
2327 1747 2537 1829 gravi.

320 1861 481 1925 Nam
523 1860 971 1926 Tridentinum
1021 1863 1368 1927 concilium
1416 1880 1547 1928 non
1592 1862 1804 1926 minus
1845 1860 2079 1926 tribuit
2111 1861 2407 1944 parochis
2437 1860 2547 1925 ab-

318 1976 590 2042 sentiam
639 1976 811 2042 ultra
863 1975 1030 2040 duos
1071 1995 1324 2042 menses
1365 1997 1446 2038 eae
1493 1995 1679 2040 causa
1712 1982 1912 2056 oravi,
1963 1993 2156 2059 quam
2188 1974 2547 2040 absentiam

316 2089 596 2157 duorum
659 2093 977 2158 mensium
1036 2112 1115 2155 ecc
1171 2112 1354 2156 causa
1403 2112 1606 2175 ecqua,
1636 2110 1753 2157 seu
1812 2091 2181 2158 rationabili
2196 2138 2213 2169 ,
2252 2093 2548 2175 quamvis

315 2225 448 2270 non
484 2208 689 2290 gravi.

408 2324 805 2390 Pnol‘osrl'lo
851 2322 1018 2387 vm.
1059 2357 1152 2368 —-
1186 2325 1241 2386 U
1241 2330 1267 2386 t
1311 2324 1608 2403 parochus
1645 2343 1684 2385 a
1726 2325 2043 2388 residendo
2086 2328 2155 2385 in
2197 2329 2548 2402 perpetuum

317 2442 647 2517 mmmm,
685 2457 807 2503 non
851 2438 1075 2518 sufficit
1110 2440 1244 2501 ulla
1301 2457 1506 2517 causa,
1559 2444 1949 2518 quantumvis
1975 2443 2231 2519 qravis;
2285 2455 2391 2501 nec
2416 2439 2550 2500 ulla

321 2557 599 2636 Episcopi
652 2556 896 2616 licent-121
927 2574 947 2613 .·
978 2555 1083 2616 sed
1143 2558 1547 2632 requireretur
1586 2554 1940 2633 Apostolicae
1995 2554 2171 2616 Sedis
2209 2554 2540 2631 indultum,

317 2673 476 2752 quod
501 2689 622 2733 non
643 2673 792 2733 solet
814 2672 1076 2733 concedi.
1115 2702 1201 2715 -—
1228 2668 1493 2733 Constat
1530 2685 1613 2733 ex
1641 2686 1723 2732 eo
1745 2666 1925 2751 quod
1960 2667 2337 2734 Tridentina
2362 2686 2554 2752 syno-

319 2783 447 2850 dus
481 2785 656 2870 (sess.
688 2787 752 2862 6,
789 2804 849 2848 c.
879 2783 941 2869 2)
969 2783 1225 2849 indulta
1250 2790 1570 2867 perpetua
1602 2780 1688 2848 de
1724 2803 1856 2848 non
1894 2782 2247 2850 residendo
2277 2784 2552 2849 sustule-

316 2900 428 2975 rit,
453 2918 573 2982 per
608 2899 743 2963 haec
775 2898 976 2965 verba
1008 2922 1022 2965 :
1057 2901 1329 2979 nullique
1355 2901 1713 2980 Ρνὶυἰίερία,
1736 2919 1839 2961 seu
1873 2901 2117 2962 indulta
2144 2906 2434 2981 perpetua
2476 2902 2552 2962 cle

314 3033 438 3076 non
469 3015 806 3090 residendo,
839 3019 1271 3095 suffraqentur.
1305 3014 1379 3077 In
1428 3031 1556 3096 qua
1586 3013 1754 3094 lege,
1786 3020 2016 3096 utpote
2040 3014 2412 3090 universali,
2445 3032 2552 3077 ne-

315 3129 460 3214 quit
490 3126 851 3210 dispensari
873 3127 957 3192 ab
986 3128 1326 3212 Episcopo,
1365 3125 1486 3193 sed
1513 3126 1858 3192 dumtaxat
1888 3146 1927 3191 a
1957 3125 2123 3192 Sede
2151 3127 2543 3210 Apostolica.

314 3245 459 3309 Non
511 3250 729 3307 tamen
768 3243 979 3307 solent
1022 3243 1323 3307 Romanae
1371 3243 1904 3325 congregationes
1951 3248 2347 3324 perpetuum
2384 3240 2549 3306 illud

312 3356 644 3424 indultum
673 3354 1061 3439 concedere3
1100 3354 1215 3422 sed
1235 3356 1620 3421 facultatem
1644 3354 1987 3420 dumtaxat
2006 3354 2092 3419 ad
2114 3374 2231 3420 sex
2261 3373 2535 3420 menses,

313 3472 509 3554 Quod
544 3475 598 3538 si
644 3492 837 3538 causa
877 3469 1291 3537 residentiam
1340 3471 1611 3554 parochi
1652 3470 2015 3554 impediens
2054 3470 2264 3556 (verbi
2308 3472 2537 3554 gratia,

312 3588 626 3672 capitales
673 3585 1041 3670 inimicitiae)
1087 3586 1262 3651 ultra
1297 3606 1538 3652 annum
1583 3586 2016 3670 perduratura
2076 3585 2537 3671 praevideatur,

309 3703 650 3771 inducitur
690 3701 1032 3783 parochus,
1078 3702 1209 3766 etsi
1263 3701 1595 3777 innocens,
1634 3699 1719 3765 ad
1756 3698 2216 3784 resignandum
2247 3700 2357 3767 vel
2392 3718 2544 3783 per-

308 3814 701 3884 mutandum
727 3838 743 3901 ;
781 3835 910 3881 non
930 3823 1153 3882 autem
1171 3814 1345 3879 ultra
1366 3832 1606 3879 annum
1634 3815 1757 3897 ipsi
1777 3815 2180 3897 protrahitur
2201 3814 2544 3881 abessendi

211 3923 216 3928 ’
305 3933 593 3999 licentia.
635 3935 733 3998 De
762 3952 889 4017 qua
919 3932 1100 4015 praxi
1120 3979 1136 4008 ,
1173 3928 1324 3995 vide
1369 3930 1438 3993 in
1465 3936 1644 3994 tomo
1680 3932 1720 3996 8
1754 3931 2042 3994 Thesauri
2087 3932 2536 4008 resolutivam,

309 4065 572 4111 causam
599 4047 1046 4130 Tyburtiuam,
1080 4052 1114 4109 7
1142 4042 1532 4127 septembris
1567 4046 1769 4126 17373
1797 4060 2049 4109 necnon
2074 4043 2532 4126 Pignatellum,

306 4168 494 4225 tomo
533 4168 594 4237 7,
629 4160 1102 4224 consultatione
1141 4159 1207 4235 4,
1242 4178 1308 4221 n.
1345 4161 1458 4241 163
1497 4158 1891 4240 Fagnanum,
1920 4158 1989 4222 in
2027 4164 2226 4240 caput
2262 4161 2359 4222 Ad
2402 4178 2539 4239 sup-

295 4277 716 4357 plicationem,
745 4278 821 4338 de
849 4278 1331 4351 Renuntiatione,
1366 4292 1433 4337 n.
1462 4275 1542 4337 12
1573 4280 1646 4338 et
1685 4276 1789 4352 13,
1829 4280 1901 4338 et
1925 4273 1992 4336 in
2020 4280 2218 4356 caput
2246 4275 2530 4354 Clericos,

306 4393 388 4455 de
423 4391 678 4454 Clericis
702 4409 823 4453 non
848 4392 1061 4467 resia„
1091 4409 1158 4454 n.
1181 4389 1301 4473 263
1333 4388 1621 4473 aliosque
1650 4388 1883 4472 passim
1912 4387 2295 4455 canonistas.

2200 4499 2274 4556 δῦ
