3146 4973
564 374 693 435 356
1241 388 1615 435 raacnrus
1663 388 1749 434 nr:
1797 388 2128 436 rannone.

1618 653 1743 729 51.

635 868 751 913 Num
791 878 845 911 ex
876 864 1154 912 concon-dato
1183 864 1290 911 anni
1318 864 1443 912 180¹
1474 871 1695 925 sequatur
1719 865 1976 913 Galliarum
2006 866 2228 915 ecclesias
2254 866 2342 926 legi
2369 864 2650 915 Tridentinae
2672 864 2730 914 de

1358 976 1590 1013 concursu
1613 976 1706 1012 nou
1733 965 1991 1026 subjacere.

649 1214 700 1276 l.
758 1215 1038 1275 Rationes
1087 1232 1218 1292 quae
1261 1212 1692 1290 affirmandum
1744 1214 2020 1274 suadent.
2077 1248 2165 1257 -—-
2223 1212 2316 1275 Ex
2366 1212 2577 1277 citatis
2638 1210 2793 1277 dicti

564 1325 939 1392 concordati
970 1326 1212 1404 verbiS,
1242 1330 1524 1407 Episcopi
1562 1328 1647 1388 acl
1680 1332 1973 1407 paroecias
2013 1329 2427 1405 nominabunt,
2465 1327 2555 1390 sic
2606 1328 2788 1410 argui

566 1449 778 1524 potest
822 1463 834 1506 :
870 1441 961 1506 ibi
985 1462 1110 1506 vox
1140 1443 1531 1505 nominabunt
1556 1440 1981 1523 intelligenda
2027 1440 2296 1506 videtur
2342 1439 2425 1506 de
2469 1445 2790 1524 potestate

559 1555 931 1623 nominandi
985 1558 1240 1622 omniuo
1287 1556 1493 1621 libera
1557 1562 1626 1620 et
1679 1553 2180 1640 independenti3
2238 1575 2365 1640 qua
2424 1556 2670 1621 scilicet
2707 1553 2792 1621 ad

557 1672 906 1755 Episcopus
929 1670 1454 1756 independenter
1484 1691 1520 1735 a
1552 1672 1845 1756 quolibet
1876 1672 2001 1737 alio
2032 1673 2358 1755 pertineat
2385 1679 2682 1737 rectores
2725 1672 2787 1735 in

559 1786 897 1870 parochii3‚
940 1805 1100 1872 quos
1138 1806 1258 1871 pro
1300 1808 1413 1853 sua
1443 1786 1798 1871 prudentia
1845 1787 2213 1863 maluerint,
2258 1788 2684 1853 constituere.
2728 1787 2788 1851 Is

557 1903 726 1966 enim
772 1911 873 1966 est
920 1902 1240 1986 genuinus
1265 1901 1458 1986 hujus
1501 1903 1846 1968 locutionis
1889 1921 2115 1968 sensus
2163 1903 2226 1966 in
2282 1903 2500 1986 lingua
2530 1902 2780 1985 gallica.

554 2019 761 2085 Porro
789 2019 1047 2084 articuli
1076 2018 1455 2083 concordati
1504 2019 1726 2102 lingua
1763 2018 1997 2101 gallica
2063 2021 2344 2101 primum
2391 2039 2426 2084 a
2473 2017 2787 2102 gubernio

558 2136 869 2218 propositi
896 2142 1067 2211 sunt,
1106 2136 1264 2199 etin
1303 2134 1571 2199 latinam
1596 2144 1819 2218 postea
1862 2135 2175 2199 translati.
2227 2133 2415 2199 Unde
2449 2133 2785 2217 probabile

554 2267 681 2313 non
715 2258 816 2315 est
866 2249 1229 2314 intellectas
1279 2249 1477 2314 fuisse
1526 2268 1635 2314 eas
1678 2268 1873 2315 voces
1929 2246 2014 2313 de
2060 2249 2518 2325 nominatione,
2555 2266 2697 2332 quae
2752 2267 2787 2311 a

552 2361 958 2448 synodalium
990 2366 1507 2429 examinatorum
1539 2362 1791 2447 judicio
1838 2362 2287 2446 dependeret3
2334 2372 2409 2427 ut
2446 2360 2614 2429 adeo
2637 2381 2787 2427 con·

551 2477 953 2547 cludendum
992 2481 1095 2558 sit,
1132 2499 1254 2563 per
1280 2481 1476 2545 istum
1508 2477 1887 2544 concordati
1914 2480 2259 2545 articulum
2286 2477 2419 2563 juri
2464 2481 2787 2546 communi

553 2594 636 2661 de
674 2614 991 2661 concursu
1025 2594 1222 2660 fuisse
1251 2615 1287 2658 a
1326 2594 1492 2660 Sede
1540 2594 1907 2678 Apostolica
1966 2593 2349 2678 derogatum
2393 2594 2609 2680 quoad
2637 2595 2784 2661 Gal·

551 2712 722 2776 liam.
755 2711 1244 2775 conclusionem
1272 2717 1493 2774 autem
1520 2728 1652 2775 non
1687 2729 1916 2795 parum
1946 2710 2185 2788 firmat,
2220 2709 2396 2795 quod
2420 2711 2616 2795 primi
2639 2717 2785 2794 post

551 2825 1016 2894 concordatum
1044 2827 1339 2909 Episcopi
1367 2846 1506 2891 rem
1539 2829 1630 2891 ita
1675 2827 2156 2909 intellexerint;
2191 2825 2511 2911 siquidem
2539 2826 2781 2911 absque

551 2945 686 3008 ullo
718 2962 1035 3008 concursu
1085 2951 1380 3009 rectores
1405 2945 1474 3007 in
1504 2943 1829 3028 parochiis
1872 2945 2377 3021 constituerunt,
2412 2963 2541 3009 non
2588 2944 2782 3008 inscia

552 3058 1004 3142 proculdubio
1036 3055 1202 3124 Sede
1234 3060 1621 3143 Apostolica,
1654 3066 1722 3124 et
1759 3060 1911 3143 quin
1944 3059 2076 3123 ulla
2101 3057 2185 3123 de
2219 3058 2341 3123 hoc
2364 3060 2580 3123 Romae
2606 3066 2779 3125 mota

550 3172 749 3240 fuerit
777 3172 1143 3240 difficultas.
1177 3175 1351 3255 Quin
1381 3181 1450 3239 et
1486 3192 1604 3238 nos
1641 3193 1860 3257 supra,
1906 3192 1984 3238 ex
2022 3175 2159 3238 istis
2191 3173 2431 3250 verbiS,
2483 3172 2778 3257 Episcopi

548 3293 632 3354 ad
656 3297 948 3372 paroecias
979 3293 1393 3371 nominabunt,
1422 3288 1814 3355 deduximus
1843 3287 2231 3372 derogatum
2263 3287 2479 3371 quoad
2513 3288 2778 3353 Galliam

554 3406 748 3471 fuisse
781 3406 913 3489 juri
942 3407 1266 3471 communi
1300 3406 1383 3470 de
1415 3412 1751 3470 reservata
1791 3405 1988 3468 certis
2033 3405 2098 3468 in
2127 3403 2381 3469 casibus
2426 3401 2579 3468 Sedi
2613 3404 2780 3485 Apo-

552 3520 791 3586 stolicae
839 3520 1181 3585 collatione
1241 3519 1689 3602 parochiarum
1731 3537 1744 3579 z
1794 3515 1972 3582 idem
2001 3537 2036 3582 a
2065 3520 2205 3602 pari
2253 3516 2776 3582 concludendum

554 3634 768 3719 quoad
798 3632 1239 3699 Tridentinam
1275 3633 1357 3699 de
1392 3652 1710 3699 concursu
1740 3633 1976 3717 legem.

644 3752 728 3815 11.
775 3754 1055 3814 Rationes
1098 3757 1163 3814 in
1205 3757 1561 3833 oppositum.
1596 3786 1685 3797 -—-
1731 3754 1794 3813 1⁰
1823 3722 1966 3815 ¹Per
2015 3769 2083 3815 se
2127 3749 2233 3834 jus
2281 3746 2651 3815 nominandi
2699 3746 2785 3813 ad

559 3867 891 3951 paroeciaS,
924 3867 1054 3931 imo
1088 3873 1154 3931 et
1183 3866 1288 3951 jus
1316 3886 1423 3931 eas
1454 3864 1857 3941 conferendi,
1896 3885 2306 3949 nequaquam
2336 3863 2632 3930 excludit
2656 3881 2786 3929 ser-

560 3981 777 4046 vandae
807 4000 1159 4045 concursus
1179 3981 1403 4047 formae
1430 3981 1887 4065 obligationem
1909 4002 1923 4062 3
1948 3979 2269 4063 siquidem
2289 3987 2557 4063 peracto
2589 3981 2782 4043 etiam

528 4095 643 4167 ,ad
687 4097 963 4161 formam
1010 4095 1368 4161 Tridentini
1431 4095 1686 4161 decreti
1729 4114 2069 4169 concursu,
2115 4095 2444 4162 ordinario
2491 4094 2783 4159 collatori

559 4232 743 4277 suum
777 4219 1070 4276 remanet
1109 4209 1214 4294 jus
1260 4211 1626 4293 parochiam
1670 4209 2053 4275 conferendi
2083 4210 2197 4285 illi,
2235 4226 2429 4292 quem
2472 4210 2647 4274 inter
2674 4226 2785 4289 ap-

556 4325 867 4410 probatos
898 4324 1260 4409 digniorem
1287 4325 1648 4406 existimat3
1697 4342 1816 4388 nec
1850 4323 1932 4389 ab
1961 4325 2085 4390 alio
2110 4343 2302 4409 quam
2331 4322 2415 4388 ab
2451 4321 2783 4390 ordinario

556 4442 866 4508 collatore
892 4439 1035 4505 fieri
1063 4439 1341 4520 collatio,
1378 4457 1491 4505 seu
1522 4438 1807 4522 legitime
1842 4438 2160 4522 parochus
2201 4437 2507 4503 constitui
2538 4443 2775 4522 potest.
