3146 4973
552 320 672 385 144
1221 330 1595 379 raam-arus
1644 331 1732 377 ns
1774 328 2101 376 raaocno.

542 457 1035 534 confessionem,
1072 463 1142 521 et
1171 454 1294 521 sub
1330 454 1819 521 sacramentalis
1844 454 2081 519 secreti
2112 451 2324 535 sigillo
2340 452 2765 519 constituunt.

543 572 818 654 Quando
857 579 1075 637 autem
1109 571 1374 655 ponitur
1416 569 1716 636 absolute
1769 587 1900 635 vox
1951 565 2338 652 jurisdictiO,
2393 566 2775 650 intelligitur

546 688 803 753 externi
841 687 989 753 fori.

632 807 695 868 2.
741 804 1018 869 Multum
1060 800 1529 868 adlaborarunt
1569 798 1941 885 jansenistae
1977 805 2047 863 et
2088 798 2495 881 parochistoe‚
2532 805 2610 863 ut
2667 818 2778 863 cu·

548 919 706 983 ratis
734 917 1013 1002 aliquam
1059 915 1470 981 vindicarent
1517 914 1644 981 fori
1680 913 1937 978 externi
1979 910 2526 1001 jurisdictionem,
2579 919 2781 998 atque

542 1034 631 1098 ita
661 1031 978 1116 parochos
1004 1034 1072 1096 in
1103 1030 1499 1109 hierarchae,
1535 1036 1613 1094 ut
1670 1048 1784 1095 eos
1817 1029 2078 1094 vocavit
2111 1028 2382 1106 Gerson,
2422 1029 2773 1113 erigerent,

544 1149 764 1234 eisque
797 1150 1070 1214 tertium
1117 1146 1393 1231 gradum
1440 1147 1507 1212 in
1550 1144 1988 1212 ecclesiastica
2038 1142 2405 1211 hierarchia
2451 1146 2778 1228 assignare

545 1270 829 1349 possent.
864 1265 1029 1329 Hinc
1066 1281 1178 1329 eos
1210 1281 1351 1328 esse
1380 1263 1648 1345 proprie
1678 1259 1891 1326 dictos
1928 1267 2251 1344 pastores,
2289 1267 2359 1326 et
2398 1260 2465 1324 in
2495 1261 2779 1327 conciliis

543 1378 701 1445 fidei
753 1386 823 1444 et
868 1377 1226 1463 disciplinae
1274 1374 1748 1444 constituendae
1801 1372 2077 1458 judices„
2140 1393 2342 1458 penes
2393 1376 2567 1458 ipsos
2626 1375 2778 1439 olim

551 1492 1160 1561 excommunicandi
1208 1499 1606 1576 potestatem
1657 1493 1946 1569 stetisse,
1984 1509 2109 1555 nec
2150 1508 2337 1574 posse
2386 1488 2631 1574 absque
2676 1506 2781 1554 eo-

549 1608 855 1675 rumdem
906 1626 1224 1673 consensu
1278 1605 1634 1693 quidquam
1679 1609 1747 1671 in
1790 1605 2112 1688 parochiis
2170 1605 2554 1688 Episcopum
2605 1601 2779 1668 ordi-

548 1744 706 1791 nare
744 1732 857 1791 aut
893 1742 1235 1808 peragere,
1265 1722 1694 1789 vehementer
1723 1728 2243 1805 propugnarunt.

637 1844 702 1907 3.
755 1838 1094 1921 Quomodo
1139 1837 1336 1922 aliqui
1363 1844 1627 1903 veteres
1665 1836 1974 1903 doctores
2006 1835 2310 1920 parochis
2355 1836 2784 1902 excommuni-

548 1954 742 2023 candi
771 1954 1176 2032 facultatem,
1228 1972 1302 2018 ac
1344 1952 1620 2037 proinde
1670 1953 2014 2038 aliqualem
2070 1952 2197 2019 fori
2233 1952 2491 2017 externi
2529 1950 2785 2036 jurisdi-

552 2073 835 2137 ctionem
868 2069 1310 2147 attribuerint,
1348 2069 1669 2152 superiori
1707 2070 1920 2152 capite
1965 2068 2210 2134 dictum
2238 2073 2363 2134 est.
2391 2068 2505 2133 His
2532 2086 2785 2151 proeno-

548 2187 723 2264 tatis,
761 2183 845 2250 ad
873 2183 1074 2250 thesis
1112 2183 1564 2268 probationem
1600 2182 1991 2249 accedimus.

639 2301 693 2365 Ι.
734 2299 1011 2364 Parochi
1041 2298 1170 2363 fori
1205 2298 1465 2365 externi
1487 2296 2008 2381 jurisdictionem
2037 2317 2167 2364 non
2200 2298 2502 2364 obtinent
2526 2304 2608 2364 ex
2635 2298 2782 2384 jure

553 2413 860 2482 naturali.
911 2415 1004 2478 Eo
1045 2431 1242 2479 sensu
1283 2414 1640 2497 excogitari
1673 2418 1894 2498 posset
1928 2411 2016 2478 de
2053 2412 2203 2498 jure
2239 2411 2513 2479 naturali
2546 2414 2786 2479 curatis

555 2536 930 2613 competere
977 2529 1105 2595 fori
1148 2529 1402 2595 externi
1448 2527 1993 2613 jurisdictionem,
2037 2529 2215 2615 quod
2246 2528 2523 2595 officium
2554 2547 2783 2595 eorum

552 2666 636 2713 ex
658 2652 890 2711 natura
912 2661 1028 2709 sua
1051 2645 1411 2729 postularet
1440 2643 1562 2710 sibi
1593 2647 1852 2711 annecti
1883 2644 2201 2730 eJusmodi
2231 2652 2655 2730 potestatem;
2691 2647 2785 2712 ita

551 2762 800 2827 scilicet
828 2768 905 2825 ut
939 2761 1238 2825 nocivum
1267 2760 1352 2825 sit
1391 2767 1462 2825 et
1497 2760 1740 2825 malum
1782 2760 2089 2826 constitui
2116 2762 2431 2845 parochos
2477 2781 2557 2826 ea
2600 2770 2785 2846 pote·

552 2883 721 2943 state
760 2874 1131 2943 destitutos.
1178 2875 1371 2960 Atqui
1406 2874 1686 2940 officium
1722 2875 2009 2959 parochi,
2056 2877 2224 2942 sicut
2251 2876 2493 2961 absque
2531 2895 2787 2943 excom-

554 2991 930 3059 municandi
959 3000 1311 3076 potestate,
1341 2997 1416 3057 ut
1445 3011 1641 3076 snpra
1672 2990 2095 3070 ostendimus,
2129 2994 2220 3057 ita
2246 2999 2315 3058 et
2345 2993 2588 3079 absque
2613 2995 2784 3060 omni

551 3106 999 3194 jurisdictione
1044 3109 1299 3173 externi
1357 3107 1488 3173 fori
1532 3106 1778 3174 bonum
1831 3114 1899 3176 et
1944 3107 2350 3174 utilissimum
2394 3109 2781 3193 concipitur.

554 3224 693 3288 Imo
739 3223 946 3289 multo
981 3223 1206 3289 utilius
1250 3222 1569 3307 parochos
1604 3221 1908 3307 deputari
1949 3230 2204 3288 tantum
2247 3221 2333 3288 ad
2386 3230 2785 3289 sacramenta

555 3336 979 3404 ministranda
1023 3345 1091 3403 et
1134 3336 1536 3403 tradendum
1596 3337 1837 3421 populo
1884 3337 2006 3403 sibi
2054 3338 2394 3404 commisso
2429 3339 2785 3404 christianae

555 3453 866 3519 doctrinae
919 3451 1271 3536 pabulum,
1331 3451 1522 3517 facile
1565 3453 2002 3537 perspicitur;
2063 3473 2285 3519 causas
2327 3474 2488 3521 vero
2529 3456 2786 3521 externi

556 3568 683 3635 fori
709 3567 937 3632 melius
965 3568 1314 3651 episcopali
1340 3568 1535 3632 curiae
1567 3569 1914 3634 reservari.
1949 3569 2298 3645 Praeterea,
2330 3578 2407 3635 ut
2428 3569 2596 3634 infra
2618 3568 2789 3635 dice·

555 3691 688 3760 tur,
716 3681 1009 3747 Ecclesia
1042 3682 1358 3765 parochos
1384 3690 1660 3748 externa
1689 3682 2138 3767 ,iurisdictione
2162 3685 2435 3768 pollere,
2473 3683 2789 3751 hodierna

556 3814 670 3862 sua
700 3795 889 3879 praxi
918 3814 1049 3862 non
1079 3798 1391 3880 agnoscit.
1425 3797 1826 3881 Agnosceret
1860 3806 2100 3877 autem,
2124 3799 2178 3862 si
2206 3817 2285 3864 ea
2319 3799 2467 3884 jure
2507 3798 2786 3864 naturali

559 3911 713 3994 ipsis
743 3918 1173 3994 competeret.
1210 3911 1381 3996 Ergo
1410 3911 1651 3979 absone
1682 3915 1944 3979 omnino
1974 3912 2060 3979 ad
2091 3912 2198 3999 jus
2241 3915 2539 3980 naturale
2568 3915 2635 3978 in
2667 3914 2787 3978 bac

562 4028 914 4112 quaestione
942 4035 1440 4110 provocaretur.
1476 4029 1627 4093 Fori
1658 4035 1913 4093 tantum
1937 4029 2398 4111 poenitentialis
2421 4027 2787 4113 jurisdictio

561 4142 775 4224 aliquo
812 4159 1006 4207 sensu
1053 4140 1180 4207 dici
1228 4150 1449 4225 posset
1497 4140 1584 4209 de
1633 4142 1783 4227 jure
1806 4144 2088 4208 naturali
2121 4144 2331 4210 officio
2354 4145 2785 4230 parochorum

559 4255 853 4323 adnexa:
896 4276 1045 4322 cum
1082 4275 1317 4340 nempe
1365 4256 1452 4323 ad
1482 4256 1660 4322 hunc
1702 4258 1975 4341 proecise
2010 4259 2209 4327 finem
2250 4262 2313 4326 in
2351 4262 2564 4346 aliqua
2592 4261 2787 4345 plebe

561 4373 1000 4448 constituatur
1011 4370 1355 4456 parochus,
1383 4379 1456 4438 nt
1485 4380 1627 4438 tum
1653 4373 1777 4440 alia
1804 4384 2227 4458 sacramenta,
2250 4383 2392 4444 tum
2423 4376 2787 4462 praesertim
