3146 4973
593 281 722 346 648
1268 300 1642 352 TRACTATUS
1687 304 1776 351 nn
1816 302 2142 352 psaoono.

1608 541 1639 614 5
1678 537 1795 601 ΙΙΙ.

1113 766 1180 814 De
1201 766 1395 828 vicario,
1423 767 1503 829 qui
1523 766 1704 816 absenti
1734 767 1938 829 parocho
1968 767 2284 817 substituitur.

684 993 974 1073 Quus'rto
1012 996 1094 1057 1⁸.
1130 1032 1220 1043 —-
1252 999 1416 1076 Quid
1443 1001 1726 1059 statuerit
1771 999 2126 1059 Tridentiua
2148 998 2434 1078 synodus,
2471 999 2680 1077 quoad
2705 999 2831 1058 sub-

595 1113 967 1174 stituendum
1009 1117 1326 1191 vicarium,
1381 1120 1447 1176 in
1488 1118 1566 1175 iis
1616 1115 1851 1175 casibus
1880 1116 2093 1194 quibus
2133 1116 2399 1195 leyitime
2429 1116 2638 1176 abesse
2657 1132 2832 1195 paro·

594 1228 739 1288 chus
776 1232 1020 1308 potest?
1065 1263 1156 1274 ——
1204 1229 1338 1293 Hac
1398 1226 1482 1293 de
1540 1248 1616 1294 re
1668 1229 2029 1293 Tridentini
2065 1229 2296 1294 Patres
2351 1226 2724 1294 decrevere
2771 1228 2833 1292 in

594 1340 768 1405 hunc
804 1341 1069 1407 modum
1106 1361 1119 1404 :
1164 1364 1197 1401 «
1229 1342 1478 1423 Quibus
1515 1343 1768 1408 casibus
1806 1343 2218 1409 nihilominus
2261 1342 2537 1408 officium
2566 1345 2660 1409 sit
2686 1344 2830 1427 Epi-

597 1478 631 1515 α
664 1475 1033 1539 scaporum,
1063 1465 1370 1543 tanquam
1415 1459 1480 1521 in
1511 1459 1632 1523 hac
1670 1466 1857 1542 parte
1896 1478 1930 1523 a
1960 1458 2126 1524 Sede
2157 1458 2527 1542 Apostolica
2557 1459 2825 1542 delega-

600 1594 632 1631 «
667 1578 909 1650 torum,
946 1571 1292 1656 providere
1321 1580 1397 1637 ut
1447 1592 1567 1656 per
1614 1572 2102 1657 deputationem
2133 1573 2518 1640 idoneorum
2553 1575 2829 1640 vicario-

600 1710 633 1747 «
668 1707 839 1752 rum.
859 1735 931 1763 ..,
972 1706 1130 1752 cura
1181 1688 1537 1754 animarum
1586 1690 1960 1755 nullatenus
2007 1689 2393 1775 negligatur.
2427 1713 2459 1751 »
2524 1689 2724 1775 (Sess.
2758 1692 2819 1765 6,

599 1824 659 1869 c.
704 1801 797 1887 2.)

694 1944 723 1978 «
764 1918 1316 2005 Quandocumque
1373 1940 1486 1987 eos
1547 1921 1775 2007 (nempe
1829 1919 2168 2006 parochos),
2231 1940 2426 1987 eausa
2479 1924 2672 2006 prius
2717 1940 2830 2006 per

605 2059 637 2096 «
676 2038 1063 2119 Episcopum
1095 2037 1354 2120 cognita
1385 2045 1455 2102 et
1490 2037 1787 2121 probata,
1825 2037 2051 2103 abesse
2101 2039 2470 2123 contigerit,
2515 2039 2828 2103 vicarium

606 2174 639 2210 «
674 2150 984 2217 idoneum
1012 2152 1095 2217 ab
1123 2153 1264 2235 ipso
1287 2152 1629 2218 Ordinario
1660 2151 2179 2237 approbandum,
2214 2173 2360 2219 cum
2409 2152 2640 2219 debita
2666 2173 2830 2219 mer·

608 2290 640 2328 «
678 2267 859 2333 cedis
887 2269 1312 2352 assignatione
1341 2270 1791 2355 relinquant.»
1833 2272 2020 2355 (SeSS.
2049 2273 2154 2348 23,
2192 2290 2249 2334 c.
2294 2270 2384 2354 1.)

694 2382 984 2462 Qussuo
1011 2386 1099 2447 2⁸.
1136 2422 1226 2433 -
1248 2387 1299 2448 A
1336 2405 1449 2466 quo
1477 2391 1560 2447 sit
1594 2388 2020 2449 nominandus.
2063 2422 2153 2433 —
2182 2385 2283 2449 Sic
2319 2384 2518 2451 habet
2545 2386 2834 2452 Ferraris

611 2499 838 2586 (verbo
873 2506 1149 2566 Vicarius
1170 2503 1570 2586 parochialis,
1615 2522 1682 2567 u.
1727 2499 1836 2586 48)
1875 2524 1888 2568 :
1940 2525 1971 2578 ς(
2011 2502 2073 2566 Si
2099 2509 2333 2587 agatur
2372 2501 2457 2568 de
2499 2521 2832 2570 oeconomo

611 2639 644 2676 «
678 2635 797 2683 seu
823 2617 1061 2683 vicario
1086 2614 1465 2701 deputando
1494 2625 1766 2701 propter
1785 2618 2140 2684 absentiam
2165 2618 2454 2700 parochi,
2478 2625 2641 2684 tunc
2671 2619 2832 2685 illius

615 2757 647 2794 «
680 2733 1028 2798 nominatio
1081 2733 1478 2816 regulariter
1537 2733 1624 2799 ad
1670 2734 1878 2817 ipsum
1945 2733 2295 2817 parochum
2352 2742 2632 2819 spectat,
2691 2753 2826 2799 cum

616 2871 648 2908 α
688 2848 1151 2933 approbatione
1207 2855 1422 2913 tamen
1473 2849 1793 2933 Episcopi,
1841 2868 1962 2933 per
2001 2869 2199 2935 quem
2250 2849 2327 2916 fit
2365 2869 2652 2935 congrua
2687 2850 2830 2916 assi·

617 2989 648 3026 «
686 2967 923 3050 gnatio.
967 2961 1185 3052 (Sacra
1217 2961 1648 3052 Congregatio
1699 2967 2163 3051 Episcoporum
2215 2973 2285 3031 et
2315 2966 2506 3051 Reg.,
2552 2968 2620 3031 in
2667 2968 2831 3031 Mile·

619 3106 653 3142 «
691 3088 864 3157 tensi,
904 3089 937 3147 7
975 3081 1340 3148 decembris
1376 3084 1571 3165 16913
1615 3088 1684 3147 et
1732 3083 1921 3148 Sacra
1981 3083 2407 3166 Congregatio
2438 3082 2704 3148 Concilii
2735 3100 2833 3164 pa-

621 3225 653 3259 «
690 3199 855 3264 riter
904 3199 971 3263 in
1023 3202 1341 3276 maciensi,
1399 3206 1431 3263 7
1469 3196 1636 3286 junii
1669 3201 1867 3281 16923
1919 3198 2096 3282 apud
2153 3199 2515 3276 Monacelli,
2551 3205 2740 3283 parte
2771 3202 2821 3273 1,

623 3318 791 3382 «tit.
834 3318 937 3391 10,
976 3315 1254 3381 formula
1298 3315 1399 3394 14,
1435 3335 1500 3380 n.
1540 3313 1692 3398 4.)»

707 3434 998 3514 QUESTIO
1027 3435 1117 3497 3⁸.
1152 3469 1242 3479 —
1282 3436 1374 3496 Au
1404 3438 1588 3494 etiam
1631 3432 1985 3512 approbatio
2039 3433 2317 3512 Episcopi
2363 3437 2699 3494 neccssaria
2726 3435 2820 3506 sil,

616 3553 853 3631 quando
878 3550 1173 3631 parochus
1199 3550 1315 3610 sibi
1343 3551 1636 3610 vicarium
1665 3549 1977 3610 substituit
2006 3549 2087 3609 ad
2115 3548 2529 3610 brevissimum
2572 3547 2829 3629 tempus?

619 3703 708 3714 -
735 3666 1154 3748 Questionem
1185 3663 1348 3728 hanc
1376 3663 1467 3728 sic
1501 3662 1771 3728 resolvit
1795 3661 2372 3745 Schmalzgrueber
2412 3683 2426 3726 ε
2469 3685 2502 3722 ι(
2538 3662 2630 3726 Ex
2654 3678 2832 3727 causa

626 3806 657 3840 «
691 3782 848 3868 justi
887 3780 1356 3866 impedimenti,
1388 3781 1493 3845 vel
1528 3778 1858 3854 absentias,
1895 3778 1981 3844 ob
2019 3797 2211 3862 quam
2253 3777 2474 3845 officio'
2500 3797 2620 3844 suo
2662 3777 2832 3860 fungi

629 3924 659 3960 «
700 3920 824 3965 uon
875 3899 1106 3983 possit,
1156 3897 1550 3963 substituere
1609 3896 1728 3961 sibi
1785 3895 2095 3961 vicarium
2147 3915 2230 3960 ex
2284 3893 2732 3962 sacerdotibus
2759 3893 2831 3959 ab

630 4040 659 4075 (ι
703 4017 1018 4100 Episcopo
1051 4015 1425 4099 approbatis
1451 4020 1666 4099 potest
1719 4014 2060 4096 parochuS‚
2120 4013 2388 4096 propria
2440 4013 2704 4099 quidem
2737 4029 2830 4077 su·

632 4157 664 4192 «
699 4133 1030 4209 thoritate‚
1056 4133 1109 4196 si
1140 4129 1415 4196 officium
1439 4129 1630 4213 hujus
1656 4128 1741 4193 ud
1776 4129 1981 4195 breve
2009 4137 2292 4213 tempus,
2328 4130 2612 4214 exempli
2645 4127 2829 4213 gratia

632 4275 664 4310 «
699 4253 908 4326 uniuS‚
950 4248 1229 4314 duarum
1261 4245 1368 4311 vel
1404 4247 1598 4310 etiam
1648 4246 1846 4310 trium
1876 4243 2435 4312 hebdomadarum
2461 4244 2829 4311 duraturum

630 4391 661 4426 «
697 4368 815 4448 sit3
856 4385 1002 4430 cum
1059 4382 1374 4427 consensu
1429 4361 1756 4428 Ordiuarii
1810 4367 2052 4440 autem,
2086 4362 2141 4426 si
2183 4360 2268 4426 ad
2300 4367 2561 4445 tempus
2589 4353 2828 4444 aliquod
