3146 4973
614 301 740 365 242
1290 313 1665 361 TnAcTAws
1711 315 1799 360 nr:
1851 314 2181 361 rAnocno.

609 443 827 522 potest
857 436 1021 520 erigi
1052 456 1173 521 per
1199 437 1366 501 viam
1399 438 1766 503 creationis,
1811 437 1974 503 Talis
2014 434 2425 514 conditioniS,
2464 436 2647 502 verbi
2696 453 2844 519 gra-

614 554 736 630 tia,
777 552 1047 618 fuerunt
1091 571 1313 619 omnes
1357 551 1674 636 parochiae
1724 553 2078 618 Galliarum
2119 552 2335 618 statim
2383 559 2533 636 post
2580 568 2855 616 concor-

613 668 842 733 datum
874 669 1024 732 anni
1058 670 1225 733 1802
1257 675 1519 732 erectae.
1549 670 1709 733 Nam
1735 669 1889 733 Pius
1919 669 2094 751 Papa
2122 668 2243 733 VII
2266 685 2489 733 omnes
2523 665 2716 750 hujus
2747 685 2854 731 re-

613 784 816 866 gionis
852 783 1189 868 parochias
1230 792 1683 869 suppresserat
1729 793 1798 850 et
1848 783 2282 862 exstinxerat,
2324 792 2396 849 ut
2441 782 2637 850 fieret
2683 803 2852 848 nova

613 900 1125 981 circumscriptio
1150 905 1218 963 et
1248 900 1515 967 erectio.
1553 899 1744 966 Unde
1776 899 2091 983 parochiae
2129 900 2197 963 in
2221 900 2348 964 vim
2382 898 2709 966 Pontificii
2737 898 2853 965 de·

610 1016 774 1078 creti
826 1022 985 1079 tunc
1042 1023 1303 1093 erectae,
1351 1036 1479 1082 non
1541 1035 1661 1101 per
1713 1015 2355 1082 dismembrationem
2405 1017 2842 1100 antiquarum,

611 1148 752 1214 quoe
802 1131 937 1217 jam
999 1149 1128 1199 non
1184 1133 1556 1199 existebant
1577 1183 1593 1213 ‚
1654 1132 1774 1200 sed
1830 1151 1952 1217 per
2011 1136 2409 1201 creationem
2474 1132 2848 1207 constitutae

614 1252 788 1311 sunt.

601 1426 613 1438 ,
696 1363 949 1429 Dicitur
977 1384 1014 1429 e
1042 1373 1271 1432 contra
1294 1366 1455 1449 erigi
1482 1384 1649 1435 nova
1683 1365 1987 1450 parochia
2019 1384 2137 1449 per
2163 1364 2841 1445 dismembrationem‚

606 1478 868 1564 quando
896 1500 978 1545 ex
1000 1500 1127 1545 una
1157 1482 1264 1546 vel
1291 1481 1592 1564 pluribus
1622 1481 1948 1565 parochiis
1980 1480 2117 1564 jam
2151 1481 2589 1549 existentibus
2618 1482 2846 1566 aliquae

607 1602 826 1678 partes
855 1594 1332 1675 distrahuntur,
1371 1605 1439 1662 et
1471 1617 1555 1662 ex
1587 1598 1662 1662 iis
1689 1598 1984 1682 partibus
2014 1599 2136 1664 alia
2167 1597 2548 1665 efformatur
2590 1603 2658 1662 et
2695 1617 2851 1662 con-

607 1712 922 1776 stituitur.
968 1714 1042 1777 Et
1063 1710 1184 1779 hoc
1213 1712 1407 1779 modo
1433 1713 1818 1797 frequenter
1845 1714 1913 1777 in
1941 1714 2239 1781 omnibus
2277 1713 2670 1780 dioecesibus
2695 1733 2852 1778 con-

547 1870 553 1876 ·
606 1827 798 1909 tingit
828 1848 1027 1893 novas
1066 1848 1392 1913 exurgere
1428 1831 1790 1913 parochias,
1842 1831 2053 1915 Atque
2100 1831 2295 1895 etiam
2348 1831 2415 1895 in
2440 1830 2646 1895 Gallia
2698 1837 2854 1912 post

614 1952 1033 2010 memoratam
1067 1946 1344 2029 primam
1373 1946 2043 2030 circumscriptIonem
2073 1947 2228 2012 anni
2285 1949 2475 2023 1802,
2524 1945 2852 2017 nonnullae

609 2058 895 2126 decursu
925 2062 1239 2144 temporis
1267 2080 1390 2145 per
1418 2063 1690 2129 aliarum
1734 2060 1867 2145 jam
1924 2069 2294 2131 erectarum
2340 2060 2856 2131 dismembratio-

614 2193 762 2240 nem
801 2180 1042 2243 erectae
1087 2183 1260 2240 sunt.

700 2294 783 2357 11.
815 2293 1007 2361 Novae
1048 2293 1365 2376 parochiae
1410 2293 1575 2375 erigi
1604 2297 1877 2375 possunt
1908 2292 2015 2358 vel
2045 2310 2168 2376 per
2204 2313 2273 2360 se
2293 2300 2562 2372 stantes,
2598 2292 2708 2361 vel
2745 2292 2856 2361 ad·

613 2425 819 2473 nexae.
856 2406 1258 2494 Quandoque
1291 2408 1538 2473 scilicet
1586 2407 1904 2491 contingit
1940 2416 2017 2474 ut
2051 2429 2208 2475 cura
2247 2409 2607 2479 animarum
2634 2407 2855 2494 quoad

616 2529 872 2588 certum
903 2525 1219 2608 populum
1259 2523 1654 2590 adnectatur
1683 2524 1879 2589 alicui
1910 2527 2324 2604 monasterio,
2370 2525 2473 2594 vel
2504 2525 2699 2590 alicui
2749 2545 2857 2593 ca·

616 2640 843 2722 pitulo,
884 2640 990 2705 vel
1020 2639 1399 2725 praebendae
1429 2639 1707 2723 alicujus
1761 2639 2094 2723 dignitatis
2127 2641 2337 2728 (verbi
2382 2643 2611 2726 gratia,
2648 2640 2860 2706 archi·

617 2753 993 2821 diaconatus
1046 2756 1152 2821 vel
1202 2755 1708 2840 praepositurae)‚
1755 2756 1862 2822 vel
1916 2758 2110 2823 alicui
2172 2757 2494 2824 beneficio
2545 2757 2854 2842 simplici,

583 2907 587 2910 v
618 2870 800 2954 quod
828 2871 918 2936 sic
951 2872 1184 2937 transit
1212 2873 1279 2935 in
1311 2879 1619 2937 curatum
1670 2892 1786 2937 seu
1833 2873 2230 2955 parochiale.
2269 2872 2604 2958 Ejusmodi
2632 2879 2858 2940 autem

620 2987 936 3072 parochiae
998 2984 1306 3058 dicuutur
1352 2988 1640 3067 aduexae,
1679 2997 1747 3056 et
1798 2989 2296 3058 considerantur
2333 2999 2638 3076 tanquam
2693 2989 2860 3074 quid

621 3106 1051 3170 accessorium
1074 3103 1157 3170 ad
1185 3106 1489 3189 capitula,
1513 3107 1924 3183 monasteria,
1946 3114 2074 3171 etc.
2089 3154 2104 3183 ,
2125 3106 2362 3192 quibus
2386 3106 2855 3174 adnectuntur.

622 3223 819 3288 Secus
844 3221 1105 3308 quando
1130 3223 1342 3289 locum
1366 3244 1495 3289 non
1526 3223 1727 3288 habet
1762 3221 2084 3306 ejusmodi
2121 3220 2402 3288 adnexio
2444 3244 2458 3287 :
2493 3229 2648 3287 tunc
2683 3222 2861 3286 enim

623 3338 929 3421 parochia
954 3346 1055 3406 est
1086 3339 1245 3425 quid
1277 3340 1632 3423 principale
1665 3345 1733 3405 et
1765 3358 1888 3423 per
1921 3358 1990 3403 se
2011 3346 2212 3403 stans.

714 3456 829 3519 111.
873 3456 1053 3520 Nova
1094 3453 1397 3537 parochia
1428 3453 1756 3519 efformari
1794 3460 2014 3536 potest
2066 3454 2173 3518 vel
2219 3472 2339 3536 per
2382 3453 2710 3528 unionem,
2750 3451 2858 3516 vel

625 3568 867 3654 absque
899 3570 1162 3634 unione.
1216 3567 1490 3649 Quando
1523 3588 1759 3654 nempe
1795 3567 1941 3633 duae
1980 3576 2095 3634 aut
2143 3570 2365 3654 plures
2412 3565 2728 3650 parochiae
2773 3565 2862 3630 ad

626 3703 820 3749 unam
842 3682 1277 3762 reducuntur,
1302 3703 1384 3749 ex
1412 3687 1536 3748 ista
1563 3686 1800 3751 unione
1822 3686 2085 3768 exurgit
2111 3683 2418 3767 parochia
2447 3682 2864 3767 aliquatenus

629 3818 817 3864 nova.

718 3918 825 3982 1v.
863 3914 1154 3983 Tandem
1183 3917 1347 4000 erigi
1376 3923 1595 3999 potest
1623 3917 1947 4000 parochia,
1967 3918 2074 3981 vel
2096 3934 2248 3981 cum
2271 3916 2420 4001 jure
2447 3920 2855 3999 patronatus

627 4035 732 4098 vel
762 4032 1003 4117 absque
1041 4034 1163 4097 isto
1197 4032 1369 4117 jure.
1413 4031 1688 4114 Quando
1725 4052 1958 4116 nempe
1987 4035 2132 4118 quis
2159 4033 2532 4108 ecclesiam,
2568 4049 2710 4114 quoe
2751 4047 2862 4112 pa·

624 4149 925 4216 rochialis
951 4147 1247 4225 efficitur,
1285 4147 1654 4226 aedificavit,
1691 4149 1797 4214 vel
1835 4150 2174 4232 perpetuis
2218 4146 2542 4213 reditibus
2577 4143 2856 4218 dotavit,

622 4265 938 4347 contingit
981 4282 1442 4356 nonnunquam
1489 4273 1564 4330 nt
1602 4264 1724 4330 sibi
1753 4267 2014 4348 suisque
2053 4265 2117 4328 in
2156 4270 2556 4348 perpetuum
2585 4255 2863 4326 haeredi-

625 4383 750 4450 bus
782 4390 1077 4448 reservet
1119 4381 1227 4466 jus
1266 4381 1699 4464 praesentandi
1747 4380 1834 4447 ad
1885 4378 2205 4465 ejusmodi
2249 4378 2640 4446 beneficium
2677 4393 2865 4461 paro-
