3146 4973
554 340 681 404 486
1230 361 1603 409 TnAcTATus
1649 364 1737 409 ms:
1781 361 2106 409 unocuo.

548 482 859 565 attigerit,
890 502 1073 549 suam
1106 486 1218 551 ubi
1253 487 1541 553 voluerit
1571 486 1979 571 sepulturam
2008 485 2275 570 eligere.
2304 489 2522 556 Pubes
2557 497 2781 558 nutem

547 604 854 663 censetur
897 601 1221 664 masculus
1257 601 1372 685 qui
1412 600 1739 666 decimum
1771 608 2100 686 quartum,
2139 601 2398 668 foemina
2442 623 2586 688 quae
2624 606 2785 672 duo·

547 711 870 777 decimum
904 733 1144 779 annum
1182 715 1557 799 complevit.
1981 718 1987 724 ’

635 829 1033 922 ΡΒοΡοειΤιᾳ
1067 831 1201 895 Iv·.
1252 865 1341 876 —-
1374 835 1499 894 Pro
1543 835 1846 914 impubere
1894 835 2266 914 sepulturam
2320 837 2540 916 elmere
2588 845 2784 918 potest

536 951 739 1024 pater,
785 951 844 1006 et
892 944 1022 1029 (hoc
1070 943 1404 1028 deficiente)
1442 954 1660 1039 mater,
1695 955 1753 1010 et
1790 947 1988 1032 (patre
2014 956 2072 1010 et
2119 957 2314 1012 matre
2340 951 2776 1034 deficientibus)

543 1064 988 1140 oonsanyuinei,
1028 1061 1263 1140 affines,
1302 1068 1362 1123 et
1397 1067 1582 1124 etiam
1611 1069 1796 1138 tutor,
1825 1065 2001 1125 modo
2028 1082 2100 1125 ea
2126 1068 2209 1126 sit
2237 1070 2500 1145 reqionis
2531 1086 2781 1130 consue·

547 1177 712 1238 tudo.
749 1209 839 1220 —-
875 1173 1104 1255 Quoad
1136 1184 1394 1259 patrem
1448 1195 1758 1260 expresse
1806 1176 2106 1244 decernit
2147 1185 2343 1262 caput
2383 1185 2550 1244 Licet
2581 1181 2668 1266 (4,
2703 1186 2782 1245 de

546 1295 912 1372 Sepulturis,
949 1292 1014 1354 iu
1046 1288 1138 1374 6),
1179 1291 1276 1356 his
1312 1290 1530 1356 verbis
1565 1309 1580 1354 τ
1614 1295 1780 1355 Licet
1811 1299 1989 1373 pater
2019 1299 2281 1356 minores
2326 1294 2513 1372 filios,
2551 1301 2656 1376 qui
2676 1315 2781 1358 ne-

539 1415 759 1488 queunt
793 1407 1137 1491 (antequam
1164 1409 1248 1469 ad
1286 1426 1476 1470 annos
1512 1410 1854 1488 pubertatis
1897 1406 2283 1492 perveniant)
2324 1412 2544 1490 eliyere
2582 1415 2784 1493 sepul-

543 1532 765 1601 turam,
787 1528 985 1604 possit
1008 1522 1086 1608 (si
1100 1525 1461 1586 consuetudo
1484 1531 1661 1587 terroe
1680 1526 1747 1586 id
1765 1521 2003 1606 habeat)
2023 1544 2136 1606 quo
2161 1527 2424 1589 voluerit
2442 1528 2711 1608 sepelire.
2729 1577 2743 1589 .
2759 1576 2772 1589 .

465 1712 469 1715 ‚
540 1635 619 1701 Id
631 1655 792 1701 vero
823 1635 1172 1702 deficiente
1197 1644 1409 1720 patre,
1432 1636 1929 1704 extendendum
1955 1637 2040 1703 ad
2065 1646 2339 1704 matrem
2360 1648 2430 1704 et
2459 1640 2618 1705 alios
2641 1659 2778 1705 me-

541 1759 845 1827 moratos,
886 1759 1114 1835 utpote
1152 1753 1264 1837 qui
1318 1759 1592 1836 paterno
1614 1753 1748 1838 juri
1781 1755 1998 1839 quoad
2034 1756 2157 1821 hoc
2188 1754 2573 1834 succedunt,
2604 1775 2780 1821 com-

540 1870 796 1933 munius
827 1875 1058 1933 tenent
1088 1869 1414 1935 doctores.
1458 1869 1648 1954 (Vide
1685 1871 2102 1946 Leurenium,
2149 1875 2368 1934 Forum
2411 1873 2771 1950 benefieiale,

542 1987 728 2062 parte
768 1983 823 2055 Ι,
861 1999 927 2064 q.
966 1980 1120 2057 452,
1152 2001 1218 2044 n.
1258 1981 1351 2064 2.)

630 2100 809 2160 Nota.
828 2129 909 2140 -——
944 2093 1138 2175 Quod
1180 2095 1247 2158 in
1281 2093 1540 2161 duobus
1570 2097 1807 2161 ultimis
1839 2098 2388 2180 propositionibus
2411 2098 2650 2166 dicitur
2686 2100 2772 2166 de

540 2212 845 2276 libertate
880 2210 1286 2294 sepulturam
1325 2210 1633 2294 eligendi,
1671 2212 1762 2275 ita
1812 2213 2217 2296 intelligitur,
2256 2223 2328 2278 ut
2359 2224 2642 2301 nequeat
2680 2224 2773 2281 ta-

540 2345 689 2392 men
733 2327 1072 2410 sepultura
1106 2325 1278 2408 eligi,
1306 2325 1426 2391 nisi
1462 2327 1529 2390 in
1559 2327 1774 2411 aliqua
1802 2328 2099 2406 ecclesia,
2126 2336 2241 2393 aut
2270 2333 2648 2396 coemeterio
2675 2352 2775 2396 ec-

543 2443 774 2521 elesiae,
801 2460 944 2527 quae
975 2441 1058 2508 de
1085 2439 1237 2526 jure
1270 2440 1602 2509 ordinario
1632 2441 1853 2527 (prout
1879 2442 2172 2509 ecclesioe
2193 2445 2638 2529 parochiales),
2672 2447 2778 2513 vel

540 2560 773 2624 saltem
811 2578 895 2623 ex
932 2557 1293 2640 privilegio,
1330 2557 1701 2640 sepulturas
1737 2558 1977 2623 habere
2010 2567 2230 2643 queat.

628 2662 1022 2739 Pnoposmo
1055 2675 1155 2737 Ψ.
1186 2709 1275 2719 -—
1302 2676 1379 2735 In
1416 2680 1777 2737 monasterio
1817 2695 1923 2738 suo
1974 2682 2300 2757 respectiva
2352 2680 2593 2758 sepeliri
2635 2699 2779 2760 pos-

541 2796 681 2852 sunt
719 2809 739 2848 .·
768 2794 1008 2865 novitii,
1041 2792 1223 2849 etiam
1251 2795 1432 2850 extra
1462 2794 1894 2853 monasterium
1915 2792 2279 2870 decedentes,
2315 2795 2489 2855 modo
2514 2797 2598 2856 ad
2619 2796 2778 2857 iliud

544 2902 870 2979 transferri
900 2907 1117 2980 queant
1148 2919 1170 2960 .·
1206 2901 1540 2979 domestici,
1575 2903 1875 2983 reliqiosis
1907 2908 2296 2968 inservientes
2328 2912 2389 2966 et
2418 2909 2583 2986 apud
2619 2912 2780 2988 ipsos

542 3019 839 3097 (tepentes,
888 3019 1125 3096 quando
1170 3022 1338 3079 intra
1374 3024 1544 3097 septa
1591 3023 1946 3081 monasterii
1987 3020 2322 3082 devectum.-
2359 3026 2625 3083 tertiarii
2671 3028 2777 3101 qui

543 3133 936 3212 colleyialiter
970 3136 1220 3194 vivunt:
1255 3138 1550 3194 tertiariae
1571 3151 1703 3213 quw
1727 3152 1861 3196 oum
1886 3134 2098 3196 habitu
2123 3139 2538 3197 tertianarum
2562 3144 2619 3198 et
2641 3146 2779 3199 voto

542 3252 846 3311 eastitatis
864 3252 1102 3310 vivunt.
1129 3230 1218 3293 —'
1245 3247 1377 3311 Hos
1414 3265 1661 3323 omnes,
1703 3248 1902 3312 etiam
1935 3248 2138 3312 invito
2164 3247 2471 3331 parocho,
2509 3250 2774 3334 sepeliri

542 3380 729 3445 posse
757 3362 824 3426 iu
861 3361 1227 3444 respectivo
1257 3380 1375 3427 suo
1399 3363 1792 3428 monasterio
1829 3380 1945 3427 seu
1974 3370 2324 3438 conventu,
2362 3362 2447 3429 ab
2477 3363 2774 3448 ejusdem

541 3487 904 3546 conventus
925 3483 1038 3542 aut
1061 3478 1431 3543 monasterii
1458 3477 1795 3559 religiosis,
1832 3476 1983 3542 vide
2010 3476 2187 3560 apud
2209 3477 2602 3544 Leurenium
2638 3481 2774 3565 (Fo-

542 3615 679 3659 rum
715 3593 1075 3670 beneficiate,
1112 3598 1300 3674 parte
1347 3595 1404 3668 1,
1442 3611 1507 3676 q.
1553 3592 1707 3669 452,
1747 3612 1811 3656 u.
1850 3594 1914 3669 4,
1948 3594 1985 3655 5
2011 3599 2080 3657 et
2109 3590 2198 3675 7).
2235 3593 2448 3677 Atque
2494 3595 2652 3661 item
2681 3597 2773 3660 in-

541 3708 735 3785 firmi,
776 3710 847 3772 in
892 3706 1189 3790 hospitali
1234 3705 1480 3790 absque
1539 3706 1890 3790 sepulturae
1952 3707 2270 3775 electione
2342 3707 2766 3786 decedentes,

543 3823 803 3909 sepeliri
847 3831 1119 3908 pomum.
1145 3821 1228 3888 ab
1260 3822 1592 3907 hospitalis
1620 3828 1909 3899 rectore,
1940 3825 2008 3888 in
2055 3826 2334 3891 ecclesia
2393 3824 2608 3891 eidem
2657 3825 2774 3893 ho-

545 3939 759 4023 spitali
778 3957 1051 4016 annexa,
1072 3938 1127 4002 si
1154 3938 1290 4003 haec
1315 3938 1655 4022 privilegio
1676 3938 2045 4021 sepulturas
2074 3938 2363 4005 habendi
2391 3940 2637 4007 donata
2660 3944 2766 4007 sit.

547 4055 628 4119 Et
652 4053 868 4137 quoad
922 4052 1242 4138 ejusmodi
1286 4052 1597 4131 infirmoS,
1651 4062 1946 4119 rectores
2006 4053 2422 4138 hospitalium
2467 4055 2777 4123 dicuntur

543 4167 830 4252 parochi,
866 4176 935 4233 et
981 4169 1194 4234 omnia
1240 4173 1644 4234 sacramenta
1696 4171 1789 4235 eis
1838 4169 2207 4237 ministrare
2248 4180 2545 4255 possunt.
2590 4173 2774 4258 (Leu-

544 4284 785 4359 renius,
823 4284 966 4350 loco
987 4283 1126 4367 cit.)
2711 4300 2716 4305 ’

631 4398 1026 4462 Pnorosi'rio
1052 4397 1554 4462 VI·.—Paroclto
1572 4417 1690 4463 non
1721 4401 1858 4461 lieet
1884 4400 2148 4478 officium
2168 4404 2363 4479 facere
2387 4422 2564 4483 super
2589 4405 2768 4467 eada·
