3146 4973
1241 377 1402 426 raas
1447 377 1678 426 rrum.
2460 362 2580 426 167

343 523 455 580 res,
498 508 669 586 etc.;
710 502 882 573 inter
920 500 1130 571 varios
1165 520 1428 569 errores
1460 500 1555 569 ihi
1582 518 1930 586 expressos
1961 508 2310 586 sequentes
2346 503 2588 586 retegit

341 627 411 686 et
434 617 743 715 profligat
776 640 792 683 ε
832 641 866 679 α
897 619 1150 684 Tertius
1178 637 1367 684 error
1406 626 1532 695 est,
1567 615 1749 703 quod
1766 616 2059 683 Christus
2087 617 2399 685 Dominus
2430 635 2585 683 oves

344 756 378 796 ιι
406 754 552 801 suas
575 733 931 801 tradiderit
982 735 1388 819 presbyteris
1437 732 1941 817 parochialibus.
2001 732 2258 801 Etenim
2294 732 2379 798 ad
2416 734 2584 800 solos

342 872 379 912 α
415 852 762 934 Episcopos
813 850 1065 917 dictum
1104 857 1207 915 est
1241 873 1255 917 :
1307 853 1619 915 Attendite
1663 852 1830 913 vobis
1867 857 1925 913 et
1960 854 2239 913 universo
2277 856 2469 932 qreqi‚
2518 856 2585 913 in

338 988 371 1025 ιι
405 988 517 1047 quo
535 987 640 1030 vos
668 972 944 1049 Spiritus
975 971 1232 1031 Sanctus
1258 972 1462 1048 posuit
1499 970 1824 1049 Episcopos
1859 985 2061 1045 reqere
2085 968 2412 1028 Ecclesiam
2439 970 2574 1029 Dei.

335 1103 369 1141 «
401 1080 774 1166 Emphasim
828 1081 1071 1146 habent
1138 1079 1341 1147 verba
1395 1088 1455 1144 et
1503 1085 1783 1143 universo
1839 1086 2033 1162 qreqi.
2102 1079 2245 1144 Alte
2305 1080 2582 1146 clamant

333 1222 368 1261 a
401 1214 660 1264 omnem
689 1198 1054 1262 animarum
1091 1216 1318 1262 curam
1343 1217 1482 1264 esse
1513 1217 1552 1262 a
1583 1197 1839 1262 Christo
1873 1196 2152 1263 Domino
2183 1196 2405 1262 datam
2431 1197 2580 1263 solis

332 1335 364 1375 «
399 1314 758 1398 Episcopis.
796 1314 945 1397 Ipse
980 1314 1152 1379 enim
1186 1313 1403 1398 posuit
1439 1314 1507 1379 in
1550 1314 1839 1379 Ecclesia
1873 1321 2148 1394 pastores
2178 1320 2247 1379 et
2277 1316 2568 1377 doctores.

331 1454 360 1486 ιι
395 1429 531 1493 Per
563 1434 866 1511 pastores
901 1430 1119 1511 palam
1148 1429 1612 1513 intelliguntur
1642 1428 1765 1492 soli
1794 1428 2113 1512 Episcopi.
2133 1427 2570 1512 Presbyteros

327 1566 361 1605 α
396 1543 702 1610 Christus
740 1545 1054 1611 Dominus
1100 1545 1309 1609 noluit
1352 1562 1598 1627 ponere
1642 1544 1710 1607 in
1755 1542 2178 1626 praefectura3
2236 1541 2575 1627 ponendos

326 1684 358 1724 «
393 1661 699 1744 permisit
729 1679 805 1726 ac
831 1658 1105 1725 tradidit
1119 1660 1467 1743 Episcopis.
1496 1660 1579 1725 Et
1604 1660 1755 1726 hinc
1780 1659 1916 1724 sine
1946 1660 2267 1744 Episcopo
2301 1678 2434 1723 non
2456 1678 2566 1743 po-

328 1798 360 1836 «
390 1780 530 1841 test
559 1794 700 1840 esse
739 1775 1052 1840 Ecclesia.
1110 1774 1464 1840 Ecclesiam
1513 1782 1767 1859 martyr
1793 1775 2103 1858 IgnatiuS,
2150 1782 2411 1841 sanctus
2445 1775 2570 1858 Cy-

321 1913 353 1949 «
389 1892 688 1974 prianuS,
746 1894 943 1974 atque
988 1890 1095 1954 alii
1146 1889 1448 1955 Ecclesiae
1503 1890 1738 1955 Patres
1787 1890 2110 1956 affirmant
2170 1909 2309 1955 esse
2366 1910 2569 1974 popu-

323 2028 355 2066 «
393 2006 543 2071 lum
596 2004 912 2088 Episcopo
973 2002 1353 2069 adunatum.
1420 2010 1502 2073 Et
1537 2006 1687 2070 hinc
1737 2004 2143 2087 parochiales
2196 2002 2569 2087 presbyteri

323 2144 355 2182 c<
390 2139 813 2206 nequaquam
895 2139 933 2182 a
991 2118 1244 2185 Christo
1308 2121 1585 2185 Domino
1659 2119 2124 2186 authoritatem
2186 2119 2430 2184 habent
2501 2118 2567 2181 in

322 2255 584 2302 «suam
639 2235 936 2319 plebem,
990 2234 1110 2301 sed
1161 2235 1244 2300 ah
1303 2236 1657 2320 Episcopis.
1723 2237 1887 2300 Hinc
1947 2236 2246 2319 sequitur
2296 2240 2567 2316 quartus

319 2373 351 2413 ι(
380 2370 606 2430 error,
641 2349 822 2434 quod
849 2348 1249 2434 parochiales
1278 2351 1659 2436 presbyteri
1689 2352 1816 2415 sint
1853 2349 2323 2416 dominicarum
2344 2350 2563 2416 ovium

319 2495 347 2527 a
382 2472 715 2552 pastores
771 2465 965 2549 Quod
1003 2466 1108 2533 hic
1161 2468 1453 2535 eminens
1500 2468 1730 2534 titulus
1767 2468 1917 2535 solis
1963 2467 2289 2552 Episcopis
2323 2465 2562 2533 debea-

315 2592 490 2648 «tur
530 2591 601 2648 et
648 2581 955 2669 quadret,
1011 2590 1112 2649 cst
1158 2603 1354 2667 supra
1392 2583 1996 2650 demonstratum...
2034 2583 2402 2648 Etiamnum
2448 2583 2560 2647 ho-

318 2722 350 2758 «
386 2699 494 2765 die
535 2700 833 2764 Romana
880 2699 1171 2764 Ecclesia
1216 2699 1618 2783 parochiales
1653 2699 2077 2784 presbyteros
2119 2718 2251 2763 non
2272 2698 2558 2782 appellat

317 2837 351 2875 <t
381 2816 503 2880 nisi
533 2816 989 2898 parochialium
1021 2819 1408 2878 ecclesiarum
1450 2822 1729 2879 rectores.
1762 2837 1795 2875 »

397 2929 600 2996 Unde
629 2950 870 2995 revera
897 2930 1266 2995 laudandus
1297 2948 1467 3013 saepe
1502 2932 1736 2995 citatus
1765 2927 1969 2996 Nardi
2002 2931 2147 3016 (etsi
2164 2928 2556 3015 quandoque

311 3045 373 3108 in
401 3044 868 3112 concludendo
904 3042 1190 3128 nimius),
1227 3044 1338 3129 qui
1369 3045 1635 3109 titulum
1654 3045 1837 3110 illum
1875 3050 2151 3109 Pastoris
2179 3045 2324 3111 fuse
2347 3047 2559 3130 impu-

311 3169 483 3245 gunt,
522 3168 602 3225 et
650 3160 716 3223 in
749 3161 957 3227 Gallia
994 3161 1358 3243 praesertim
1384 3159 1468 3225 de
1518 3160 1736 3226 medio
1768 3159 2130 3226 tollendum
2185 3162 2437 3228 suadet.
2478 3164 2558 3227 Et

311 3287 491 3345 certe
541 3283 784 3343 notatu
831 3274 1026 3360 digna
1078 3285 1232 3342 sunt
1281 3277 1420 3342 haec
1468 3277 1611 3361 ejus
1658 3276 1910 3341 verba:
1967 3300 1999 3338 «
2042 3278 2347 3343 L'autore
2405 3276 2556 3343 dell·

315 3416 347 3453 α
381 3414 535 3461 acre
613 3393 878 3469 scritto,
934 3380 1127 3456 mitat
1162 3395 1453 3475 potitique
1503 3400 1561 3456 et
1609 3395 1909 3473 reliqieux
1962 3395 2037 3456 dc
2099 3395 2161 3454 la
2213 3397 2441 3457 France
2497 3394 2558 3479 (a

313 3533 345 3572 «
382 3511 688 3576 Londres
749 3510 950 3586 1806,
1016 3527 1161 3588 cox,
1219 3528 1256 3572 a
1309 3525 1454 3591 pag.
1500 3510 1672 3585 359,
1726 3508 1794 3571 in
1851 3505 2062 3591 nota),
2110 3507 2425 3593 parlando
2490 3508 2558 3574 di

314 3649 346 3689 ι(
378 3627 802 3710 monsignore
842 3623 1043 3704 mcci,
1086 3643 1122 3688 e
1158 3623 1500 3707 pestilente
1531 3624 1783 3710 synodo
1815 3622 1885 3691 di
1922 3623 2186 3708 Pistoja,
2225 3623 2393 3702 dice,
2434 3624 2555 3689 che

315 3763 347 3802 «
380 3742 565 3808 Ricci
600 3759 735 3807 non
777 3740 1046 3805 facceva
1077 3737 1197 3803 che
1235 3742 1524 3818 soulever,
1560 3761 1781 3804 comme
1829 3760 1906 3803 on
1941 3760 1981 3803 a
2022 3743 2144 3820 fait
2178 3761 2251 3804 en
2282 3745 2546 3819 France,

316 3879 348 3916 α
381 3861 465 3920 tes
513 3860 696 3921 cure's
744 3864 948 3919 contre
990 3859 1074 3918 les
1115 3840 1411 3936 limique-s,
1457 3861 1514 3917 et
1555 3857 1768 3932 [latter
1820 3858 1950 3918 leur
2007 3857 2218 3919 vonit&
2263 3876 2423 3937 pour
2471 3860 2555 3918 les

316 3994 348 4032 ι(
380 3978 546 4052 faire,
612 3973 840 4035 tomber
893 3972 1040 4052 plus
1092 3976 1393 4040 sicrement
1437 3973 1591 4032 dans
1638 3972 1692 4031 le
1731 3972 1933 4052 pieqe.
1972 3971 2133 4034 Dice
2188 3969 2307 4034 che
2350 3990 2557 4035 aveva

317 4112 348 4150 «
382 4089 685 4156 ordinato
723 4105 854 4172 que
901 4093 1274 4170 portassero
1323 4084 1387 4151 el
1416 4085 1623 4151 fiocco
1662 4085 1723 4150 al
1761 4085 2036 4168 capello,
2075 4087 2136 4150 el
2168 4087 2318 4172 qual
2347 4085 2555 4153 fiocco

316 4227 346 4265 «
385 4208 514 4270 leur
542 4212 719 4268 avait
748 4208 870 4284 fait
889 4211 1132 4267 tourner
1160 4207 1222 4266 la
1248 4211 1393 4283 te‘te‚·
1412 4206 1552 4287 dejci
1578 4223 1654 4265 on
1669 4206 1911 4285 parlait
1935 4205 2008 4265 de
2024 4206 2390 4285 presbytera,
2417 4211 2547 4268 ete.

318 4343 350 4378 (ι
381 4321 627 4386 Finche
653 4322 720 4387 la
767 4318 1060 4396 Francia,
1104 4320 1421 4403 aggiungo
1451 4319 1535 4397 io,
1573 4316 1901 4401 adoprera
1939 4318 2002 4382 la
2033 4317 2255 4401 parola
2275 4326 2539 4399 pastore,

319 4460 351 4496 α
393 4456 513 4521 per
551 4436 657 4504 dir
699 4436 1005 4523 parocho,
1041 4436 1087 4501 il
1128 4436 1293 4501 male
1331 4455 1460 4501 non
1496 4434 1704 4501 fiuira.
1734 4432 2061 4500 Vcdrcmo
2090 4432 2208 4499 chc
2230 4453 2265 4498 e
2297 4435 2547 4498 sconcia
