3146 4973
588 336 712 400 548
1259 348 1636 398 moruus
1679 349 1767 396 m:
1819 348 2144 397 macone.

578 510 668 521 —
694 475 795 538 Ita
829 472 1258 538 communiter
1297 471 1639 555 doctores3
1689 480 1760 538 et
1802 470 2097 538 decisum
2141 492 2180 537 a
2219 472 2412 538 Sacra
2451 472 2807 555 Congrega·

580 588 753 653 tione
778 588 1043 652 Concilii
1073 586 1223 652 vide
1250 606 1450 671 supra
1489 589 1545 673 (5
1591 591 1650 664 1,
1689 608 1754 652 n.
1798 592 1882 652 10
1910 595 1980 653 et
2017 586 2148 673 11).

666 704 1062 768 Pnoposmo
1088 702 1258 766 VIP.
1294 738 1383 749 --
1405 705 1748 765 Periculum
1774 703 2191 766 contrahendoe
2208 709 2398 784 pestis
2424 708 2490 766 in
2516 703 2803 784 parochia

572 825 932 899 ¹mamantis,
958 818 1282 898 par-ochum
1313 837 1433 880 nou
1472 820 1690 880 liberat
1734 821 1811 881 ab
1847 838 2021 882 onere
2056 821 2385 899 residendi,
2413 824 2654 881 etiamsi
2692 820 2806 880 alii

569 937 776 997 adsint
817 937 1041 1012 idonei,
1078 938 1184 1013 qui
1223 939 1378 996 vices
1431 939 1558 1015 ejus
1605 937 1947 1016 suppleant.
1990 972 2078 982 --
2137 961 2164 992 «
2205 935 2476 999 Sanctus
2538 932 2802 999 Carolus

577 1072 610 1109 α
643 1050 1141 1113 Borromoeus...
1184 1046 1456 1112 dubium
1483 1046 1607 1114 hoc
1647 1048 1732 1113 ad
1777 1047 2358 1132 congregationem
2399 1048 2664 1113 Concilii
2696 1046 2803 1112 de-

575 1186 607 1223 «
642 1161 999 1228 finiendum
1044 1160 1285 1227 detulit
1328 1180 1342 1223 τ
1395 1181 1549 1226 num
1607 1164 1860 1228 scilicet
1914 1162 2207 1229 residere
2264 1171 2632 1241 teneretur,
2695 1164 2802 1247 qui

574 1300 606 1339 ιι
640 1295 812 1342 curae
862 1281 1139 1360 praeerat
1177 1277 1558 1354 animarum,
1607 1280 1904 1360 quamvis
1947 1286 2214 1362 urgeret
2244 1278 2611 1360 periculum
2650 1295 2800 1341 con-

573 1417 604 1453 «
637 1391 942 1458 trahendi
973 1398 1241 1473 pestem,
1276 1398 1346 1456 et
1375 1411 1457 1458 ex
1496 1392 1608 1456 illa
1646 1392 2098 1459 occumbendi.
2145 1393 2546 1475 Responsum
2580 1400 2796 1456 autem

572 1532 605 1571 «
643 1510 768 1573 fuit
800 1505 1130 1572 residendi
1158 1506 1622 1589 obligationem
1654 1510 1760 1574 vel
1787 1515 1928 1573 tum
1967 1512 2213 1592 vigere,
2252 1528 2460 1594 eaque
2487 1509 2799 1592 obstringi

573 1648 605 1686 (ι
641 1644 767 1689 non
801 1621 994 1689 modo
1018 1623 1352 1706 parochoS,
1390 1622 1510 1688 sed
1536 1630 1607 1688 et
1638 1625 2011 1708 Episcopos;
2046 1624 2597 1709 quemadmodum
2626 1624 2800 1691 vide-

573 1763 606 1800 «
642 1758 715 1804 re
746 1747 847 1804 est
876 1740 942 1802 in
971 1737 1306 1819 rescriptis
1336 1739 1576 1803 mensis
1605 1740 1894 1805 octobris
1925 1748 1993 1806 et
2024 1739 2393 1806 decembris
2422 1741 2570 1805 anni
2601 1741 2791 1815 1576,

573 1878 607 1915 «ι
644 1856 866 1920 relatis
897 1851 1072 1936 apud
1095 1855 1464 1934 Fagnanum
1508 1854 1596 1938 (in
1649 1862 1847 1936 caput
1874 1858 2159 1932 Clericos,
2194 1876 2262 1919 n.
2297 1859 2379 1920 37
2415 1864 2485 1920 et
2524 1874 2690 1939 seq„
2727 1857 2801 1917 dc

573 1995 605 2033 α
644 1975 895 2034 Clerici-s
924 1990 1044 2033 nou
1082 1967 1333 2051 resid.);
1386 1970 1622 2052 quibus
1668 1971 1993 2052 pontificia
2049 1989 2308 2055 quoque
2341 1971 2639 2055 Gregorii
2684 1972 2801 2034 XII

573 2111 606 2145 «ι
640 2085 909 2150 accessit
960 2084 1366 2168 approbatio.
1425 2082 1614 2150 Unde
1664 2093 1811 2166 post
1868 2083 2241 2169 hujusmodi
2292 2087 2627 2169 rescripta,
2665 2086 2800 2149 sive

574 2224 606 2260 a
646 2201 1096 2274 resolutiones,
1140 2198 1356 2264 aditus
1399 2199 1713 2283 locusque
1752 2200 2027 2282 amplius
2082 2202 2366 2285 relinqui
2414 2221 2544 2266 non
2591 2207 2804 2284 potest

573 2341 607 2378 «
644 2333 870 2380 eorum
914 2311 1260 2379 doctorum
1310 2314 1615 2396 opinioni,
1660 2314 1773 2396 qui
1821 2311 2221 2378 affirmarunt
2277 2321 2347 2379 et
2408 2312 2797 2387 docuerunt,

574 2455 606 2494 α
639 2433 837 2497 licere
863 2431 946 2508 ei,
985 2429 1098 2514 qui
1134 2430 1495 2495 animarum
1538 2447 1765 2494 curam
1810 2435 2102 2506 exercet,
2160 2448 2196 2494 a
2247 2427 2616 2496 residentiae
2661 2429 2804 2494 loco

575 2573 608 2610 «
641 2544 1024 2622 abscedere,
1068 2544 1264 2609 modo
1310 2545 1717 2610 sacerdotem
1753 2543 2061 2609 idoneum
2105 2543 2503 2621 adinveniat,
2541 2546 2676 2629 qui,
2709 2564 2807 2608 ac·

575 2688 608 2725 α
652 2661 930 2727 cedente
960 2661 1255 2743 Episcopi
1292 2661 1575 2736 licentia,
1613 2661 1788 2724 vices
1838 2659 1978 2743 ejus
2019 2658 2458 2742 adimpleat.»
2506 2659 2806 2745 (Benedi-

574 2786 720 2843 ctus
749 2777 916 2852 XIV,
953 2779 1027 2838 de
1058 2778 1299 2857 Synodo
1334 2778 1689 2852 dioecesana,
1734 2774 1903 2840 libro
1943 2778 2045 2853 13,
2076 2793 2218 2857 cap.
2259 2779 2363 2852 19,
2407 2796 2473 2841 n.
2517 2774 2609 2858 2.)
2637 2774 2804 2840 Vide

571 2891 768 2954 etiam
804 2886 1193 2962 Ferrarium,
1243 2885 1453 2950 verbo
1480 2887 1812 2962 Par-ochus,
1852 2893 1976 2949 art.
2025 2889 2088 2962 2,
2125 2905 2190 2949 n.
2230 2889 2338 2951 29.

662 3004 1058 3068 Pnoposmo
1089 3002 1291 3066 vl11·.
1338 3036 1426 3047 —
1463 3004 1550 3064 Ob
1591 3007 1951 3064 inimicitias
1983 3007 2104 3084 ipsi
2128 3004 2392 3082 parocho
2432 3005 2796 3084 personales,

574 3124 739 3183 licite
762 3123 959 3201 potest
988 3118 1285 3199 parochus
1324 3137 1356 3179 e
1383 3117 1676 3196 parochia
1710 3120 1997 3198 aufuqere
2028 3137 2049 3177 .·
2092 3120 2396 3180 licentiam
2434 3126 2636 3180 autem
2667 3137 2802 3198 pcr-

570 3245 814 3316 pctuam
841 3253 960 3298 nou
988 3235 1293 3295 residendi
1320 3238 1524 3312 nequit
1555 3236 1885 3314 Episcopus
1920 3237 1977 3293 ei
2013 3233 2166 3294 hauc
2204 3235 2276 3294 ob
2319 3252 2560 3296 causam
2599 3252 2808 3296 conce-

574 3355 734 3415 dere.
771 3384 856 3397 -—
889 3350 1192 3412 Probatur
1240 3351 1300 3410 1·
1344 3365 1512 3426 pars.
1549 3384 1641 3396 --
1676 3371 1707 3407 «
1742 3349 2063 3412 Doctores
2111 3367 2336 3414 omnes
2379 3350 2799 3424 conveniunt,

578 3489 613 3527 «
642 3486 768 3532 non
801 3482 988 3548 posse
1023 3463 1247 3545 utique
1282 3461 1638 3544 parochum
1676 3482 1712 3525 a
1754 3462 2110 3544 parochiali
2146 3482 2261 3527 sua
2304 3464 2575 3530 ecclesia
2618 3463 2810 3528 aufu-

580 3605 614 3642 «
647 3601 823 3664 gere,
875 3577 1263 3661 plebemque
1308 3575 1425 3640 sibi
1473 3578 1877 3641 commissam
1915 3578 2311 3661 relinquere,
2369 3578 2486 3644 sed
2530 3581 2808 3643 animam

583 3723 614 3757 «
651 3715 769 3779 pro
791 3694 1024 3759 ovibus
1052 3709 1298 3774 ponere
1329 3690 1670 3774 obstringi,
1705 3693 1756 3755 si
1788 3700 1920 3757 tam
1945 3701 2169 3759 contra
2199 3695 2409 3776 ipsum
2434 3713 2626 3778 quam
2655 3713 2809 3758 con·

582 3836 615 3874 «ι
648 3820 748 3876 tra
778 3806 1076 3873 eamdem
1117 3805 1375 3888 plebem
1410 3807 1625 3888 gravis
1665 3807 1895 3871 oborta
1931 3808 2017 3872 sit
2056 3809 2386 3873 inimicitia
2411 3817 2479 3873 et
2504 3827 2809 3891 persecu-

582 3951 613 3989 «
648 3927 761 4000 tio,
802 3925 893 3988 ita
929 3929 1003 3987 ut
1029 3920 1324 3987 omnibus
1353 3938 1695 3986 commune
1726 3921 2061 4005 impendat
2097 3924 2242 3987 vitae
2275 3922 2645 4000 discrimen,
2675 3943 2805 3988 nec

577 4068 608 4103 c«
645 4042 751 4107 alii
771 4038 1206 4122 reperiantur,
1231 4038 1344 4120 qui
1364 4045 1511 4102 tuto
1545 4038 1786 4120 possint
1814 4039 1998 4121 gregi
2023 4039 2347 4116 assistere,
2378 4038 2647 4123 ejusque
2678 4039 2808 4120 spi·

577 4155 862 4222 «rituali
908 4153 1097 4217 saluti
1151 4153 1568 4235 invigilare...
1627 4155 1827 4236 AEque
1876 4159 2094 4219 tamen
2143 4156 2575 4220 communiter
2618 4173 2806 4219 rece-

577 4298 609 4335 «
643 4281 828 4357 ptum
855 4276 975 4346 est,
1003 4286 1238 4351 graves
1263 4267 1630 4332 iuimicitias
1653 4289 1687 4333 a
1718 4269 1855 4336 solo
1888 4270 2171 4352 parocho
2200 4289 2347 4334 cum
2374 4272 2622 4334 Barone
2642 4269 2794 4345 loci,

576 4415 609 4455 α
643 4396 753 4455 aut
797 4405 942 4451 cum
982 4385 1256 4467 ipsomet
1293 4383 1619 4465 populo...
1671 4393 2053 4463 contractas,
2089 4385 2327 4469 justam
2373 4385 2434 4451 ei
2485 4395 2797 4469 praestarc
