3146 4973
605 386 728 455 102
1274 402 1650 454 moruus
1693 402 1784 453 nr.
1824 402 2157 453 rauoouo.

592 532 875 597 tuantur
911 522 1180 615 quidem
1208 526 1506 612 parochi,
1542 516 1664 595 sed
1693 544 1823 596 non
1863 528 2334 595 consecrantur
2363 530 2685 612 quatenus
2713 536 2828 606 pa-

595 645 798 713 rochi.
826 638 890 710 Si
908 656 1065 729 ergo
1088 658 1366 712 erronea
1385 640 1498 709 illa
1514 642 1679 730 juris
1698 636 1904 710 divini
1924 636 2357 729 parochorum
2377 638 2700 707 institutio
2714 684 2731 717 ‚
2759 642 2830 705 et

595 761 922 827 immerito
965 760 1268 827 dicantur
1301 754 1570 844 parochi
1601 758 1877 827 tertium
1919 754 2216 826 ordinem
2266 752 2739 843 hierarchicum
2764 753 2832 819 in

593 874 877 946 Ecclesia
926 874 1322 944 constituere
1342 925 1359 956 ,
1420 875 1940 943 concludendum
1994 875 2123 943 erit
2173 875 2363 940 nimis
2410 890 2450 940 a
2493 869 2830 938 Bossuetio

592 990 793 1058 fuisse
844 988 1144 1077 parochis
1192 1006 1608 1078 concessum3
1658 990 1716 1057 si
1758 1000 1981 1059 tamen
2028 994 2173 1055 libri
2221 990 2585 1072 defensionis
2630 1000 2833 1053 verus

593 1115 828 1174 auctor
855 1104 941 1174 sit
967 1110 1361 1187 Bossuetius,
1393 1107 1478 1174 de
1501 1128 1633 1195 quo
1662 1108 1760 1195 (ut
1787 1114 2017 1174 notum
2042 1105 2166 1191 est)
2199 1102 2534 1189 disputant
2555 1099 2824 1168 eruditi.

682 1222 792 1289 IV.
829 1226 994 1307 Quid
1026 1231 1329 1290 tenuerint
1374 1228 1831 1308 Van-Espenius
1859 1233 1919 1289 et
1948 1229 2151 1287 coeteri
2178 1227 2559 1307 jansenistoe.
2602 1254 2694 1267 —-
2727 1214 2834 1282 Fi-

594 1347 933 1423 gmentum
962 1336 1128 1405 illud
1147 1340 1212 1405 in
1230 1338 1558 1425 triplicem
1582 1336 1880 1407 ordinem
1909 1338 2060 1425 jure
2087 1337 2308 1404 divino
2337 1333 2555 1402 divisae
2583 1331 2834 1399 hierar·

525 1492 532 1496 ·
579 1450 757 1521 ,chiae
803 1454 1093 1521 ecclesiae
1150 1454 1538 1534 essentialis,
1584 1456 1653 1521 in
1697 1452 2015 1538 parochos
2063 1472 2329 1537 nempe,
2375 1452 2724 1536 Episcopos
2761 1456 2836 1515 et

595 1582 973 1653 supremum
1013 1566 1402 1638 Pontificem
1418 1619 1434 1649 ‚
1487 1571 1642 1636 totis
1675 1571 1845 1636 ulnis
1892 1576 2044 1654 post
2084 1566 2441 1634 Sorbonam
2476 1560 2836 1649 amplexati

596 1690 748 1750 sunt
775 1692 1100 1770 quotquot
1127 1684 1271 1751 fere
1305 1686 1700 1752 exstiterunt
1731 1685 2336 1771 presbyterianismi
2364 1688 2436 1749 et
2461 1680 2837 1768 jansenismi

599 1796 747 1866 labe
781 1800 1008 1867 infecti
1046 1802 1418 1887 scriptores.
1475 1800 1572 1871 Ex
1608 1802 1685 1868 iis
1732 1806 1953 1869 autem
1997 1820 2192 1888 quam
2232 1798 2495 1886 plurimi
2524 1796 2589 1862 iu
2622 1794 2838 1863 dedu·

601 1912 825 1980 cendis
850 1915 1268 1982 consectariis
1291 1924 1498 1982 metas
1528 1936 1565 1982 a
1585 1913 1873 1982 Sorhona
1902 1914 2146 1998 positas
2167 1914 2359 1997 longe
2386 1908 2838 1996 praetergressi

598 2037 788 2117 sunt3
840 2030 1310 2099 concludentes
1354 2032 1540 2099 verbi
1589 2033 1796 2116 gratia
1811 2079 1827 2110 ‚
1870 2028 2029 2097 nihil
2062 2031 2129 2095 in
2165 2028 2487 2114 parochiis
2530 2024 2838 2093 ordinare

601 2164 790 2232 posse
820 2148 1212 2232 Episcopum
1241 2149 1486 2234 absque
1520 2147 1955 2233 parochorum
1996 2144 2429 2231 beneplacito,
2463 2148 2695 2227 utpote
2729 2140 2841 2206 cui

603 2264 860 2328 nonnisi
879 2261 1162 2330 mediata
1183 2262 1249 2329 in
1269 2263 1694 2349 parochianos
1720 2261 2088 2348 jurisdictio
2114 2267 2465 2345 competat.
2493 2259 2662 2324 Item
2685 2272 2839 2322 cum

603 2374 919 2443 Gersonio
955 2378 1250 2462 parochis
1280 2394 1509 2445 vocem
1545 2378 1948 2445 definitivam
1978 2376 2047 2443 in
2089 2375 2378 2443 conciliis
2409 2370 2835 2457 tribuerunt3

603 2502 800 2578 atque
823 2511 973 2559 oum
996 2492 1230 2561 eodem
1249 2499 1639 2572 tenuerunt,
1675 2491 1773 2559 fas
1795 2509 1924 2561 non
1950 2511 2088 2560 esse
2111 2493 2426 2577 Episcopo
2448 2501 2841 2576 quemquam

607 2609 979 2694 regularem
1003 2617 1117 2676 aut
1143 2612 1520 2677 saecularem
1549 2610 2010 2696 presbyterum
2041 2608 2128 2676 ad
2149 2607 2521 2694 parochiam
2544 2606 2834 2682 mittere,

612 2725 725 2810 qui
768 2723 974 2791 invito
1020 2733 1247 2791 curato
1296 2725 1630 2810 praedicet,
1680 2723 2201 2791 confessionesve
2240 2717 2538 2789 fidelium
2587 2717 2835 2786 audiat.

607 2838 934 2903 Caeterum
958 2840 1014 2904 si
1031 2839 1269 2925 injuste
1288 2837 1647 2923 Episcopus
1670 2837 2108 2923 depositIoniS,
2133 2831 2834 2911 excommunicationiS,

610 2953 969 3019 aliarumve
989 2967 1412 3020 censurarum
1438 2954 1648 3038 poenis
1672 2952 1988 3037 parochos
2010 2955 2324 3039 exagitet,
2358 2967 2546 3038 posse
2574 2949 2731 3016 istos
2754 2947 2842 3015 ad

612 3068 1002 3153 guber-nium
1059 3068 1248 3134 civile
1297 3076 1608 3153 tanquam
1655 3067 1739 3133 ab
1787 3068 1994 3134 abusu
2047 3068 2378 3154 appellare
2398 3115 2415 3146 ,
2471 3073 2540 3133 et
2586 3067 2840 3132 interea

613 3183 775 3249 nihil
801 3199 1033 3250 curare
1065 3181 1152 3250 de
1182 3181 1530 3267 episcopali
1569 3186 1911 3250 sententia.
1948 3184 2105 3266 Quae
2133 3184 2566 3261 consectaria,
2602 3187 2672 3246 et
2696 3177 2843 3264 plu·
2960 3252 2969 3258 ,

615 3301 780 3366 rima
809 3297 932 3367 alia
966 3317 1099 3365 non
1139 3299 1350 3365 minus
1393 3299 1614 3364 insane
1659 3300 2051 3384 excogitata,
2087 3319 2170 3366 ex
2196 3299 2435 3384 triplici
2465 3289 2844 3382 supradicto

616 3411 1022 3483 hierarchico
1076 3410 1303 3481 ordine
1328 3462 1344 3493 ,
1400 3417 1707 3500 tanquam
1761 3413 1845 3480 ab
1903 3409 2150 3480 invicto
2200 3411 2517 3498 principio
2536 3460 2553 3492 ,
2607 3417 2847 3497 putant

617 3529 940 3618 ejusmodi
964 3533 1314 3615 scriptores
1337 3545 1525 3614 posse
1550 3531 1841 3615 legitime
1871 3525 2160 3597 deducta
2187 3525 2643 3597 demonstrari.

706 3645 871 3711 Hinc
918 3642 1107 3711 facile
1138 3645 1579 3730 instrospiciet
1618 3646 1828 3713 lector
1857 3647 2084 3731 quanti
2126 3645 2444 3713 momenti
2488 3644 2571 3710 sit
2600 3641 2845 3710 doctri-

619 3775 766 3827 nam
817 3759 992 3827 illam
1030 3759 1114 3827 de
1150 3761 1394 3845 triplici
1445 3757 1821 3828 hierarchiae
1858 3759 2086 3828 ordine
2127 3760 2480 3848 (parochis,
2525 3760 2845 3844 episcopis

619 3887 690 3947 et
707 3882 967 3946 Summo
989 3877 1303 3946 Pontifice
1327 3874 1713 3963 constante),
1738 3875 1825 3943 ad
1851 3880 2062 3945 crisim
2080 3880 2250 3946 serio
2272 3891 2531 3957 vocare,
2562 3881 2633 3944 et
2657 3876 2845 3942 inane

618 3993 780 4063 illud
809 4001 1244 4063 commentum
1272 3997 1533 4079 penitus
1561 3992 1955 4060 convellere.
