3146 4973
1230 394 1388 442 nans
1433 392 1721 453 Quum.
2475 390 2604 454 ⁴55

378 531 449 592 et
480 523 753 590 meni-rit
782 539 1091 589 censuras
1120 521 1285 586 intas
1325 528 1549 586 contra
1592 531 1982 607 usurpantes
2019 525 2166 611 jura
2203 529 2472 598 aliarum
2498 552 2610 600 eo-

375 641 742 708 elesiarum.
769 635 959 724 (vide
978 634 1246 712 ernaldi,
1276 638 1703 700 Additamma
1733 642 1816 700 ad
1844 643 2193 722 Herbesum,
2219 648 2293 707 de
2313 648 2604 726 Parmae,

376 774 517 840 cap.
556 757 661 831 18,
697 772 762 817 n.
802 751 935 834 11.)

1272 1019 1536 1085 CAPUT
1586 1019 1695 1082 lv,

611 1287 721 1340 ms
765 1283 1050 1337 uncam
1098 1285 1323 1348 Quom
1368 1285 1857 1336 sacmmmwm
1906 1285 2360 1337 mutum.

458 1566 511 1630 1.
548 1558 879 1627 Parochus
911 1560 977 1622 vi
1012 1555 1195 1621 officii
1227 1554 1621 1620 ordinariam
1658 1555 1784 1619 fori
1819 1555 2054 1620 interni
2083 1553 2603 1639 jurisdictionem

370 1678 568 1743 habet
597 1677 663 1740 in
693 1693 809 1740 sua
843 1671 1185 1756 parochia3
1224 1695 1254 1732 «
1292 1678 1359 1735 et
1391 1677 1698 1735 censetur
1728 1669 1941 1754 quoad
1974 1668 2096 1733 hoc
2126 1670 2336 1753 alege
2367 1688 2605 1754 appro-

376 1817 407 1848 α
442 1792 654 1867 batus,
705 1789 947 1873 absque
1000 1787 1123 1852 alia
1170 1784 1457 1868 desuper
1507 1783 1628 1849 sibi
1678 1783 1978 1849 facienda
2023 1802 2144 1868 per
2184 1784 2602 1851 ordinarium

376 1907 731 1983 «licentia,
778 1913 853 1970 ut
896 1903 1223 1987 colligitur
1261 1922 1341 1968 ex
1380 1901 1653 1966 concilio
1699 1900 2102 1977 Tridentium
2153 1901 2433 1967 sessione
2479 1904 2593 1978 23,

371 2048 403 2084 α
438 2029 513 2088 de
562 2027 1019 2105 Refer-macione,
1081 2021 1291 2103 capite
1345 2021 1448 2095 15,
1500 2018 1622 2094 ibi,
1675 2024 1796 2080 nise·
1842 2025 1948 2080 aut
1990 2019 2334 2099 parochiale
2385 2018 2601 2096 benefi-

365 2165 402 2208 ,«
436 2146 634 2216 cium,
677 2145 787 2201 etc.
832 2161 862 2197 »
911 2135 1269 2222 (Barbosa‚
1314 2139 1389 2198 cle
1427 2135 1718 2211 Paracho,
1771 2151 1919 2197 cum
1963 2136 2270 2196 Additum.
2309 2133 2550 2199 Giraldi
2578 2184 2593 2211 ,

366 2274 424 2318 c.
468 2258 572 2330 19,
615 2273 683 2318 n.
729 2250 816 2335 1.)

456 2370 539 2434 11.
576 2370 884 2450 Quamvis
921 2368 1311 2433 ordinariam
1345 2363 1867 2452 jurisdictionem
1913 2384 2094 2431 suam
2136 2365 2373 2433 habeat
2412 2386 2597 2450 paro-

366 2485 524 2551 chus
572 2505 609 2550 a
656 2484 839 2569 lege,
877 2503 1022 2551 eam
1063 2492 1285 2550 tamen
1333 2482 1532 2549 habet
1576 2479 2068 2567 dependentem
2104 2481 2187 2548 ab
2220 2478 2589 2557 Ordinatio,

362 2600 579 2685 quoad
610 2601 950 2685 culparum
986 2601 1515 2666 reservationem.

452 2718 565 2782 111.
609 2740 639 2777 c<
665 2718 751 2782 Ut
777 2723 960 2781 notat
991 2714 1344 2781 Cardinalis
1369 2713 1454 2779 de
1475 2715 1654 2798 Lugo
1671 2714 1767 2799 (cle
1793 2719 2178 2780 sacramento
2199 2722 2586 2796 poenitentiae,

369 2856 399 2889 α
434 2831 603 2916 disp.
642 2835 750 2909 20,
790 2839 953 2896 sect.
989 2834 1054 2907 3,
1090 2850 1157 2894 n.
1200 2828 1333 2913 11),
1371 2831 1667 2915 quamvis
1695 2831 2049 2914 Episcopus
2090 2831 2290 2914 possit
2332 2830 2596 2915 jurisdi-

368 2970 397 3003 «
432 2948 716 3013 ctionem
745 2943 1145 3022 absolvendi,
1173 2962 1364 3028 quam
1393 2945 1530 3009 aliis
1551 2943 2000 3010 sacerdotibus
2020 2944 2300 3031 delegat,
2335 2948 2593 3012 omuino

366 3085 397 3119 α
435 3080 554 3146 pro
599 3061 789 3126 libito
823 3059 1106 3125 limitare
1129 3107 1145 3138 ,
1204 3067 1272 3124 et
1307 3057 1393 3123 ad
1430 3059 1840 3142 paucissimas
1885 3079 2107 3125 causas
2152 3062 2585 3144 restringere,

365 3202 397 3235 κ
430 3186 611 3244 tanta
637 3186 855 3243 tamen
899 3183 1223 3261 potestate
1252 3195 1379 3240 non
1410 3177 1662 3259 potitur
1687 3176 1902 3261 quoad
1930 3177 2275 3261 parochos»,
2314 3197 2588 3264 quorum

366 3316 397 3349 α
428 3291 810 3376 jurisdictio,
855 3292 979 3356 etsi
1015 3291 1098 3355 ab
1135 3292 1455 3374 Episcopo
1498 3289 1786 3373 pendeat
1826 3292 2018 3376 eique
2057 3292 2423 3378 subjaceat,
2463 3312 2589 3358 non

366 3432 395 3464 <c
433 3413 531 3472 est
558 3415 775 3473 tamen
809 3405 1108 3490 delegata
1128 3454 1145 3484 ‚
1183 3405 1302 3471 sed
1333 3405 1700 3490 ordinaria;
1735 3426 1858 3471 nec
1887 3414 2104 3491 potest
2134 3410 2270 3472 sine
2301 3409 2584 3492 legitima

365 3546 397 3579 «
432 3540 644 3598 causa,
678 3529 792 3588 aut
821 3541 1085 3606 prorsus
1113 3522 1389 3598 auferri,
1424 3529 1538 3586 aut
1563 3520 1733 3587 adeo
1758 3523 2077 3601 imminui,
2115 3532 2187 3588 ut
2217 3522 2358 3589 fere
2388 3524 2589 3588 inanis

365 3660 396 3697 α
431 3643 784 3703 remaneat.
817 3658 849 3698 υ
898 3636 1335 3721 (Benedictus
1374 3637 1542 3714 XIV,
1578 3639 1652 3701 cle
1695 3644 1842 3720 Syn.
1889 3641 2091 3717 dioec„
2129 3638 2278 3704 libri
2317 3642 2379 3716 5,
2416 3658 2473 3704 c.
2514 3639 2578 3713 4,

356 3772 421 3817 n.
476 3751 569 3835 3.)

446 3869 556 3933 1v.
589 3866 962 3933 Jurisdictio
982 3866 1109 3934 fori
1134 3869 1592 3951 poeniteutialis
1612 3887 1802 3952 quam
1830 3868 2029 3935 habet
2061 3869 2380 3952 parochus
2410 3871 2472 3935 vi
2497 3873 2589 3938 of-

356 3983 483 4047 ficii
514 3984 643 4061 sui,
674 4002 806 4047 uon
828 3991 927 4048 est
965 3982 1181 4070 quoad
1208 3989 1411 4049 totam
1445 3983 1774 4049 dioecesim
1802 4032 1816 4061 ‚
1855 3983 1973 4049 sed
2005 3984 2344 4050 dumtaxat
2374 3985 2590 4071 quoad

359 4100 683 4165 civitatem
714 4099 820 4164 vel
849 4100 1159 4183 oppidum
1187 4100 1297 4166 ubi
1322 4102 1441 4166 sita
1468 4106 1569 4165 est
1607 4100 1928 4184 parochia.
1959 4101 2058 4165 Ita
2089 4099 2389 4167 doctores
2419 4121 2590 4168 com·

360 4215 645 4281 maniter
695 4215 867 4301 (vide
904 4216 1288 4295 Barbosam‚
1339 4216 1422 4283 de
1472 4219 1764 4295 ΡανοσΙιο,
1820 4236 1966 4281 cum
2004 4221 2451 4284 Additamentis
2485 4221 2594 4286 Gi-

360 4330 562 4407 raldi,
603 4348 745 4416 cap.
790 4334 895 4408 19,
930 4352 995 4396 n.
1033 4330 1125 4416 3).
1159 4331 1354 4415 Quod
1385 4340 1453 4398 et
1488 4353 1527 4397 a
1556 4335 1746 4399 Sacra
1776 4333 2285 4417 Congregatione
2327 4330 2592 4401 Concilii

359 4445 765 4513 declaratum
811 4446 1015 4513 refert
1070 4447 1307 4513 ibidem
1362 4448 1656 4527 Giraldi‚
1711 4450 1776 4513 in
1838 4448 2008 4513 hunc
2055 4449 2319 4515 modum
2368 4474 2380 4513 :
2431 4474 2462 4509 «
2494 4452 2592 4517 Ita
