3146 4973
646 348 771 411 160
1316 361 1693 409 Τιιᾼοτᾼτυε
1738 362 1827 408 m:
1874 359 2201 409 ruocuo.

637 487 859 565 nansi,
903 487 1049 552 loco
1090 486 1229 564 cit..
1274 503 1420 569 pag.
1476 485 1661 570 600.)
1717 486 1886 550 Item
1926 483 2326 551 Chn'stianus
2360 486 2584 570 Lupus
2620 487 2861 573 (opusc.

637 604 869 684 pesth„
908 601 975 664 in
1024 600 1154 666 fine
1207 600 1506 685 operum)
1555 621 1688 668 non
1730 599 2021 667 admittit
2064 599 2379 683 praedicta
2427 608 2669 667 statuta
2730 620 2873 667 esse

634 718 941 797 sonnatii,
969 717 1055 782 ob
1084 715 1301 783 datam
1334 716 1741 803 presbyteris
1774 722 2042 800 pastoris
2066 715 2679 785 denominationem.
2711 718 2872 784 Cum

639 852 799 900 vero
850 834 1141 900 Mol-inus
1176 833 1471 919 (exercit.
1522 832 1627 918 16)
1683 840 2007 918 supponat
2042 834 2358 919 parochos
2386 835 2452 899 in
2487 834 2875 919 antiquitate

633 947 766 1031 jam
789 955 1059 1014 vocatos
1105 947 1327 1026 fuisse,
1383 950 1803 1030 parochorum,
1863 955 2184 1027 rectorum,
2232 954 2544 1012 curionum
2583 956 2642 1012 et
2673 958 2878 1031 pasto-

635 1083 773 1125 rum
809 1063 1094 1143 nomine,
1137 1081 1287 1128 eum
1336 1063 1552 1147 carpit
1603 1062 1955 1146 praeclarus
2003 1063 2247 1130 Marius
2284 1064 2505 1148 Lupus
2555 1063 2652 1151 (de
2683 1069 2877 1128 Paro-

637 1178 766 1241 ehis
815 1186 959 1241 ante
1009 1197 1236 1242 annum
1274 1178 1510 1242 Christi
1553 1181 1939 1242 millesimum
1960 1226 1976 1255 ,
2021 1175 2285 1244 dissert.
2349 1181 2408 1256 1,
2454 1198 2596 1264 cap.
2645 1177 2737 1264 8),
2788 1178 2874 1244 de

639 1291 1011 1376 hujusmodi
1041 1292 1377 1359 vocabulis
1399 1294 1487 1357 ita
1517 1292 1838 1359 affirmans
1874 1315 1887 1359 :
1921 1317 1954 1355 t(
1980 1291 2079 1358 Ad
2108 1293 2416 1360 inferiora
2434 1291 2875 1378 proculdubio

645 1431 676 1469 «
707 1407 1059 1474 referenda
1113 1414 1266 1473 sunt
1320 1408 1606 1474 saecula..
1623 1458 1637 1473 .
1698 1407 1892 1489 Quod
1934 1417 2154 1474 tamen
2211 1406 2564 1475 advertere
2615 1410 2877 1475 omuino

645 1547 678 1584 «
711 1521 1035 1588 debuerat
1073 1519 1429 1607 (Morinus).
1475 1523 1735 1607 Quippe
1787 1522 1927 1588 haec
1985 1524 2124 1607 ipsa
2152 1524 2432 1602 nomina,
2464 1523 2575 1591 illo
2602 1527 2878 1590 rectoris

643 1662 676 1701 a
713 1648 1012 1723 excepto,
1044 1654 1192 1705 cum
1229 1647 1383 1705 ante
1416 1659 1657 1705 annum
1703 1640 2131 1719 millesimum,
2170 1641 2327 1725 quin
2367 1648 2437 1706 et
2479 1659 2601 1725 per
2629 1641 2879 1725 aliquot

644 1778 678 1817 a
717 1754 1025 1839 deinceps
1068 1756 1332 1834 saecula,
1377 1754 1670 1821 inaudita
1714 1755 1961 1822 fuerint
1979 1804 1997 1835 ,
2044 1755 2494 1822 demonstrant
2546 1777 2584 1822 a
2627 1758 2878 1825 Morino

645 1894 678 1933 «
705 1870 1090 1951 tradita„ad
1111 1872 1479 1937 recentiora
1509 1878 1809 1954 tempora
1838 1879 2163 1956 spectare.
2208 1895 2240 1933 »

731 1990 801 2052 3⁰
830 1987 1163 2069 Allegatnr
1194 1993 1392 2070 caput
1435 1989 1521 2051 20
1576 1984 2007 2053 distinctionis
2034 1989 2146 2063 63,
2182 1986 2362 2071 quod
2388 1987 2454 2051 in
2492 1987 2877 2054 collectione

642 2102 933 2168 Gratiani
962 2101 1242 2186 positum
1273 2092 1375 2167 est
1405 2109 1717 2187 tanquam
1752 2122 1831 2166 ex
1853 2107 2052 2165 sancti
2096 2105 2324 2165 Isidori
2361 2105 2516 2165 libro
2545 2103 2877 2182 officiorum

640 2222 1049 2301 excerptum.
1100 2216 1229 2282 Ubi
1276 2214 1540 2294 dicitur,
1599 2224 1861 2283 mortuo
1888 2211 2463 2300 archipresbytero
2494 2216 2719 2295 rurali,
2758 2215 2881 2282 de-

642 2331 801 2397 bere
831 2327 1351 2396 archidiaconum
1373 2348 1453 2396 eo
1477 2348 1547 2395 se
1569 2329 1653 2397 ad
1670 2331 2059 2398 electionem
2080 2333 2472 2397 successoris
2486 2333 2872 2409 transferre,

640 2453 929 2527 quatenus
950 2448 1171 2529 diona-³
1187 2451 1404 2528 pastor
1426 2448 1634 2510 domui
1662 2451 1776 2512 Dei
1800 2451 2228 2511 constituatur.
2256 2445 2446 2514 Unde
2478 2445 2875 2514 concluden-

642 2562 802 2628 dum
832 2565 1015 2629 venit
1052 2563 1331 2647 pastoris
1366 2563 1631 2629 titulum
1673 2563 1870 2629 fuisse
1925 2563 2220 2647 parochis
2269 2583 2308 2629 a
2351 2574 2574 2632 sancto
2625 2564 2878 2631 Isidoro

642 2695 1042 2744 concessum.

731 2792 1191 2875 Respondetur
1236 2792 1409 2859 hunc
1466 2793 1680 2858 locum
1726 2814 1856 2861 nou
1921 2813 2063 2860 esse
2104 2796 2307 2860 sancti
2349 2793 2598 2873 Isidori,
2648 2815 2775 2861 nec
2815 2798 2880 2861 in

642 2907 782 2991 ejus
812 2906 982 2972 libro
1033 2910 1108 2971 de
1161 2911 1603 2971 Ecclesiasticis
1669 2909 1885 2988 officiis
1922 2910 2225 2993 reperiri.·
2266 2910 2508 2994 Estque
2568 2929 2882 2976 annume-

643 3019 889 3090 randus
939 3021 1046 3087 ille
1091 3029 1314 3088 textus
1358 3022 1858 3108 quampluribus
1886 3023 2050 3102 aliis,
2084 3025 2195 3110 qui
2226 3025 2292 3089 in
2324 3025 2710 3092 collectione
2740 3045 2884 3110 gra·

642 3139 853 3203 tianea
881 3137 998 3203 tali
1046 3145 1116 3204 ct
1142 3138 1264 3203 tali
1305 3138 1559 3204 auctori
1598 3137 1762 3203 falso
1800 3136 2205 3204 tribuuntur.
2243 3137 2429 3206 Adde
2481 3160 2612 3205 non
2644 3149 2882 3226 patere

643 3262 864 3321 utrum
894 3253 1448 3338 archipresbyter,
1488 3252 1575 3321 de
1613 3272 1743 3338 quo
1776 3254 1867 3319 ibi
1899 3255 2138 3338 agitur,
2172 3255 2376 3322 fuerit
2405 3255 2755 3339 parochus,
2793 3275 2879 3321 an

643 3372 858 3454 potius
884 3370 1165 3435 vicarius
1193 3370 1498 3456 Episcopi
1544 3369 1877 3435 foraneus.

732 3489 801 3550 4⁶
831 3485 1167 3568 Allegatur
1195 3483 1477 3549 formula
1519 3483 1988 3550 exhortationis
2017 3484 2402 3569 episcopalis
2441 3485 2509 3550 in
2545 3485 2804 3570 synodo
2844 3507 2881 3550 a

647 3600 866 3665 multis
897 3598 1028 3682 jam
1065 3598 1316 3663 soeculis
1351 3597 1581 3663 haberi
1613 3600 1839 3677 solitae,
1876 3600 1943 3664 in
1969 3618 2098 3685 qua
2114 3599 2471 3686 Episcopus
2497 3603 2588 3667 sic
2611 3602 2888 3686 presby-

645 3724 822 3781 teros
845 3713 1197 3798 alloquitur
1229 3736 1243 3779 :
1275 3718 1398 3779 Nos
1424 3724 1703 3798 pastores
1732 3722 1923 3780 vestri
1962 3737 2197 3797 sumus,·
2233 3738 2340 3781 vos
2376 3726 2580 3782 autem
2603 3728 2885 3802 pastores

642 3838 983 3895 animarum
1005 3832 1173 3893 vobis
1201 3836 1671 3895 commissarum.
1699 3831 1856 3911 Quoe
1874 3830 2341 3898 exhortationis
2362 3831 2646 3899 formula
2666 3835 2884 3898 sancti

644 3946 840 4011 Leoni
894 3945 1086 4028 Papae
1126 3944 1214 4009 IV
1262 3945 1601 4011 tribuitur.
1649 3944 1837 4032 (Vide
1875 3964 2021 4010 eam
2067 3964 2215 4012 cum
2255 3947 2654 4014 variantibus
2699 3946 2882 4032 apud

646 4062 868 4137 Mami,
901 4067 1059 4127 tom.
1103 4060 1206 4139 14,
1242 4079 1392 4145 pag.
1427 4064 1579 4140 890,
1613 4059 1815 4126 editio
1849 4059 2246 4146 Florentiae.)
2280 4061 2401 4131 Cui
2432 4062 2729 4128 formulae
2770 4081 2887 4129 au-

643 4176 1011 4241 ctoritatem
1040 4171 1226 4240 addit
1253 4176 1617 4253 Pontificale
1640 4194 1977 4254 romanum,
2001 4175 2068 4240 in
2097 4193 2226 4260 quo
2249 4179 2580 4260 reperitur
2599 4185 2792 4262 parte
2808 4180 2875 4258 2,

640 4290 764 4357 sub
793 4291 1053 4358 rubrica
1085 4293 1249 4356 Ordo
1271 4292 1354 4354 acl
1381 4293 1695 4373 synodwn.

732 4403 1190 4491 Respondetur
1228 4412 1432 4489 primo
1464 4429 1485 4470 .·
1516 4407 1769 4473 etiamsi
1793 4403 1933 4474 hoec
1968 4405 2251 4475 formula
2295 4407 2649 4479 tribuenda
2695 4409 2880 4479 foret
