3146 4973
547 265 676 329 568
1223 281 1600 332 Tuscu-rus
1646 280 1735 331 nn
1777 282 2105 332 macene.

545 404 641 466 nis
691 404 799 479 23,
842 419 954 465 eas
988 398 1439 484 dispositiones
1470 401 1559 469 ad
1602 403 1918 488 parochos
1955 402 2326 470 extendunt
2369 404 2468 470 his
2505 405 2770 471 verbis:

547 518 772 580 Eadem
799 522 1060 594 omnino,
1080 520 1265 580 etiam
1298 522 1496 599 quoad
1525 521 1788 601 culpam,
1825 523 2204 583 amissionem
2228 522 2539 599 fructuum
2568 527 2627 584 et
2646 539 2779 602 poe-

545 654 679 711 nas,
722 635 797 697 de
826 638 1053 696 curatis
1077 637 1516 714 inferioribus..
1534 684 1547 698 .
1584 643 1962 701 sacrosancta
1997 639 2257 720 synodus
2283 640 2555 701 declarat
2578 645 2636 700 el
2664 639 2781 700 de-

546 755 758 812 cernit.
796 749 877 813 Et
905 746 1173 814 tandem
1212 748 1427 835 quoad
1447 749 1712 816 eosdem
1744 750 2058 835 parochos
2086 749 2334 817 ibidem
2369 751 2461 815 sic
2487 751 2785 835 speciali-

546 872 652 930 ter
667 863 1035 948 disponitur
1055 885 1068 929 ε
1091 868 1263 945 Quod
1278 872 1356 945 si,
1379 886 1490 947 per
1507 870 1770 931 edictum
1789 872 1990 946 citati,
2020 873 2336 931 etiamnon
2350 869 2776 947 personaliter,

543 989 912 1045 contumaces
934 984 1187 1061 fuerint,
1221 984 1474 1046 liberum
1503 1003 1627 1047 esse
1670 986 1805 1048 vult
1838 986 2211 1059 ordinariis,
2234 1003 2346 1065 per
2376 1002 2661 1047 censuras
2691 1004 2784 1046 ec-

543 1102 934 1178 clesiasticas,
965 1105 1023 1160 et
1045 1103 1570 1179 sequestrationem
1594 1106 1652 1162 et
1685 1102 2148 1163 subtractionem
2175 1102 2503 1179 fructuum,
2539 1099 2786 1180 aliaque

526 1219 695 1297 juris
732 1216 1018 1292 remedia,
1054 1219 1237 1278 etiam
1257 1235 1439 1297 usque
1469 1218 1552 1279 ad
1568 1220 2001 1298 privationem,
2033 1217 2410 1297 compellere,·
2438 1234 2545 1278 nec
2573 1232 2787 1277 execu-

545 1336 764 1393 tionem
795 1329 947 1391 hanc
976 1331 1234 1410 quolibet
1254 1332 1633 1412 privileqio„
1650 1378 1693 1409 .,
1721 1333 2163 1408 consuetudine,
2199 1335 2382 1394 etiam
2409 1335 2783 1393 immemora-

544 1448 655 1508 bili
684 1445 835 1531 (quoe
866 1451 1068 1527 potius
1093 1449 1435 1527 corruptela
1461 1449 1752 1510 censenda
1772 1442 1912 1529 est),
1950 1451 2080 1509 sive
2112 1448 2516 1528 appellatione
2547 1452 2661 1509 aut
2690 1451 2779 1509 in-

545 1564 946 1637 hibitione...,
971 1564 1257 1643 suspendi
1281 1581 1481 1644 posse.

638 1678 847 1742 Porro
882 1676 981 1742 his
1036 1676 1302 1742 attentis
1353 1675 1667 1752 textibuS‚
1709 1694 1963 1742 necnon
1994 1676 2201 1741 Sacrae
2249 1676 2781 1761 congregationis
2816 1656 2829 1670 ’

548 1790 819 1858 Concilii
842 1792 1411 1869 declarationibus,
1444 1800 1513 1859 et
1537 1800 1809 1876 recepta
1841 1791 2187 1859 doctorum
2208 1793 2776 1877 interpretatione,

553 1909 884 1993 proposita
914 1908 1183 1993 quaestio
1210 1907 1605 1974 resolvenda
1635 1915 1737 1973 est
1763 1914 1839 1971 ut
1868 1908 2199 1995 seqnitur:

639 2027 690 2088 Ι.
730 2028 1010 2088 Liberum
1048 2033 1136 2088 est
1179 2027 1472 2107 Episcopo
1496 2031 1706 2087 contra
1729 2026 2054 2107 pau-ochum
2092 2044 2212 2088 non
2241 2027 2624 2104 residentem,
2664 2031 2787 2088 sive

546 2162 658 2224 per
693 2144 1155 2205 subtractionem
1189 2145 1529 2222 fnoetuum,
1561 2148 1688 2205 sive
1712 2161 1821 2221 per
1849 2159 2151 2221 censuras,
2186 2147 2313 2204 sive
2350 2161 2463 2224 per
2484 2147 2786 2223 privatio-

554 2277 688 2320 nem
727 2258 997 2336 beneficii
1025 2260 1361 2339 procedere.
1388 2293 1476 2306 —-
1505 2255 1585 2322 Id
1627 2263 1853 2339 aperte
1892 2263 2122 2322 sonant
2158 2256 2356 2322 modo
2391 2258 2784 2340 transcripta

557 2374 813 2441 concilii
848 2372 1206 2439 Tridentini
1228 2372 1455 2449 verba,
1481 2375 1736 2437 liberum
1777 2394 1901 2437 esse
1933 2376 2065 2436 vult
2098 2376 2472 2452 ordinariis,
2504 2380 2639 2439 etc.
2676 2350 2788 2439 At-

560 2509 689 2575 que
715 2491 808 2555 ita
847 2488 1273 2574 intelligenda
1314 2508 1458 2556 esse
1498 2490 1703 2555 verba
1732 2489 1869 2555 haec
1898 2486 2172 2554 tradunt
2199 2491 2641 2554 communiter
2676 2489 2786 2555 do·

562 2613 800 2684 ctoreS,
831 2624 978 2671 cum
1003 2607 1301 2688 Fagnano
1334 2604 1422 2690 (in
1441 2612 1637 2688 caput
1671 2609 1774 2668 Ex
1806 2613 1946 2685 tuoe,
1990 2608 2066 2669 de
2102 2608 2354 2668 Clericis
2388 2624 2510 2669 non
2532 2608 2789 2669 residen-

562 2725 742 2798 tibus,
797 2741 861 2784 n.
926 2717 1056 2804 18).
1093 2719 1278 2785 Idem
1328 2718 1733 2786 declaratum
1780 2720 1909 2785 fuit
1951 2740 1990 2784 a
2034 2719 2226 2785 Sacra
2276 2720 2786 2804 congregatione

564 2836 847 2914 Concilii,
877 2843 1074 2921 prout
1109 2841 1392 2901 testatur
1425 2833 1732 2901 laudatus
1778 2836 2116 2919 Fagnanus
2160 2836 2227 2899 in
2266 2834 2439 2900 huuc
2477 2835 2785 2903 modum:

568 2974 602 3013 «
637 2951 965 3029 Consulta‚
1003 2971 1087 3015 an
1119 2953 1201 3015 sit
1232 2949 1575 3016 arbitrium
1595 2950 1897 3034 Episcopi
1929 2969 2059 3035 qua
2090 2950 2194 3016 via
2230 2957 2296 3015 et
2333 2969 2462 3034 quo
2502 2950 2788 3017 remedio

572 3091 605 3131 α
645 3069 740 3134 uti
772 3069 1054 3134 voluerit
1089 3055 1475 3134 contra'non
1506 3064 1892 3143 residenteS,
1929 3083 2166 3149 nempe
2201 3067 2307 3132 vel
2336 3069 2651 3143 censuris,
2690 3066 2789 3131 vel

572 3209 606 3247 α
646 3186 1184 3272 sequestratione,
1228 3191 1297 3250 et
1339 3183 1783 3250 subtractione
1828 3183 2188 3261 fructuum,
2224 3184 2334 3249 vel
2385 3184 2785 3267 privatione3

577 3324 609 3362 α
653 3300 1015 3383 respondit,
1050 3301 1141 3364 ita
1171 3317 1334 3364 esse.
1370 3322 1401 3359 ι)
1444 3299 1642 3385 (Loco
1669 3296 1918 3382 citato.)

662 3414 872 3500 Objici
909 3414 1177 3501 quidem
1214 3422 1431 3498 potest
1472 3412 1764 3499 ejusdem
1804 3414 2321 3497 congregationis
2352 3412 2650 3499 quasdam
2680 3412 2788 3480 de-

573 3531 865 3608 claratio,
905 3549 1032 3614 qua
1084 3528 1442 3613 respondit,
1476 3537 1701 3595 contra
1740 3528 2058 3612 parochos
2104 3530 2190 3596 ob
2245 3531 2643 3613 grassantem
2686 3546 2789 3612 pe-

576 3653 744 3709 stem
772 3663 901 3709 non
930 3643 1313 3721 residenteS‚
1351 3663 1481 3709 non
1503 3662 1645 3709 esse
1678 3644 1853 3709 illico
1890 3662 2012 3727 per
2040 3645 2475 3728 privationem
2503 3642 2788 3711 beneficii

577 3758 1111 3843 procedendum3
1163 3757 1282 3825 sed
1331 3758 1698 3825 adhibenda
1753 3760 1931 3842 prius
1974 3777 2117 3824 esse
2164 3759 2287 3824 alia
2336 3758 2647 3825 remedia.
2688 3758 2788 3822 At-

578 3894 739 3940 vero
773 3873 1129 3958 respondet
1151 3875 1508 3958 FaguanuS,
1537 3874 1705 3939 hanc
1724 3874 2232 3940 declarationem
2263 3875 2591 3957 respicere
2620 3872 2789 3938 dum·

579 3996 762 4054 taxat
808 4009 1027 4055 casnm
1068 3990 1245 4055 illum
1293 3992 1492 4073 pestis
1524 4012 1539 4053 .·
1586 3998 1864 4074 excepto
1894 3997 2113 4054 autem
2150 3989 2270 4054 hoc
2300 4008 2454 4056 casu
2498 3990 2639 4074 (pro
2668 4002 2786 4071 quo

578 4106 859 4190 theologi
902 4114 1061 4171 tunc
1105 4105 1420 4190 temporis
1472 4105 1688 4171 adhuc
1724 4103 2166 4189 disputabant,
2213 4123 2366 4169 num
2414 4108 2787 4171 tenerentur

578 4222 844 4305 parochi
888 4220 973 4285 ad
1026 4219 1448 4287 residendum
1496 4218 1974 4305 personaliter),
2015 4238 2235 4287 veram
2284 4238 2619 4287 remanere
2648 4233 2786 4281 con·

581 4337 954 4403 elusionem.
