3146 4973
574 396 707 461 74¹0
1582 408 1805 457 mona.

2699 496 2735 539 P
2795 528 2807 537 .

562 577 758 629 CAPUT
787 576 899 626 ΧΠ.
932 574 1166 637 Obligatio
1190 580 1237 623 et
1252 575 1334 636 ius
1350 577 1662 638 parochorum
1689 574 1938 625 accedendi
1961 575 2021 623 ad
2047 574 2358 623 dioecesanam
2383 569 2632 635 synodum.
2707 510 2812 620 635

563 660 757 713 CAPUT
774 660 910 709 xm.
953 659 1023 707 De
1050 658 1391 709 cohabitatione
1410 662 1604 722 parochi
1631 675 1736 710 cum
1756 660 2036 710 mulieribus
2066 691 2636 709 ..........
2707 656 2811 705 606

626 743 654 811 g
682 746 721 793 1.
753 743 941 792 Variam
972 744 1116 791 variis
1139 744 1429 806 temporibus
1456 743 1605 794 fuisse
1630 745 1743 793 olim
1766 746 1856 793 hac
1873 743 1932 793 dc
1959 758 2010 793 rc
2032 742 2332 805 disciplinam
2375 777 2389 791 .
2439 779 2453 792 .
2510 777 2524 790 .
2577 772 2592 789 .
2624 779 2635 790 .
2707 741 2808 790 607

594 860 601 869 -
624 829 735 894 §¹¹-
766 827 1114 878 Determinatur
1130 826 1410 877 hodiernum
1424 829 1505 891 jus
1526 842 1772 879 commuue
1796 829 1924 879 circa
1946 827 2338 877 cohabitationem
2359 826 2639 875 clericorum

695 926 802 962 cum
828 911 1108 960 mulieribus
1127 943 2637 963 ........................
2708 908 2809 958 608

692 996 986 1061 Ρτοροείεἰο
1007 996 1069 1043 1·.
1087 994 1250 1051 Quoad
1270 996 1498 1058 ejusmodi
1517 996 1909 1047 cohabitationem
1927 994 2264 1045 desumendum
2280 1002 2354 1044 est
2362 992 2640 1043 hodiernum

752 1083 834 1144 jus
858 1092 1121 1141 commune,
1146 1087 1245 1129 tum
1266 1094 1319 1128 ex
1334 1080 1557 1131 decretali
1577 1080 1623 1131 Δ
1645 1080 1795 1131 nobis
1809 1080 2064 1131 Innocentii
2088 1080 2178 1141 111,
2201 1087 2302 1128 tum
2317 1092 2375 1127 ex
2401 1078 2638 1128 communi

759 1165 1004 1215 doctorum
1023 1166 1405 1228 interpretatione
1433 1197 2633 1217 ...................
2708 1164 2810 1213 608

690 1248 984 1313 Proposltio
1004 1250 1091 1299 11².
1115 1250 1296 1299 Clerico
1321 1250 1500 1299 licitum
1520 1259 1610 1312 est,
1633 1250 1910 1312 regulariter
1926 1248 2177 1312 loquendo,
2204 1248 2415 1299 hahitare
2431 1261 2540 1297 cum
2557 1246 2642 1297 foe-

757 1334 918 1393 minis,
949 1333 1039 1381 sibi
1068 1334 1114 1381 in
1142 1334 1295 1395 primo
1326 1334 1399 1383 vel
1433 1334 1638 1383 secundo
1665 1334 2087 1395 consanguinitatis
2110 1332 2258 1394 gradu
2281 1332 2550 1393 conjunctis
2576 1365 2590 1381 .
2624 1368 2635 1380 .
2709 1332 2810 1380 609

689 1416 984 1480 Ρνοροιίιίο
1011 1417 1123 1466 111⁸.
1156 1418 1275 1466 Item
1306 1419 1478 1467 clerieo
1497 1418 1627 1467 licita
1653 1425 1871 1467 censetur
1894 1418 2176 1467 cohabitatio
2203 1430 2310 1469 cum
2340 1417 2558 1465 affinibus
2587 1416 2638 1464 in

756 1501 907 1563 primo
934 1499 1102 1563 gradu,
1123 1500 1254 1551 verbi
1273 1503 1444 1563 gratia,
1468 1515 1685 1562 noverca,
1709 1516 1851 1562 nuru,
1876 1509 1923 1550 et
1948 1513 2098 1550 uxore
2113 1501 2277 1549 fratris
2295 1500 2536 1549 defuncti:
2569 1500 2638 1549 io-

756 1598 899 1646 super
917 1598 1023 1632 cum
1048 1586 1267 1634 affinibus
1287 1577 1336 1634 in
1364 1586 1568 1635 secundo
1597 1586 1767 1648 gradu,
1800 1585 1986 1648 quando
2014 1585 2290 1634 alteralteri
2325 1584 2638 1634 reverentiam

758 1668 922 1730 debet;
953 1670 1087 1719 verbi
1115 1669 1289 1731 gratia,
1318 1681 1426 1719 eum
1444 1683 1592 1719 uxore
1615 1672 1771 1732 patrui
1802 1671 1872 1719 vel
1896 1668 2113 1719 avunculi
2140 1668 2344 1718 defuncti
2373 1705 2388 1719 .
2438 1705 2450 1718 .
2506 1704 2521 1718 .
2573 1705 2587 1718 .
2622 1705 2633 1716 .
2709 1668 2812 1718 610

686 1753 985 1817 Propositc'o
1001 1754 1106 1803 Νι.
1129 1754 1326 1812 Quando
1352 1755 1554 1803 clericus
1597 1755 1724 1804 licite
1739 1756 1920 1804 habitat
1937 1768 2042 1804 cum
2064 1753 2300 1814 praedictis
2325 1754 2418 1803 sihi
2440 1753 2638 1815 coniun-

754 1839 863 1900 ctis,
886 1841 1026 1889 ctiam
1047 1840 1140 1901 ipsi
1160 1839 1271 1888 licet
1287 1839 1503 1889 habitare
1522 1853 1630 1888 cum
1645 1839 1915 1889 earumdem
1934 1839 2121 1888 ancillis
2139 1845 2188 1887 et
2203 1838 2503 1902 pedissequis
2530 1875 2542 1887 .
2575 1872 2591 1888 .
2621 1875 2634 1886 .
2709 1837 2813 1887 610

688 1921 983 1985 Ρνορωᾱίο
1009 1924 1090 1971 va,
1122 1924 1221 1972 Non
1243 1924 1554 1986 prohihentur
1571 1925 1730 1973 clerici
1760 1925 1896 1973 etiam
1917 1932 2164 1973 extraneas
2190 1923 2404 1972 immines
2419 1922 2470 1970 in
2489 1921 2644 1971 famu-

752 2007 823 2055 las
851 2007 942 2056 sibi
967 2019 1228 2070 assumere,
1259 2008 1397 2057 modo
1425 2009 1735 2070 provectioris
1756 2009 1907 2058 aetatis
1931 2009 2044 2071 sint,
2074 2010 2286 2058 honestae
2310 2007 2461 2069 famae,
2491 2013 2540 2055 et
2557 2020 2642 2056 ex-

756 2097 830 2139 tra
856 2092 1171 2154 suspicionem
1179 2126 2630 2144 .......................
2711 2092 2816 2140 610

685 2173 981 2241 propositio
1006 2176 1111 2225 vlt.
1134 2175 1359 2233 Quamvis
1386 2191 1414 2225 a
1433 2178 1582 2226 sacris
1610 2179 1867 2227 canonibus
1889 2179 2077 2227 clericis
2099 2176 2379 2227 concedatur
2400 2176 2639 2225 cohabita-

754 2260 818 2308 tio
845 2273 953 2309 cum
968 2260 1258 2323 supradictis
1274 2262 1497 2323 foeminis,
1524 2262 1573 2312 id
1597 2276 1782 2325 semper
1799 2262 2153 2326 intelligendum
2173 2269 2370 2313 osteum
2397 2260 2637 2310 limitatio-

751 2357 829 2405 ne,
858 2343 950 2392 nisi
973 2344 1099 2393 adsit
1115 2346 1375 2408 periculum
1400 2348 1472 2397 vel
1500 2348 1772 2397 scandalum
1781 2380 2622 2399 ..............
2699 2349 2800 2398 611

687 2427 981 2492 Propositio
1014 2430 1145 2479 VII&
1176 2431 1349 2496 Nequit
1391 2432 1656 2496 Episcopus
1682 2434 1953 2495 prohibere,
1983 2446 2044 2482 nc
2086 2432 2302 2482 dioeceeis
2337 2445 2433 2481 ωε
2469 2431 2629 2480 clerici

750 2529 855 2563 cum
885 2515 978 2562 ulla
1005 2516 1208 2565 ommino
1237 2517 1421 2566 soemina
1458 2519 1728 2568 cohahitent
1754 2547 2617 2567 ..............
2697 2515 2794 2562 611

685 2600 982 2663 Propocssio
1009 2604 1164 2651 Vult
1194 2601 1385 2651 Valerct
1409 2609 1563 2652 tamen
1593 2602 1816 2665 Episcopi
1843 2601 2132 2662 constitutio,
2161 2614 2254 2663 qua
2280 2600 2466 2650 clericis
2482 2600 2628 2648 colia·

752 2685 1017 2735 bitationcm
1064 2687 1334 2750 prohiberet
1377 2700 1485 2736 cum
1524 2687 1818 2750 quibuslibet
1843 2685 2064 2746 roeminis,
2093 2686 2184 2734 nisi
2227 2686 2327 2747 ipsc
2366 2685 2500 2747 prius
2543 2696 2626 2732 ea·

750 2784 852 2818 rum
884 2772 1132 2832 qualitates
1151 2773 1482 2832 examinasset,
1513 2779 1561 2819 ct
1582 2773 1748 2821 abesse
1765 2771 2026 2833 periculum
2046 2778 2210 2833 atques
2224 2769 2470 2818 candalum
2492 2781 2623 2816 com-

750 2855 952 2918 perisset
974 2880 2620 2906 ..........................
2695 2855 2798 2902 612

552 2938 747 2988 CAPUT
764 2941 894 2991 xw.
927 2940 1141 2990 Officium
1162 2941 1358 3002 parochi
1381 2939 1535 3002 quoad
1566 2941 1868 3002 temporalem
1891 2941 2124 3002 parochiae
2153 2938 2620 2990 administrationem.
2693 2941 2797 2987 613

616 3023 643 3091 ἦ
680 3027 719 3074 1.
768 3028 1001 3075 Bonorum
1032 3026 1461 3076 ecclesiasticorum
1513 3024 1858 3074 administratio
1897 3026 2136 3075 saecularis
2160 3026 2407 3087 potestatis
2427 3023 2623 3086 jurisdi-

681 3107 903 3158 cdictioni
930 3109 1198 3158 nullatenus
1226 3107 1441 3169 subjacet
1480 3138 2615 3160 ..................
2689 3112 2794 3159 613

606 3189 637 3257 1
658 3192 720 3241 11.
753 3191 994 3249 Quodnam
1024 3193 1104 3251 sit,
1125 3205 1179 3239 ex
1201 3190 1311 3253 jure
1332 3191 1672 3251 ecclesiastico,
1693 3191 1886 3254 parochi
1909 3193 1989 3254 jus
2017 3200 2065 3241 ct
2080 3193 2301 3254 officium,
2326 3192 2478 3256 quoad
2501 3201 2620 3242 tem·

676 3279 884 3339 poralem
903 3276 1134 3340 parochioe
1153 3289 1248 3324 suae
1268 3275 1718 3326 administrationem
1746 3311 2605 3329 ..............
2683 3279 2791 3327 615

609 3361 635 3424 5
663 3361 751 3409 111.
771 3361 843 3410 An
867 3368 914 3409 et
939 3359 1173 3423 quomodo
1210 3360 1345 3408 laicis
1385 3361 1519 3420 viris,
1558 3362 1637 3423 qui
1663 3362 1968 3412 matricularii
1988 3363 2338 3424 (marguiltiers)
2362 3362 2513 3412 aliove
2529 3376 2616 3411 uo·

679 3445 803 3492 mine
839 3451 1185 3508 nuncupantur,
1219 3445 1487 3507 temporalis
1521 3446 1755 3506 parochiae
1780 3444 2121 3494 administratio
2149 3446 2354 3508 legitime
2387 3447 2616 3496 committi

646 3530 799 3591 possit
829 3563 2613 3584 ...........................
2685 3533 2790 3580 617

541 3613 737 3664 CAPUT
759 3614 862 3664 XV.
896 3612 1139 3671 Quomodo
1172 3612 1312 3663 hodie
1338 3614 1387 3661 in
1434 3613 1586 3662 Gallia
1612 3615 1850 3674 reguletm·
1877 3616 2146 3677 temporalis
2169 3618 2494 3679 parochiarum
2529 3615 2615 3666 ad-

611 3699 911 3758 ministratio,
942 3707 987 3746 et
1014 3711 1223 3760 quaenam
1249 3700 1297 3746 in
1320 3711 1375 3746 ca
1410 3698 1506 3746 sint
1530 3699 1723 3758 parochi
1750 3707 1907 3760 partes
1950 3735 2609 3751 ...........
2683 3700 2792 3750 619

604 3782 632 3849 ἦ
661 3783 698 3831 1.
731 3784 975 3831 Decretum
1014 3783 1296 3843 Napolconis
1324 3781 1417 3830 diei
1444 3783 1510 3830 30
1535 3780 1797 3831 decembris
1820 3782 1986 3831 1809.
2084 3820 2100 3834 .
2150 3820 2164 3834 .
2347 3819 2363 3832 .
2415 3821 2429 3833 .
2481 3820 2499 3835 .
2551 3817 2565 3831 .
2597 3823 2608 3832 .
2684 3786 2792 3834 619

609 3869 634 3931 5
659 3867 721 3916 11.
747 3868 996 3915 Decretum
1016 3867 1145 3928 regis
1167 3863 1321 3917 Caroli
1352 3868 1395 3916 X
1419 3866 1517 3916 diei
1539 3869 1604 3915 12
1617 3866 1823 3929 januarii
1852 3868 2002 3928 1825,
2028 3868 2182 3930 quoad
2209 3867 2568 3918 fabricas..
2601 3908 2611 3917 .
2683 3871 2794 3919 8:56

606 3953 741 4014 5111.
765 3952 1012 4000 Decretum
1048 3951 1328 4013 Napoleonis
1356 3951 1449 4000 diei
1478 3953 1579 4000 12
1560 3953 1680 4013 Junii
1718 3951 1868 4013 1804,
1899 3953 2050 4016 quoad
2080 3952 2243 4002 funera
2284 3988 2299 4003 .
2351 3989 2366 4004 .
2417 3973 2431 4003 a
2483 3990 2500 4003 .
2552 3989 2566 4002 .
2599 3989 2612 4002 .
2681 3953 2794 4002 638

604 4033 735 4100 fllv.
768 4038 1015 4086 Decretum
1042 4037 1321 4099 Napoleonis
1350 4036 1444 4087 diei
1480 4037 1543 4086 18
1575 4039 1684 4087 maii
1715 4037 1866 4100 1806,
1890 4038 2042 4103 quoad
2071 4038 2252 4088 funera.
2280 4073 2296 4087 .
2347 4072 2363 4087 .
2414 4074 2428 4088 .
2481 4074 2496 4088 .
2550 4072 2564 4086 .
2596 4075 2608 4085 .
2680 4039 2783 4087 641

606 4121 631 4183 5
659 4121 715 4168 V.
744 4122 991 4169 Decretum
1018 4121 1300 4182 Napoleenis
1327 4128 1542 4172 statuens
1570 4123 1629 4171 ad
1667 4137 1892 4187 quosnam
1922 4126 2184 4187 pertineant
2207 4122 2328 4173 cerei
2354 4123 2402 4172 in
2431 4122 2610 4172 funeri·

672 4206 761 4252 bus
800 4203 998 4253 adhibiti
1029 4232 2606 4258 .........................
2679 4209 2791 4257 643

540 4286 955 4340 ΔΡΡΕΝΙΠΧ.
993 4287 1047 4337 1.
1085 4290 1154 4338 De
1183 4291 1370 4337 vicariis
1405 4291 1754 4352 parochialibus
1772 4331 1785 4353 ,
1807 4306 1985 4344 necnon
2022 4293 2081 4341 de
2117 4292 2403 4356 cappellanis
2437 4293 2616 4343 monin-

604 4373 740 4434 lium,
770 4373 1165 4423 xenodochiorum
1196 4381 1243 4422 et
1263 4373 1463 4428 militum
1494 4408 2607 4429 ..................
2677 4377 2793 4426 645

540 4455 737 4512 cum
763 4456 803 4505 1.
842 4456 910 4505 De
937 4457 1125 4506 vicariis
1144 4457 1494 4520 parochialibus
1498 4493 2604 4518 ..................
2673 4441 2794 4518 645
