3146 4973
539 361 665 425 708
1536 378 1758 428 nmax.

2241 517 2252 528 .
2670 481 2704 523 P
2771 511 2782 522 .

670 546 963 610 propositio
993 549 1095 597 ΙΨ.
1133 549 1300 607 Quoad
1318 550 1576 598 absentiam
1599 551 1724 598 ultra
1744 550 1938 599 biduum
1959 558 2006 600 et
2029 553 2147 600 citra
2165 553 2529 614 hebdomadam,
2553 569 2610 604 an
2706 493 2764 535 ιε

736 630 794 678 dc
816 633 1183 692 jure-communi
1207 634 1474 683 necessaria
1501 635 1565 682 sit
1587 635 1807 697 Episcopi
1830 636 2035 696 licentia,
2063 637 2251 685 videtur
2266 639 2394 687 licite
2422 646 2603 688 coutro-

736 717 853 764 verti
877 728 1016 777 posse
1022 750 2603 773 .........................
2678 727 2780 774 553

672 800 968 863 propositio
996 803 1077 851 Vt.
1119 803 1281 860 Quoad
1307 803 1567 852 absentiam
1595 803 1747 864 bidui,
1773 804 1845 852 vel
1880 804 2023 853 biduo
2056 806 2340 867 breviorem,
2372 821 2463 857 non
2490 808 2621 858 vide-

734 893 812 933 tur
835 885 894 933 de
917 886 1025 946 ⁸iure
1051 888 1287 935 communi
1316 889 1587 936 necessaria
1609 889 1799 936 licentia
1826 890 2047 951 Episcopi
2077 925 2609 944 .........
2680 896 2783 942 554

673 968 970 1031 propositio
999 972 1106 1019 VD.
1143 973 1334 1021 Certum
1360 981 1432 1019 est
1449 986 1589 1034 posse
1609 974 1893 1034 Episcopum
1912 974 2184 1035 prohibere,
2205 988 2264 1024 ne
2280 976 2401 1023 ultra
2420 975 2617 1025 biduum

732 1054 890 1102 absint
914 1056 1129 1116 parochi,
1157 1056 1335 1118 absque
1358 1057 1546 1104 licentia
1573 1058 1707 1118 prius
1733 1057 1923 1104 obtenta
1950 1094 2612 1111 ...........
2684 1065 2790 1138 ἓὸἴ»

669 1138 966 1200 propositio
991 1141 1120 1188 vlit.
1151 1143 1297 1188 Debet
1323 1142 1558 1202 Episcopo
1584 1141 1812 1189 declarari
1842 1155 2012 1190 causa:
2040 1156 2127 1190 nce
2154 1144 2322 1192 sufficit
2352 1144 2443 1205 ipsi
2466 1144 2625 1193 dicere

735 1237 924 1271 causam
951 1239 1055 1272 esse
1082 1239 1289 1286 gravem,
1316 1233 1363 1273 et
1388 1228 1477 1275 hoc
1503 1227 1769 1286 juramento
1799 1226 1987 1275 firmare
2014 1262 2612 1280 ..........
2689 1231 2793 1278 556

670 1305 964 1371 Propomio
999 1311 1152 1358 vmt.
1199 1312 1306 1359 Sive
1341 1311 1400 1358 ad
1428 1311 1687 1358 absentiam
1716 1311 1917 1359 duorum
1946 1311 2195 1365 mensium,
2220 1313 2317 1362 sive
2347 1313 2405 1362 ad
2432 1315 2618 1375 longio-

733 1406 851 1453 rem,
884 1395 923 1441 si
952 1396 1208 1442 necessitas
1233 1396 1300 1443 ita
1336 1402 1517 1455 urgeat,
1552 1402 1606 1442 ut
1634 1409 1727 1442 non
1766 1396 1975 1456 patiatur
2011 1409 2211 1456 moram,
2239 1398 2390 1445 omitti
2429 1397 2618 1459 quidem

736 1478 921 1526 licentia
940 1481 1136 1540 poterit;
1163 1480 1244 1527 sed
1276 1480 1462 1527 debebit
1490 1482 1833 1541 quamprimum
1868 1481 2042 1528 certior
2066 1482 2327 1543 Episcopus
2351 1482 2453 1530 fieri
2482 1519 2493 1531 .
2548 1516 2563 1529 .
2600 1521 2608 1529 .
2686 1481 2795 1530 556

683 1562 979 1625 Propositio
1016 1565 1125 1613 no.
1157 1563 1332 1612 Praeter
1363 1578 1550 1612 causam
1578 1565 1853 1626 legitimam,
1884 1574 1929 1613 et
1958 1566 2183 1628 scriptam
2221 1567 2438 1628 Episcopi
2473 1567 2623 1614 licen·

735 1647 866 1707 tiam,
897 1646 955 1696 de
990 1649 1162 1711 quibus
1191 1662 1354 1709 supra,
1375 1650 1633 1710 requiritur
1662 1657 1713 1697 ut
1737 1649 1933 1697 idoneus
1963 1651 2279 1698 substituatur
2306 1650 2533 1709 vicarius,
2563 1651 2623 1697 ab

737 1733 970 1794 Episcopo
1006 1735 1321 1796 approbatus,
1354 1748 1458 1781 cum
1494 1733 1711 1781 mercede
1739 1747 1945 1796 congrua
1976 1768 2613 1783 ...........
2686 1735 2790 1780 557

607 1813 740 1880 gvi.
771 1817 981 1873 Qualiter
1007 1816 1243 1865 residendi
1264 1818 1336 1866 lex
1367 1818 1669 1879 intelligenda
1707 1819 1767 1866 sit
1795 1817 1947 1881 quoad
1978 1818 2187 1866 modum.
2220 1852 2232 1866 .
2287 1855 2300 1868 .
2353 1854 2368 1869 .
2417 1856 2431 1868 .
2487 1852 2500 1865 .
2554 1853 2568 1866 .
2603 1855 2614 1866 .
2692 1818 2796 1865 558

674 1902 972 1964 Propoeiuo
1008 1904 1071 1950 1⁸.
1103 1904 1195 1950 Lex
1216 1902 1453 1950 residendi
1476 1903 1779 1963 intelligenda
1804 1910 1877 1950 est
1901 1903 1960 1950 de
1985 1903 2261 1963 residentia,
2284 1916 2376 1951 uon
2400 1903 2631 1950 materiali

740 1986 999 2046 dumtaxat,
1027 1984 1109 2033 sed
1149 1986 1351 2046 formali,
1383 1986 1431 2034 id
1471 1995 1561 2046 est,
1590 1987 1847 2047 laboriosa,
1875 2001 1970 2034 non
2000 1988 2185 2036 otiosa.
2220 2024 2231 2036 .
2286 2025 2299 2037 .
2354 2023 2366 2036 .
2418 2023 2430 2036 .
2486 2023 2500 2035 .
2552 2020 2564 2033 .
2602 2024 2611 2033 .
2690 1987 2797 2034 558

680 2068 976 2132 Propositio
1006 2072 1091 2118 11¹.
1121 2071 1414 2119 Sufficienter
1437 2071 1647 2119 formatis
1674 2086 1755 2118 seu
1784 2071 2019 2119 laboriosa
2039 2070 2273 2119 censenda
2292 2079 2361 2119 cst
2382 2070 2634 2119 residentia

742 2156 958 2218 parochi,
989 2157 1028 2203 si
1057 2155 1396 2217 parochialium
1424 2157 1692 2203 muniorum
1714 2163 1894 2216 partem
1925 2156 2178 2204 notabilem
2203 2170 2288 2217 per
2313 2157 2519 2217 seipsum
2542 2169 2627 2203 ex-

744 2242 898 2303 pleat;
925 2241 1138 2301 quamvis
1167 2242 1314 2288 multa
1342 2241 1532 2288 vicariis
1559 2241 1857 2302 adjutoribus
1875 2240 2148 2304 exequenda
2176 2241 2410 2303 relinquat
2433 2278 2442 2287 .
2479 2277 2489 2287 .
2541 2276 2555 2288 .
2607 2278 2615 2286 .
2698 2238 2807 2287 558

611 2324 767 2387 5v11.
798 2325 1041 2381 Quomodo
1070 2325 1308 2373 residendi
1332 2326 1404 2373 lex
1425 2325 1727 2386 intelligenda
1751 2327 1813 2373 sit
1840 2326 1993 2388 quoad
2018 2326 2192 2374 locum.
2226 2363 2239 2376 .
2294 2360 2307 2373 .
2359 2362 2373 2376 .
2425 2361 2438 2375 .
2494 2360 2508 2372 .
2560 2361 2572 2373 .
2609 2363 2617 2370 .
2702 2327 2809 2373 560

678 2407 974 2469 propositio
1002 2410 1063 2458 1⁸.
1096 2401 1182 2456 Est
1204 2410 1367 2469 regula
1398 2409 1650 2469 generalia,
1684 2409 1829 2456 teneri
1858 2410 2115 2469 parochum
2144 2409 2357 2457 babitare
2384 2410 2508 2458 intra
2535 2423 2628 2469 pa-

750 2494 924 2541 rochiae
951 2493 1127 2542 limites
1156 2528 2629 2548 .......................
2708 2498 2815 2546 560

688 2576 984 2641 propositio
1022 2580 1110 2627 11⁸.
1141 2581 1229 2627 Est
1261 2579 1437 2641 pariter
1466 2579 1629 2640 regula
1660 2579 1892 2640 generalis
1910 2578 2082 2627 debere
2104 2580 2363 2640 parochum
2394 2580 2560 2643 degere
2584 2583 2636 2629 iu

751 2663 1008 2724 parochiali
1037 2663 1194 2721 domo,
1218 2664 1259 2710 si
1281 2662 1408 2710 adsit
1443 2701 1453 2711 .
1555 2688 2628 2715 .................
2709 2668 2815 2715 560

687 2749 979 2814 Propositio
1016 2754 1126 2802 1110.
1161 2755 1296 2802 Iusta
1331 2755 1666 2803 interveniente
1695 2768 1854 2814 causa,
1886 2761 2039 2816 potest
2062 2755 2297 2815 parochus
2326 2751 2461 2809 alibi,
2493 2763 2635 2812 quam

753 2837 798 2883 in
828 2838 1082 2896 parochiali
1112 2837 1269 2894 domo,
1300 2838 1425 2886 iutra
1454 2837 1570 2886 lines
1600 2839 1839 2900 parochiae
1867 2837 2036 2899 degere
2062 2870 2634 2889 ..........
2711 2837 2810 2883 56¹

689 2919 980 2981 Propost'lio
1016 2922 1119 2970 ΝΒ.
1154 2922 1304 2969 Etiam
1333 2931 1387 2970 ut
1417 2931 1548 2970 extra
1577 2923 1815 2983 parochiae
1846 2923 2017 2970 limites
2052 2923 2232 2970 habitet
2261 2922 2492 2983 paroc-hus
2524 2934 2637 2981 per·

758 3006 878 3052 mitti
905 3012 1078 3067 potest,
1095 3008 1221 3067 justa
1244 3006 1302 3055 de
1331 3020 1499 3068 causa3
1532 3008 1582 3055 in
1607 3008 1709 3055 loco
1732 3015 1884 3055 tamen
1905 3006 1971 3054 ita
1999 3007 2171 3065 vicino,
2203 3014 2255 3053 ut
2273 3003 2471 3053 officium
2500 3017 2640 3051 suuni

757 3098 879 3138 recte
906 3090 1160 3152 adimplere
1191 3098 1331 3153 queat
1357 3124 2626 3141 ....................
2707 3090 2803 3135 361

697 3174 989 3236 Propositio
1023 3176 1107 3227 Ὑί.
1137 3175 1331 3233 Quando
1358 3178 1583 3238 parochia
1605 3176 1748 3224 distat
1769 3192 1795 3224 a
1816 3176 2002 3223 civitate
2027 3175 2212 3223 duobus
2242 3186 2464 3237 passuum
2488 3172 2635 3220 milli-

765 3259 854 3305 bus
880 3264 959 3306 aut
997 3259 1217 3322 amplius,
1246 3274 1336 3308 nou
1366 3261 1474 3309 licet
1510 3264 1716 3322 parocho
1748 3261 1793 3308 in
1824 3261 2009 3308 civitate
2038 3259 2123 3307 diu
2153 3267 2382 3321 noctuque
2415 3258 2643 3319 (exceptis

763 3343 931 3392 diebus
975 3344 1127 3405 sestis)
1155 3344 1453 3403 commorari,
1485 3347 1624 3393 etiam
1668 3345 1832 3393 relicto
1872 3345 1920 3392 in
1957 3343 2180 3406 parochia
2218 3343 2497 3390 substituto:
2526 3342 2637 3389 item

767 3441 856 3475 non
886 3427 926 3475 ei
957 3429 1064 3475 licet
1101 3437 1327 3476 nocturno
1355 3428 1597 3477 dumtaxat
1624 3436 1830 3489 tempore
1860 3430 1907 3476 in
1936 3427 2159 3488 parochia
2180 3426 2412 3484 habitare,
2443 3433 2487 3473 et
2516 3424 2644 3473 dicta

773 3511 918 3559 missa
946 3525 1128 3560 summo
1150 3526 1286 3561 mane
1313 3513 1371 3560 ad
1400 3515 1632 3562 civitatem
1661 3512 1833 3567 redire,
1865 3513 2023 3575 sicque
2047 3525 2132 3574 per
2156 3512 2377 3572 majorem
2405 3510 2513 3557 anui
2537 3521 2645 3571 par·

771 3603 860 3645 tem
892 3594 936 3644 in
966 3598 1150 3645 civitate
1177 3598 1397 3647 diuturno
1425 3606 1633 3660 tempore
1662 3598 1858 3660 degere;
1887 3606 1931 3646 et
1959 3610 2043 3645 uec
2073 3597 2171 3645 vice
2198 3609 2346 3644 versa.
2379 3631 2394 3646 .
2446 3632 2459 3643 .
2514 3631 2527 3644 .
2580 3630 2592 3643 .
2630 3633 2639 3640 .
2719 3592 2822 3641 362

703 3681 992 3743 Propositio
1027 3682 1131 3730 VD.
1165 3682 1360 3740 Quando
1397 3684 1634 3745 parochus
1663 3683 1840 3744 absque
1869 3681 2077 3742 legitima
2105 3694 2247 3728 causa
2282 3678 2471 3727 domum
2500 3690 2643 3740 paro-

767 3766 963 3814 chialem
997 3780 1088 3814 non
1119 3768 1329 3827 incoluit,
1362 3767 1444 3815 sed
1488 3768 1627 3815 aliam
1665 3768 1789 3815 iutra
1816 3766 1932 3813 lines
1961 3766 2196 3827 parochia!
2225 3778 2341 3823 sum,
2374 3764 2461 3811 etsi
2485 3770 2645 3810 contra

769 3862 1050 3914 praeceptum
1070 3853 1333 3901 residentiae
1351 3855 1631 3914 peccaverit,
1659 3865 1751 3899 non
1782 3860 1931 3899 tamen
1958 3857 2137 3897 tenetur
2160 3847 2218 3896 ad
2243 3849 2478 3895 fructuum
2504 3847 2647 3894 resti-

770 3937 992 3985 tutionem
1018 3955 1029 3985 :
1063 3947 1199 4000 utque
1225 3937 1347 3985 idem
1378 3936 1625 3985 dicendum
1658 3937 1698 3983 si
1736 3935 2016 3984 habitaverit
2036 3941 2170 3983 extra
2189 3934 2422 3994 parochiae
2449 3931 2642 3980 limites.
2721 3934 2825 3979 562

636 4021 660 4088 ξ
690 4023 816 4070 vin,
848 4023 914 4071 Dc
939 4026 1093 4085 poenis
1117 4032 1161 4071 et
1190 4023 1327 4071 modo
1354 4023 1636 4085 procedendi
1666 4030 1827 4069 contra
1848 4022 2078 4081 parochos
2108 4031 2198 4066 uon
2230 4016 2486 4065 residentes
2517 4055 2525 4063 .
2583 4054 2596 4065 .
2632 4055 2639 4063 .
2721 4016 2827 4064 565

705 4108 922 4165 Quzrstio
950 4111 1020 4156 μ.
1053 4108 1277 4164 Quisnam
1306 4109 1446 4156 fuerit
1464 4115 1569 4155 ante
1598 4107 1922 4156 Tridentiuam
1949 4102 2178 4166 synodum
2204 4101 2454 4150 canonicus
2481 4114 2651 4163 procc-

765 4190 903 4239 dendi
931 4192 1100 4240 modus
1135 4200 1296 4241 contra
1324 4194 1519 4241 clericos
1545 4206 1638 4240 non
1674 4191 1969 4240 residentes?
2004 4228 2013 4237 .
2048 4225 2062 4238 .
2116 4225 2127 4237 .
2181 4223 2193 4235 .
2246 4220 2258 4234 .
2315 4224 2328 4237 .
2383 4222 2396 4236 .
2447 4220 2459 4235 .
2634 4223 2643 4233 .
2723 4187 2825 4232 53⁴

709 4278 924 4334 Quaestio
958 4278 1032 4326 2⁸.
1060 4278 1305 4337 Quisnam,
1327 4286 1434 4338 post
1467 4277 1714 4325 concilium
1743 4275 2085 4334 Tridentinum‚
2118 4273 2179 4320 sit
2203 4271 2373 4320 modus
2394 4270 2649 4318 canonicus

769 4360 1051 4423 procedendi
1083 4369 1245 4409 contra
1271 4362 1489 4409 absentes
1522 4362 1770 4419 canonicos
1808 4357 2144 4407 cathedralium
2180 4357 2253 4404 vel
2296 4355 2648 4416 collegiatarum

767 4448 958 4496 ecclesia
966 4461 1068 4496 rum
1083 4450 1103 4495 ἲ
1127 4472 2641 4496 ........................

2720 4439 2828 4485 566
