3146 4973
605 396 743 461 666.
1287 413 1371 460 ra
1380 411 1674 463 Aci-arus
1715 415 1804 461 m:
1849 414 2175 465 ranocno.

605 539 903 603 viaticum
950 545 1007 600 et
1059 544 1794 618 extremam-unctionem,
1826 548 1886 603 et
1939 544 2237 607 tumulare
2258 545 2287 604 Ρ
2313 576 2401 589 -
2446 564 2478 603 α
2507 544 2540 607 J
2547 561 2622 608 ns
2656 560 2835 625 paro-

613 675 645 710 «
688 650 895 721 chiale
953 652 1247 727 consistit
1296 652 1363 719 in
1416 661 1642 718 mutua
1690 662 1759 719 et
1813 655 2148 738 reciproca
2199 656 2587 723 necessitate
2646 676 2836 739 super

610 788 643 829 «
686 764 1269 843 administratione,
1313 786 1390 832 ac
1427 769 1795 851 respective
1838 771 2216 853 receptione
2252 778 2832 853 sacramentorum

609 904 642 945 α
675 881 852 966 quod
891 883 1137 949 scilicet
1178 882 1499 966 parochus
1550 884 1847 967 quamvis
1889 886 2132 951 invitus
2178 893 2486 951 teneatur
2534 885 2838 951 subm‘mi-

605 1019 638 1059 «
683 1006 892 1065 strare
923 1004 1324 1071 sacramenta
1352 1007 1423 1065 et
1454 998 1688 1065 funera
1717 1000 2139 1086 parochianis3
2175 1003 2307 1087 qui,
2336 1002 2496 1066 licet
2522 1001 2734 1078 inviti,
2761 1000 2840 1067 ah

607 1135 639 1173 (ι
685 1132 766 1180 eo
825 1114 1122 1198 recipere
1173 1121 1592 1181 teneantur.»
1645 1113 2023 1199 (cardinalis
2063 1114 2150 1182 de
2180 1118 2374 1193 Luca,
2409 1119 2485 1181 cle
2521 1117 2832 1195 Par-ochis,

601 1225 900 1297 discursu
929 1231 1037 1306 23,
1074 1248 1139 1292 n.
1186 1225 1279 1311 8.)
1315 1227 1733 1297 consuentes
1788 1235 2008 1295 antem
2061 1249 2144 1294 ex
2192 1230 2385 1295 variis
2413 1230 2734 1313 parochiis
2762 1231 2842 1297 ad

600 1342 867 1428 aliquod
904 1343 1246 1428 hospitale,
1300 1364 1382 1413 ex
1419 1345 1539 1413 hac
1589 1345 1975 1413 accidentali
2018 1354 2089 1412 et
2137 1347 2514 1413 transitoria
2534 1346 2842 1414 domicilii

599 1463 957 1529 mutatione
999 1480 1127 1531 non
1164 1469 1421 1533 cessant
1457 1480 1600 1527 esse
1631 1464 1764 1529 suis
1793 1464 2168 1546 respective
2205 1463 2505 1546 parochis
2552 1462 2837 1546 subditi3

600 1583 799 1658 prout
845 1576 1043 1641 citato
1075 1574 1221 1641 loco
1248 1576 1339 1641 sic
1386 1575 1657 1643 adnotat
1695 1574 2001 1645 laudatus
2036 1575 2122 1642 de
2150 1580 2319 1645 Luca
2376 1600 2390 1643 :
2433 1601 2464 1637 «
2503 1579 2843 1645 Cansativa

604 1711 635 1746 α
680 1706 798 1751 seu
832 1685 1251 1753 accidentalis
1277 1690 1549 1755 mutatio
1579 1687 1904 1767 domicilii,
1947 1687 2192 1772 absque
2225 1690 2440 1755 animo
2487 1687 2842 1757 deserendi

603 1826 635 1865 «
670 1805 950 1888 primum
983 1810 1050 1871 et
1084 1803 1461 1888 acquirendi
1496 1803 1879 1883 secundnm,
1917 1824 2048 1870 non
2083 1804 2241 1873 facit
2295 1824 2546 1873 cessare
2573 1804 2844 1890 jurisdi-

603 1943 633 1979 α
673 1921 955 1985 ctionem
996 1921 1243 2003 proprii
1298 1920 1587 2003 parochi,
1647 1938 1863 2005 neque
1913 1921 2086 1987 iliam
2134 1919 2385 1985 inducit
2438 1922 2504 1984 in
2534 1940 2644 1997 eo,
2679 1923 2846 1986 intra

600 2058 634 2095 α
670 2035 855 2120 cujus
879 2035 1198 2118 parochiae
1223 2036 1464 2101 limites
1481 2034 1852 2119 hujusmodi
1873 2034 2278 2102 accidentale
2295 2056 2412 2105 seu
2438 2038 2842 2103 causativum

601 2173 633 2210 «
675 2149 1068 2219 domicilium
1107 2150 1446 2219 habeatur.
1473 2174 1503 2211 »
1540 2152 1725 2229 Hinc,
1753 2153 1806 2217 si
1830 2151 1939 2236 jus
1959 2151 2393 2237 parochorum
2423 2162 2846 2236 permaneret

597 2266 815 2354 quoad
850 2267 1143 2335 infirmos
1165 2268 1232 2333 in
1263 2268 1562 2352 hospitali
1592 2267 1930 2352 degenteS,
1968 2288 2089 2351 pro
2121 2268 2688 2337 administratione
2723 2270 2846 2334 via·

595 2384 705 2449 tici
761 2391 832 2449 et
889 2384 1587 2460 extremae-unctionis,
1626 2401 1880 2451 necnon
1936 2403 2056 2467 pro
2110 2382 2510 2453 celebrando
2561 2384 2837 2459 funere,

596 2499 874 2566 vocandi
917 2500 1138 2566 forent
1164 2519 1287 2583 pro
1308 2501 1576 2584 singulis
1603 2499 1874 2566 infirmis
1899 2502 2251 2585 respectivi
2280 2518 2504 2568 eorum
2545 2502 2837 2583 parochi.

596 2614 675 2682 Id
702 2624 925 2682 antem
946 2635 1077 2682 non
1106 2625 1363 2684 tantum
1397 2634 1702 2699 magnam
1726 2615 2171 2683 confusionem
2191 2615 2559 2694 induceret,
2589 2616 2719 2684 sed
2749 2619 2842 2682 iu·

593 2748 795 2815 snper
815 2733 883 2796 in
911 2731 1377 2798 detrimentum
1393 2735 1754 2802 animarum
1779 2730 2080 2813 cederet;
2111 2730 2430 2816 siquidem
2453 2732 2843 2817 frequenter

594 2846 909 2930 contingit
946 2865 1027 2912 ex
1075 2846 1425 2931 improviso
1478 2854 1549 2912 et
1584 2844 1670 2912 de
1719 2854 1912 2912 nocte
1962 2845 2383 2914 ministranda
2431 2866 2572 2914 esse
2623 2866 2840 2914 sacra·

593 2968 834 3039 menta,
854 2968 925 3027 et
954 2960 1359 3028 moribundis
1385 2960 1839 3030 assistendum.
1866 2963 2275 3028 Gravissimis
2305 2982 2463 3046 ergo
2485 2962 2569 3030 de
2593 2966 2832 3038 causis.

591 3085 662 3142 et
708 3097 793 3143 ex
838 3076 1117 3163 quadam
1168 3078 1372 3143 veluti
1416 3078 1801 3143 necessitate
1845 3076 2187 3146 inductum
2235 3085 2368 3154 est,
2399 3087 2475 3144 nt
2515 3080 2834 3166 pleraque

592 3193 931 3278 hospitalia
985 3215 1025 3259 a
1079 3194 1255 3260 dicta
1304 3194 1731 3278 parochorum
1765 3193 2214 3278 jurisdictione
2246 3196 2724 3280 eximerentur3
2767 3205 2834 3262 et

589 3312 1028 3394 cappellam&
1073 3311 1291 3396 quoad
1344 3311 1658 3388 infirmos,
1710 3316 2112 3394 caeterosque
2170 3311 2326 3395 ipsis
2373 3313 2825 3386 inservientes,

589 3429 891 3512 proprius
925 3428 1128 3494 veluti
1158 3428 1478 3512 parochus
1515 3424 2048 3494 constitueretur.
2079 3428 2214 3493 Nec
2252 3430 2560 3511 conqueri
2597 3431 2830 3494 merito

590 3552 896 3627 possunt,
936 3545 1071 3609 sive
1111 3544 1431 3628 parochus
1473 3545 1647 3609 intra
1698 3543 1885 3627 cujus
1922 3544 2328 3610 territorium
2365 3552 2581 3610 exstat
2621 3545 2832 3629 bospi-

585 3659 740 3735 tale,
778 3659 914 3722 sive
970 3659 1114 3743 alii;
1158 3659 1329 3743 quia,
1365 3659 1522 3724 licet
1568 3658 1691 3723 hoc
1730 3657 1926 3724 modo
1961 3659 2254 3724 nonnulli
2284 3678 2513 3725 eorum
2547 3659 2826 3745 subjecti

593 3773 736 3860 (pro
782 3793 862 3839 eo
904 3766 1200 3857 tempore
1253 3793 1383 3859 quo
1435 3778 1500 3839 in
1544 3774 1854 3858 hospitali
1883 3772 2156 3857 degunt)
2196 3774 2279 3839 ab
2317 3776 2604 3858 ipsorum
2632 3775 2828 3860 juris-

588 3889 868 3957 dictione
919 3889 1392 3967 subducantur,
1443 3890 1725 3955 vicissim
1783 3890 1904 3973 ipsi
1952 3890 2137 3972 gravi
2193 3889 2393 3954 onere
2448 3892 2828 3957 eximuntur

588 4005 834 4071 eisdem
886 4014 1287 4071 sacramenta
1352 4004 1792 4084 ministrandi,
1845 4012 1913 4070 et
1961 4008 2028 4070 in
2072 4014 2378 4071 extremo
2416 4006 2823 4070 versantibus

587 4122 968 4199 assistendi,
1035 4142 1284 4188 necnon
1354 4123 1703 4187 defunctos
1767 4120 2119 4204 sepulturas
2181 4119 2559 4185 mandandi.
2629 4121 2822 4202 Quod

588 4238 821 4303 eximie
864 4233 1254 4302 sicadnotat
1298 4235 1517 4320 (citato
1560 4235 1858 4300 discursu
1887 4240 1963 4299 de
1991 4237 2307 4306 Par-ochis,
2346 4255 2408 4298 n.
2455 4232 2556 4316 11)
2598 4234 2820 4300 Cardi-

588 4354 750 4424 nalis
781 4352 865 4424 de
890 4353 1089 4430 Luca,
1128 4352 1403 4436 loquens
1436 4350 1521 4417 do
1562 4352 1922 4434 privilegiis
1960 4350 2364 4433 Apostolicis,
2402 4367 2544 4432 quoe
2581 4349 2816 4416 hancce

590 4468 1073 4553 exemptionem
1105 4486 1141 4531 a
1169 4466 1599 4552 parochorum
1625 4464 2083 4552 jurisdictione
2135 4465 2556 4552 hospitalibus
2605 4465 2818 4532 conte-
