3146 4973
573 360 697 431 106
1244 376 1621 433 moruus
1666 380 1754 433 nn
1794 376 2125 433 rmomo.

1567 618 1784 701 5111.

565 836 849 902 Exploditur
871 845 1191 889 mmmmm
1225 837 1287 888 de
1319 836 1541 903 parochio
1568 836 1765 887 tertium·
1782 833 2059 886 hierarchia
2092 833 2322 905 divinitus
2343 832 2569 885 instituta
2586 833 2802 886 ordmcm

1511 930 1843 981 conflantibus.

653 1139 815 1204 Cum
844 1139 1155 1206 asseritur
1180 1137 1495 1224 parochos
1536 1139 1621 1207 de
1667 1139 1818 1227 jure
1851 1138 2076 1207 divino
2120 1140 2389 1205 tertium
2416 1139 2799 1207 hierarchiae

564 1252 862 1319 ordinem
899 1255 1318 1333 constituere,
1355 1255 1462 1320 vel
1495 1256 1711 1339 agitur
1737 1253 1822 1320 de
1851 1254 2215 1322 hierarchia
2258 1252 2528 1331 ordiniS,
2564 1256 2670 1320 vel
2715 1255 2803 1323 de

565 1360 925 1434 hierarchia
955 1368 1395 1454 juridictionis
1435 1368 1607 1454 (nam
1644 1368 1729 1435 de
1782 1368 2147 1436 hierarchia
2194 1370 2551 1453 improprie
2581 1369 2798 1456 dicta;

565 1502 684 1549 seu
715 1483 880 1548 meri
913 1482 1175 1549 honoris
1200 1491 1270 1549 et
1301 1482 1775 1568 praecedentiae,
1810 1505 1941 1550 non
1968 1493 2068 1551 est
2097 1484 2201 1549 hic
2232 1485 2527 1571 quaestio,
2558 1505 2682 1550 nec
2714 1484 2802 1550 de

565 1617 643 1663 ea
673 1605 908 1663 curant
939 1598 1354 1684 parochistae)
1390 1621 1405 1665 ε
1437 1601 1620 1686 atqui
1656 1601 1722 1664 in
1748 1606 1984 1667 neutro
2012 1618 2205 1666 sensu
2236 1601 2501 1684 parochi
2531 1600 2804 1668 tertium

566 1713 851 1778 conflant
887 1713 1266 1780 hierarchiae
1313 1712 1625 1782 divinitus
1659 1716 1969 1782 institutae
2009 1713 2303 1782 ordinem
2335 1734 2351 1778 ε

1658 1964 1714 2029 1.

565 2184 624 2236 Sc·
649 2189 844 2250 aqatur
870 2187 934 2238 de
952 2185 1250 2238 hierarchia
1277 2186 1508 2241 ordinis,
1527 2184 1819 2237 absurdum
1842 2192 1914 2238 est
1935 2186 2277 2251 paraenesin
2297 2185 2454 2237 tortio
2481 2184 2806 2237 hierarchice

1437 2276 1616 2344 arada
1653 2280 1924 2331 collocare.

653 2474 1051 2542 Phorosmo
1078 2473 1160 2539 1¹.
1181 2499 1272 2521 -·-
1294 2474 1540 2537 Falsum
1587 2477 1676 2536 est
1733 2471 2064 2554 parochmn
2108 2478 2167 2536 ot
2208 2472 2629 2554 presbyterum
2680 2489 2806 2536 esse

564 2594 713 2673 qnid
743 2605 929 2656 unum
955 2597 1014 2655 et
1031 2592 1213 2655 idem.
1237 2615 1328 2634 -·-—-
1344 2587 1490 2655 Toti
1521 2586 1791 2673 quidem
1840 2594 1992 2652 sunt
2018 2585 2397 2671 parochistae
2423 2594 2499 2652 ut
2527 2588 2805 2653 incautis

564 2705 916 2771 lectoribus
956 2703 1395 2788 persuadeant
1413 2749 1429 2780 ,
1472 2702 1721 2768 nullum
1775 2702 2130 2787 antiquitus
2173 2700 2551 2768 ordinatum
2601 2701 2803 2767 fuisse

564 2817 1023 2906 presbyterum
1042 2869 1058 2899 ,
1100 2820 1221 2885 nisi
1260 2820 1479 2905 aliquo
1527 2819 1595 2882 in
1648 2818 1793 2885 loco
1844 2818 2204 2882 animarum
2231 2834 2409 2882 curae
2441 2817 2803 2901 praeficien·

563 2934 753 3019 dum3
800 2934 977 3000 idem
1024 2932 1302 3019 proinde
1356 2934 1514 3001 olim
1589 2934 1787 2999 fuisse
1840 2931 2149 3000 ordinare
2213 2932 2679 3017 presbyterum
2723 2951 2801 2997 ac

563 3051 960 3116 constituere
998 3048 1352 3133 parochum
1378 3070 1394 3134 3
1436 3068 1520 3114 ex
1567 3047 1777 3113 abusu
1804 3053 2029 3113 autem
2054 3053 2285 3131 postea
2309 3044 2787 3123 introductum,

565 3171 641 3231 ut
675 3162 1141 3230 ordinarentur
1191 3164 1584 3248 presbyteri,
1643 3165 1757 3247 qui
1803 3179 1935 3229 non
1972 3170 2191 3229 essent
2237 3163 2429 3228 simul
2490 3160 2783 3246 parochi.

561 3284 705 3363 Quo
739 3283 1066 3366 praemisso
1094 3281 1398 3347 historico
1432 3278 1796 3357 mendacio,
1853 3279 2097 3364 ubique
2135 3278 2601 3364 presbyterum
2641 3295 2792 3343 cum

561 3398 845 3483 parocho
871 3396 1277 3464 confundere
1308 3396 1637 3474 affectant,
1672 3402 1747 3459 ut
1782 3395 1878 3461 sic
1907 3395 2137 3462 melius
2169 3397 2339 3464 viam
2379 3400 2678 3461 sternant
2705 3393 2792 3459 ad

560 3528 741 3578 suam
792 3512 879 3579 de
907 3511 1128 3579 divina
1153 3509 1589 3594 parochorum
1618 3508 2023 3576 institutione
2048 3509 2554 3577 conclusionem.
2599 3505 2794 3575 Unde

562 3641 711 3701 ante
761 3633 977 3702 omnia
1025 3631 1535 3701 subvertendam
1597 3632 1905 3699 duximus
1960 3631 2127 3697 hanc
2157 3645 2389 3697 eorum
2440 3628 2786 3705 latebram,

561 3744 1069 3815 demonstrando
1100 3746 1469 3825 essentiale,
1510 3754 1707 3830 atque
1745 3747 2004 3812 omnino
2042 3737 2519 3810 admittendum
2555 3739 2792 3806 discri-

563 3879 735 3939 men,
764 3861 1121 3946 parochum
1146 3863 1320 3927 inter
1350 3867 1422 3927 et
1448 3860 1939 3946 presbyterum.

646 3979 1150 4044 Demonstratur
1202 3982 1423 4043 autem
1460 3979 1525 4040 1⁰
1562 3996 1645 4042 ex
1691 3977 1828 4059 ipsa
1858 3974 2234 4060 presbyteri
2278 3979 2351 4040 et
2387 3965 2649 4057 parochi
2692 3988 2793 4036 es—

560 4092 789 4161 sentia.
859 4096 1021 4160 Nam
1075 4094 1201 4159 illae
1259 4090 1405 4158 duoe
1467 4110 1575 4158 res
1623 4090 2056 4157 essentialiter
2110 4091 2285 4157 inter
2330 4109 2399 4155 se
2446 4087 2782 4164 differunt,

560 4223 839 4297 quarum
884 4227 1015 4276 una
1065 4209 1429 4292 concipitur
1477 4209 1764 4273 existens
1811 4209 1967 4292 quin
2019 4206 2252 4272 existat
2298 4205 2553 4271 altera:
2589 4221 2791 4288 porro

559 4326 804 4411 optime
840 4325 1206 4410 concipitur
1233 4332 1306 4390 et
1332 4324 1618 4390 existere
1662 4329 1882 4408 potest
1909 4321 2283 4406 presbyter,
2313 4322 2471 4404 quin
2505 4321 2589 4384 sit
2627 4319 2791 4386 ullo-

560 4440 755 4510 modo
785 4441 1129 4527 parochus.
1171 4443 1424 4509 E‘tcnim
1475 4440 1831 4526 parochum
1859 4438 2056 4508 efficit
2102 4439 2226 4523 ipsi
2272 4438 2606 4503 commissa
2656 4437 2789 4500 ani-
