3146 4973
1279 407 1438 457 mas
1482 408 1750 470 Quum.
2483 393 2605 454 567

383 557 417 596 (ι
462 541 570 599 cto
597 533 812 616 capite
860 536 937 598 12
970 532 1267 600 sessionis
1304 534 1412 613 24,
1447 552 1578 600 non
1606 531 1853 598 fuerint
1876 532 2243 598 observata.
2272 532 2413 597 Imo
2442 533 2610 598 enim

384 673 417 712 α
455 651 647 715 Sacra
671 648 1100 733 Congregatio
1126 651 1380 715 censuit
1410 645 1924 733 exspectandum
1950 666 2091 714 esse
2124 647 2377 732 lapsum
2410 647 2610 715 trium

387 789 420 829 «ι
454 767 1202 852 annorum‚'priusquan1
1252 765 1338 833 ad
1366 767 1794 850 privationem
1840 766 1905 830 in
1940 773 2151 831 totum
2189 765 2609 851 procedatur.

388 905 422 945 α
459 886 540 950 Et
574 884 785 967 primo
836 901 1004 949 anno
1041 882 1381 948 absentem
1416 879 1588 947 ultra
1622 888 1884 965 tempus
1925 883 2305 964 permissum
2354 882 2615 965 privan-

390 977 615 1065 sdnm
677 1015 816 1063 esse
873 985 1138 1064 dimidia
1196 1003 1384 1083 parte
1433 997 1807 1080 fructuum3
1860 1005 1929 1062 et
1978 996 2243 1082 quidem
2279 997 2359 1063 ad
2409 1006 2614 1064 ratam

391 1139 423 1176 α
461 1116 777 1181 mensium
825 1114 1060 1199 quibus
1092 1113 1324 1190 abfuit,
1368 1114 1421 1178 si
1457 1132 1587 1179 non
1617 1114 1872 1197 integer
1895 1119 1995 1179 est
2021 1132 2266 1197 annns;
2303 1114 2616 1198 secundo,

394 1256 427 1295 «ι
462 1230 765 1297 omnibus
812 1228 1178 1312 fructibus;
1221 1228 1441 1307 tertio,
1485 1226 1880 1311 privandum
1929 1227 2157 1293 titulo:
2194 1235 2263 1293 et
2292 1221 2378 1293 ad
2406 1229 2622 1312 priva-

394 1372 427 1409 «
465 1349 710 1414 tionem
763 1343 1132 1430 hujusmodi
1165 1342 1436 1429 procedi
1466 1363 1599 1408 non
1634 1363 1821 1428 posse
1868 1345 1988 1412 nisi
2010 1335 2230 1409 'forma
2258 1352 2539 1410 servata.
2587 1369 2619 1407 ι)

388 1462 573 1528 Idem
611 1459 818 1526 tradit
851 1462 1188 1543 Fagnanus
1222 1459 1288 1523 in
1336 1466 1532 1543 caput
1572 1463 1760 1537 Licet,
1793 1462 1868 1523 de
1905 1462 2272 1538 Proebendis,
2309 1480 2373 1523 n.
2417 1463 2524 1539 26,
2555 1470 2624 1526 ct

389 1578 482 1643 sic
523 1573 857 1642 concludit
899 1596 913 1639 :
955 1597 986 1634 α
1019 1574 1228 1659 Atque
1275 1573 1367 1638 ita
1397 1571 1592 1639 hodie
1630 1581 1923 1639 correcta
1958 1580 2059 1639 est
2091 1571 2426 1658 dispositio
2459 1576 2623 1640 anti-

399 1717 431 1751 «
465 1709 741 1777 quorum
772 1708 1111 1767 canonum,
1144 1688 1506 1754 secundum
1535 1708 1731 1774 qnam
1758 1689 2105 1755 canonicus
2128 1689 2355 1755 absens
2384 1692 2623 1774 privari

399 1831 430 1866 (ι
470 1812 727 1890 poterat
748 1804 1090 1883 beneflcio,
1114 1804 1166 1870 si
1183 1803 1353 1870 infra
1371 1821 1733 1889 congruum
1749 1806 2099 1870 terminum
2116 1804 2238 1869 sibi
2256 1783 2616 1888 praefixum,

400 1945 434 1983 a
470 1922 553 1988 ad
586 1920 1000 1987 residentiam
1029 1940 1157 1986 non
1188 1918 1510 1986 rediisset.
1549 1919 1709 1986 Nam
1736 1927 1884 2005 post
1920 1921 2259 1986 concilium
2289 1920 2626 2007 (Tridenti-

399 2061 433 2100 «
471 2036 649 2122 num)
686 2038 934 2121 privari
963 2055 1091 2102 non
1121 2041 1339 2120 potest
1370 2036 1583 2114 titulo,
1610 2037 1730 2102 nisi
1760 2043 1908 2120 post
1934 2037 2185 2120 lapsum
2206 2037 2403 2102 trium
2426 2058 2622 2103 anno-

397 2177 430 2214 «
465 2169 639 2219 rum.
672 2175 703 2214 n
748 2154 830 2218 Et
867 2154 1026 2218 citat
1048 2151 1298 2217 ibidem
1329 2170 1695 2235 expressam
1729 2151 1849 2218 hac
1887 2151 1971 2218 de
1997 2172 2070 2218 re
2100 2153 2306 2218 Sacrae
2347 2154 2623 2237 Congre-

393 2269 664 2353 ga'tionis
691 2267 960 2335 concilii
990 2266 1518 2333 declarationem.

420 2469 424 2474 .
484 2386 789 2465 Quffls'rlo
834 2387 924 2450 3¹.
992 2421 1081 2432 -
1118 2389 1410 2464 Quisnam
1462 2390 1582 2461 sit,
1624 2392 1757 2466 post
1805 2387 2119 2447 concilium
2174 2388 2613 2464 Tridentium,

392 2508 711 2568 eanonicus
751 2506 1117 2585 procedendi
1163 2504 1374 2565 modus
1418 2510 1626 2566 contra
1656 2504 1946 2584 parochos
1976 2522 2095 2566 non
2133 2504 2456 2567 residentes
2473 2507 2502 2566 ‚⁹
2533 2543 2622 2553 --

395 2616 652 2683 Pendet
675 2616 869 2701 hujus
898 2617 1268 2702 quaestionis
1294 2615 1527 2682 solutio
1565 2636 1602 2681 a
1632 2616 2058 2701 sequentibus
2091 2616 2482 2684 Tridentinae
2516 2640 2622 2704 sy-

397 2732 550 2798 nodi
569 2732 884 2815 textibus3
908 2734 1014 2816 qui
1043 2739 1293 2797 attente
1314 2728 1723 2815 ponderandi
1744 2737 1918 2806 sunt,
1944 2740 2017 2796 ut
2035 2741 2218 2798 recte
2254 2752 2359 2799 res
2388 2732 2622 2799 discor-

399 2856 624 2913 natur:
659 2848 943 2912 sessione
992 2850 1056 2924 6,
1096 2848 1308 2929 capite
1345 2850 1404 2923 1,
1443 2851 1673 2911 contra
1722 2844 2074 2929 Episcopos
2100 2864 2229 2913 non
2263 2849 2622 2914 residentes

387 2964 485 3028 ‘sic
511 2962 850 3029 decretum
882 2968 1019 3028 est:
1055 2967 1125 3028 Si
1152 2968 1398 3043 quis...,
1431 2968 1624 3043 justis
1668 2969 1729 3025 et
1773 2966 2236 3027 rationabilibus
2271 2971 2471 3028 causis
2500 2988 2621 3028 ces-

395 3083 687 3156 santibus,
722 3100 830 3143 sex
875 3082 1172 3143 mensibus
1219 3083 1540 3142 continuis·
1558 3086 1739 3142 extra
1782 3098 1954 3152 suam
1997 3082 2289 3144 dioecesz'm
2337 3085 2623 3146 morando

393 3200 686 3278 abfuerit,
724 3202 957 3278 quartae
995 3200 1195 3278 partis
1235 3197 1542 3274 fructuum
1582 3201 1763 3258 unius
1794 3202 2025 3260 anni...
2053 3217 2287 3279 poenam
2318 3205 2446 3280 ipso
2479 3205 2624 3282 jure

397 3319 690 3377 incurrat.
721 3315 895 3393 Quod
917 3318 972 3374 si
994 3332 1106 3393 per
1135 3314 1290 3374 alios
1316 3330 1425 3374 sex
1459 3331 1686 3376 menses
1716 3318 1782 3374 in
1815 3313 2157 3396 hujusmodi
2183 3317 2453 3378 absentia
2487 3338 2624 3398 per-

397 3434 779 3507 severaverit,
831 3429 1021 3489 aliam
1055 3434 1334 3508 quartam
1370 3433 1609 3509 partem
1650 3430 2037 3507 fruetuum...
2085 3449 2150 3492 eo
2193 3437 2321 3512 ipso
2347 3438 2618 3496 amutal.

401 3548 707 3608 Crescente
753 3563 891 3607 vero
933 3548 1322 3606 contumacia.
1341 3593 1353 3607 .
1372 3593 1414 3622 .,
1457 3547 1958 3625 Metropolitanus
2013 3550 2445 3629 suffraqaneos,
2508 3554 2627 3613 Me·

405 3637 828 3739 tropolita'v‘mm
877 3680 1016 3723 vero
1062 3661 1360 3721 absentem
1402 3663 1821 3741 suffraqaneus
1864 3662 2190 3745 Episcopus
2230 3670 2618 3746 antiquior...

403 3777 666 3838 Romano
717 3774 1002 3852 Pontifici
1039 3776 1395 3837 denuntiare
1449 3783 1741 3838 teneatur.
1788 3778 1938 3842 Haec
1986 3784 2230 3842 statuta
2278 3777 2539 3846 fuerant
2590 3802 2627 3846 a

399 3886 799 3954 Tridentinis
837 3889 1140 3955 Patribus
1185 3895 1482 3972 tempore
1530 3890 1717 3955 Pauli
1758 3890 1875 3955 III.
1911 3890 2201 3956 Sessione
2250 3900 2471 3959 autem
2516 3897 2621 3971 23,

402 4005 613 4087 capite
643 4008 700 4081 1,
726 4012 970 4088 praeter
994 4005 1134 4071 illas
1159 4024 1402 4089 poenaS,
1429 4011 1727 4070 statuunt
1755 4013 1980 4071 contra
2011 4006 2422 4091 Episcopum,
2455 4008 2627 4075 ultra

403 4122 743 4203 permissos
778 4128 915 4187 tres
949 4136 1197 4186 menses
1235 4116 1592 4199 absentem,
1623 4142 1776 4202 eum,
1813 4130 2036 4206 proeter
2077 4129 2355 4189 mortalis
2396 4137 2626 4209 peccati

403 4246 630 4303 reatum
663 4256 832 4320 quem
855 4244 1137 4317 incurrit,
1151 4258 1264 4320 pro
1288 4245 1428 4301 rata
1457 4244 1739 4320 temporis
1767 4242 2052 4303 absentia»
2074 4244 2312 4321 fructus
2342 4264 2478 4307 snos
2508 4266 2626 4308 non

401 4358 628 4435 facere,·
659 4372 765 4418 nec
803 4360 934 4418 tuta
971 4359 1330 4419 conscientia
1375 4353 1525 4438 (alia
1562 4360 1748 4418 etiam
1789 4356 2200 4419 declaratione
2243 4378 2362 4421 non
2403 4359 2625 4441 secula)

407 4473 543 4534 illos
579 4473 696 4533 sibi
723 4473 990 4534 detinere
1011 4490 1207 4553 posse.
1243 4471 1479 4535 Postea
1503 4489 1686 4549 vero,
1722 4470 1784 4536 in
1818 4470 2051 4537 eodem
2092 4466 2305 4557 capite
2342 4474 2364 4538 l
2407 4474 2632 4540 sessio·
