3146 4973
1176 356 1332 404 mus
1376 357 1694 403 secunus.
2423 348 2545 408 297

328 507 362 543 a
394 485 490 548 his
545 481 749 558 videS,
790 483 1284 564 praerogativam
1320 482 1493 546 illam
1538 482 1702 567 juris
1751 491 2130 566 patronatus
2175 486 2360 551 unice
2407 505 2551 570 pro-

326 621 362 660 «
393 600 615 662 venire
656 605 725 662 et
760 594 1139 679 dependere
1181 617 1217 661 a
1255 599 1670 664 concessione
1705 600 2025 664 Ecclesiae.
2060 622 2092 658 n
2143 600 2543 684 (Leurenius,

321 718 538 777 Forum
563 712 923 789 beneficiate,
955 720 1142 795 parte
1181 716 1244 790 2,
1276 713 1627 797 quaestione
1657 711 1792 796 29).

407 829 495 892 ΙΙ.
533 830 837 908 Quomodo
860 835 1214 908 acquiratur
1227 834 1337 911 jus
1370 837 1751 910 patronatus.
1778 867 1868 877 —
1898 832 1962 892 1⁰
1992 829 2367 914 Aequiritur
2394 835 2553 894 ordi·

318 949 491 1006 narie
527 942 768 1026 triplici
810 942 1026 1020 modo,
1079 962 1317 1026 nempe
1374 966 1386 1007 :
1440 963 1520 1008 ex
1568 947 1926 1024 fundatione
1971 963 2087 1009 seu
2140 949 2551 1012 concessione

317 1057 511 1123 fundi
545 1076 667 1141 pro
721 1057 992 1122 ecclesia
1034 1055 1410 1121 aedificanda
1438 1106 1453 1134 ,
1498 1078 1580 1124 ex
1634 1059 1806 1123 illius
1846 1067 2298 1138 constructione,
2351 1069 2419 1126 et
2471 1083 2554 1127 ex

317 1175 492 1238 illius
535 1177 866 1236 dotatione.
917 1196 949 1234 «
986 1174 1117 1236 Per
1161 1173 1295 1238 haec
1339 1175 1509 1238 enim
1550 1175 1678 1239 tria
1716 1174 2069 1239 deducitur
2117 1177 2391 1240 ecclesia
2438 1197 2554 1243 seu

323 1311 357 1349 «
392 1288 782 1353 beneficium
814 1287 897 1353 de
929 1307 1057 1353 non
1095 1306 1236 1352 csse
1273 1287 1356 1351 ad
1392 1307 1566 1371 esse3
1611 1296 1680 1354 et
1706 1288 1805 1353 his
1849 1290 2060 1355 tribus
2094 1294 2556 1374 constringitur

325 1425 358 1464 «
396 1408 534 1466 tota
587 1403 880 1466 activitas
922 1402 1087 1487 juris
1136 1404 1509 1479 communiS,
1561 1411 1638 1466 ut
1686 1404 1992 1468 videlicet
2039 1406 2366 1470 concessio
2393 1405 2555 1490 juris

326 1541 361 1579 α
396 1525 808 1602 patronatuS,
852 1537 934 1583 ex
974 1519 1202 1602 quavis
1255 1519 1376 1584 alia
1432 1538 1623 1584 causa
1667 1519 1872 1596 facta,
1941 1520 2308 1585 nullatenus
2357 1523 2557 1603 possit

327 1658 362 1695 α
396 1635 631 1699 referri
677 1632 762 1699 ad
809 1635 1019 1718 ipsum
1060 1633 1167 1717 jus
1204 1654 1570 1712 commune,
1627 1634 1744 1699 sed
1794 1635 1874 1699 ad
1919 1653 2171 1699 merum
2210 1642 2278 1701 et
2306 1634 2555 1700 nudum

328 1774 362 1809 «
397 1751 839 1834 privilegium.
864 1772 894 1809 »
936 1750 1337 1835 (LeureniuS‚
1367 1750 1511 1814 loco
1551 1750 1772 1826 citato,
1809 1769 1871 1833 q.
1909 1748 2047 1832 30.)
2090 1754 2158 1816 2⁰
2184 1752 2557 1835 Acquiritur

322 1869 811 1928 extraordinarie
842 1862 1309 1929 consuetudine
1343 1870 1411 1929 et
1446 1863 1956 1947 praescriptione.
1992 1869 2061 1930 3⁰
2093 1868 2180 1929 Ut
2216 1868 2361 1951 quis
2394 1885 2556 1949 prze-

324 1980 513 2046 dictis
541 1981 753 2047 tribus
790 1979 998 2044 modis
1026 1979 1374 2045 ordinariis
1399 1979 1506 2062 jus
1544 1987 1929 2062 patronatus
1955 1983 2296 2065 acquirere
2325 1982 2549 2064 possit,

326 2115 454 2160 non
494 2097 851 2179 requiritur
887 2102 961 2158 ut
1007 2094 1196 2157 simul
1231 2095 1314 2158 sit
1336 2093 1675 2172 fundator,
1719 2101 2093 2161 exstructor
2137 2103 2205 2159 et
2255 2094 2553 2175 dotator3

327 2209 443 2275 sed
477 2211 633 2274 satis
656 2217 758 2273 est
788 2211 862 2284 si,
897 2210 1004 2274 vel
1038 2208 1315 2273 fundum
1343 2207 1626 2286 dederit,
1663 2211 1771 2275 vel
1807 2211 2270 2286 construxerit,
2307 2210 2415 2276 vel
2441 2210 2559 2274 do-

326 2325 590 2389 taverit.
641 2326 851 2408 Atque
886 2323 954 2389 id
983 2332 1292 2408 tanquam
1324 2326 1585 2389 omnino
1619 2331 1874 2390 certum
1903 2323 2179 2389 tradunt
2212 2314 2557 2389 canonistas

329 2440 721 2506 unanimiter
772 2438 945 2525 (vide
992 2439 1167 2505 inter
1218 2441 1377 2505 alios
1417 2442 1834 2517 Leurenium,
1873 2437 2070 2506 modo
2118 2441 2314 2506 citato
2362 2438 2552 2521 loco).

328 2557 395 2617 4⁰
418 2555 578 2619 Hinc
611 2553 906 2637 ejusdem
937 2554 1226 2619 ecclesias
1262 2557 1367 2619 vel
1400 2555 1700 2621 beneficii
1729 2556 1951 2639 plures
1982 2573 2121 2620 esse
2153 2563 2424 2638 possunt
2449 2573 2561 2638 pa-

330 2673 536 2753 troni3
575 2679 652 2735 ut
698 2670 957 2754 quando
988 2690 1155 2735 unus
1186 2670 1464 2735 fundum
1492 2671 1703 2749 dedit,
1749 2674 1917 2737 alter
1953 2673 2296 2748 exstruxit,
2329 2674 2562 2736 tertius

332 2785 603 2851 dotavit.
639 2786 721 2849 Et
753 2792 911 2849 tunc
941 2794 1093 2849 sunt
1141 2788 1396 2867 patroni
1433 2794 1498 2849 in
1533 2791 1816 2864 solidum,
1854 2795 1922 2852 et
1953 2805 2100 2851 cum
2128 2786 2359 2870 aequali
2382 2785 2555 2870 J'ure,

334 2902 629 2983 quamvis
658 2920 827 2967 unus
849 2902 995 2983 plus
1022 2903 1276 2965 caeteris
1308 2904 1703 2984 erogaverit.
1739 2902 1928 2987 (Vide
1961 2901 2291 2967 laudatum
2321 2903 2562 2967 Leure-

334 3019 506 3081 nium
566 3023 783 3081 Forum
829 3018 1191 3095 beneficiate,
1252 3026 1441 3100 parte
1480 3022 1542 3094 2,
1596 3036 1659 3103 q.
1705 3018 1843 3100 31.)
1882 3022 1949 3082 5⁰
1978 3020 2118 3084 Imo
2147 3019 2199 3082 si
2230 3018 2451 3100 plures
2480 3019 2564 3080 si-

336 3133 471 3198 mul
498 3132 658 3197 dent
701 3132 999 3209 fundum,
1055 3134 1161 3198 vel
1196 3135 1247 3197 si
1294 3134 1518 3215 plures
1560 3134 1749 3198 simul
1777 3139 2155 3198 construant
2197 3133 2556 3207 ecclesiam,

338 3250 440 3314 vel
476 3252 529 3313 si
578 3250 802 3332 plures
852 3250 1044 3314 simul
1089 3247 1342 3325 dotent,
1395 3249 1691 3314 omnibus
1734 3249 1887 3314 inde
1930 3258 2303 3332 competere
2351 3256 2566 3330 potest

332 3364 437 3446 jus
487 3371 901 3448 patronatus;
958 3364 1079 3429 sed
1124 3366 1177 3428 si
1237 3365 1481 3447 plureS,
1528 3364 1713 3429 verbi
1764 3364 1993 3447 gratia,
2030 3370 2558 3438 construxerunt,

340 3481 562 3546 unicus
594 3499 755 3546 vero
790 3483 874 3546 sit
903 3480 1235 3557 fundator,
1284 3488 1353 3546 et
1390 3488 1595 3546 totam
1635 3479 1858 3546 dotem
1890 3481 2140 3563 pariter
2169 3481 2398 3544 unicus
2419 3499 2566 3546 ero·

339 3596 610 3676 gaverit,
650 3596 745 3659 illi
788 3596 1013 3678 plures
1061 3597 1172 3680 qui
1204 3603 1720 3661 construxerunt
1750 3614 1880 3660 non
1912 3594 2248 3659 habebunt
2276 3596 2396 3659 nisi
2431 3596 2568 3659 uni-

338 3728 484 3774 cum
528 3712 900 3794 suffragium
946 3711 1029 3776 ad
1071 3711 1598 3794 praesentandum
1647 3734 1659 3775 :
1696 3710 1829 3776 duo
1860 3717 2079 3776 autem
2115 3710 2236 3775 alia
2268 3708 2566 3793 suffragia

338 3825 422 3891 ad
450 3825 866 3892 fundatorem
910 3835 979 3891 et
1010 3825 1349 3891 dotantem
1381 3827 1808 3909 pertinebunt
1843 3850 1855 3891 :
1907 3835 1976 3892 et
2007 3826 2178 3891 idem
2216 3824 2565 3892 dicendum

342 3941 425 4007 de
456 3943 752 4026 pluribus
784 3943 1331 4010 concurrentibus
1360 3942 1441 4008 ad
1490 3942 1768 4007 fundum
1814 3941 2125 4021 dandum,
2169 3945 2275 4009 vel
2306 3962 2568 4028 erogan-

341 4058 488 4123 dam
528 4058 927 4124 dotationem
974 4058 1172 4143 (qnod
1215 4059 1460 4140 pariter
1507 4057 1657 4124 vide
1707 4060 2072 4141 expositum
2118 4059 2294 4143 apud
2326 4061 2565 4126 Leure·

343 4175 539 4249 nium,
573 4176 774 4241 citato
796 4172 988 4257 loco).
1020 4178 1091 4239 6⁰
1114 4174 1469 4239 Praefatum
1482 4181 1591 4257 jus
1618 4177 2049 4256 praesentandz‘,
2074 4175 2139 4238 in
2170 4194 2249 4241 eo
2278 4177 2567 4241 consistit

340 4297 438 4364 ut,
475 4298 742 4356 vacante
775 4290 1114 4364 beneficio,
1170 4308 1405 4355 novum
1452 4309 1646 4373 quem
1680 4290 1977 4355 maluerit
2013 4297 2335 4356 rectorem
2363 4292 2562 4373 possit

342 4410 651 4484 patronus
680 4405 738 4469 ei
769 4403 1127 4487 praeficere.
1178 4406 1334 4468 Nam
1374 4413 1641 4469 tenetur
1689 4406 2041 4488 Episcopus
2079 4411 2559 4485 praesentatum.
