3146 4973
1223 357 1381 406 raas
1428 358 1714 418 Quam-a.
2473 345 2597 408 513

375 488 692 564 quentem
739 479 1082 546 dumtaxat
1108 483 1317 547 Sacrae
1356 482 1888 566 congregationis
1916 482 2184 549 Rituum
2220 481 2603 550 declaratio-

367 613 521 659 nem
566 594 972 661 adducemus
996 617 1011 661 :
1043 618 1076 656 α
1094 595 1191 660 Ad
1211 594 1567 662 sedandam
1586 598 2098 664 controversiam
2115 598 2413 665 obortam
2430 600 2603 666 inter

375 733 407 771 α
444 717 737 777 rectores
768 718 1028 777 curatos
1058 711 1523 796 parochialium
1557 713 2004 791 ecclesiarum,
2033 720 2102 778 et
2137 714 2311 780 inter
2341 715 2602 780 canoni-

374 849 406 887 «
439 843 551 893 cos
593 834 663 891 ct
703 826 1320 912 archipresbyteros
1361 827 1775 898 cathedrales
1822 829 2256 895 sulmonensis
2292 830 2597 907 civitatis,

375 962 409 1003 σε
449 958 647 1025 super
676 944 1106 1027 praerogativa
1138 942 1494 1009 deferendi
1524 944 1759 1010 stolam
1799 953 1870 1010 et
1902 944 2211 1028 pluviale,
2250 964 2325 1009 ac
2362 961 2606 1028 praece-

376 1080 410 1118 α
444 1055 645 1122 dendi
672 1059 738 1122 in
771 1059 1103 1124 itinerario
1130 1077 1276 1124 cum
1306 1058 1393 1124 ad
1422 1057 1632 1125 dictas
1657 1059 2056 1143 parochiales
2086 1061 2392 1126 ecclesias
2424 1060 2608 1125 cada·

377 1195 409 1233 α
447 1190 601 1236 vera
654 1171 1044 1250 efferuntur,
1101 1173 1535 1257 Congregatio
1588 1174 1927 1241 Sacrorum
1976 1175 2241 1241 Rituum
2287 1176 2544 1240 censuit
2584 1197 2600 1241 ε

378 1308 411 1347 a
450 1290 522 1350 In
541 1294 914 1368 processione
952 1291 1214 1369 funebri,
1271 1291 1376 1351 nbi
1405 1293 1666 1352 cadaver
1714 1293 1986 1369 defertur
1995 1339 2016 1369 ,
2064 1293 2258 1354 dictos
2293 1296 2605 1354 canonicos

375 1425 407 1462 α
441 1411 501 1465 et
525 1405 856 1484 capitulum
882 1405 1251 1467 cathedralis
1271 1407 1531 1467 ecclesiae
1551 1407 1858 1470 Sulmonis
1871 1408 2209 1486 praecedere
2232 1409 2460 1486 debere,
2489 1426 2605 1487 pa·

377 1541 410 1578 α
446 1519 690 1583 rochum
716 1521 951 1598 deferre
989 1522 1227 1599 stolam,
1271 1528 1556 1602 tanquam
1579 1539 1702 1583 succ
1735 1526 1802 1584 in
1840 1523 2100 1584 cadaver
2136 1523 2298 1584 illud
2323 1537 2606 1587 mmsm·

379 1656 411 1694 ιι
444 1649 699 1698 cnoms
745 1649 1019 1710 manvu,
1064 1636 1557 1714 quemadmodum
1604 1641 1663 1696 et
1707 1638 1906 1697 Romoe
1935 1640 2237 1698 servatur.
2272 1635 2390 1700 Die
2422 1636 2461 1698 2
2495 1632 2608 1700 de-

380 1768 413 1807 u
446 1746 726 1811 cembris
761 1748 955 1813 1592.
981 1773 1010 1806 u
1059 1746 1460 1833 (Gardellini‚
1483 1754 1666 1813 tomo
1698 1755 1760 1827 7,
1795 1748 1864 1812 in
1895 1750 2339 1830 snpplemenco,
2375 1767 2439 1813 n.
2462 1747 2602 1832 35.)

466 1861 551 1925 Π.
588 1859 781 1941 Quod
810 1870 1032 1927 tamen
1062 1862 1227 1928 stola
1252 1863 1553 1946 parochis
1582 1872 1892 1948 tanquam
1920 1865 2173 1947 signum
2211 1864 2606 1948 jurisdictio-

376 1974 474 2039 nis
504 1993 633 2040 non
663 1982 1013 2059 competat,
1041 1977 1275 2043 melius
1305 1976 1654 2045 fundatum
1687 1977 1975 2044 videtur.

461 2090 581 2154 111.
631 2090 941 2156 Parochis
989 2099 1209 2159 autem
1256 2111 1386 2160 non
1415 2094 1619 2159 licere
1657 2094 1822 2158 stola
1864 2094 1961 2158 uti
1995 2099 2185 2159 extra
2225 2093 2605 2161 functiones

370 2221 513 2287 quae
536 2204 711 2271 illam
740 2206 1032 2289 exigunt,
1053 2214 1122 2272 et
1148 2209 1213 2272 in
1235 2208 1471 2292 quibus
1500 2226 1643 2273 eam
1671 2206 1938 2274 deferre
1962 2215 2236 2292 possunt
2262 2216 2332 2273 et
2357 2208 2604 2276 debent

371 2320 478 2384 alii
532 2322 727 2386 etiam
765 2322 1166 2406 presbyteri,
1204 2326 1316 2408 qui
1369 2343 1477 2390 eas
1531 2324 1901 2391 functiones
1948 2333 2304 2408 peragunt,
2339 2325 2605 2391 videtur

372 2436 633 2501 omnino
663 2434 1048 2503 tenendum.

460 2552 610 2617 Duo
648 2551 875 2617 ultima
902 2560 1151 2620 asserta
1190 2573 1271 2620 ex
1297 2554 1593 2638 professo
1622 2558 1901 2622 sustinet
1924 2554 2009 2622 ad
2037 2560 2298 2621 notator
2334 2555 2603 2622 Gardel-

370 2667 553 2733 lianae
583 2667 981 2735 collectionis
1011 2669 1120 2756 (ad
1154 2688 1502 2739 numerum
1536 2672 1734 2750 4400,
1771 2679 1951 2738 tomo
1979 2674 2043 2750 6,
2081 2673 2360 2755 pag.95,
2397 2671 2602 2737 editio

372 2786 657 2872 romana)
697 2789 762 2851 in
805 2785 980 2852 hunc
1017 2785 1280 2852 modum
1321 2810 1333 2851 ε
1374 2807 1408 2848 σε
1443 2785 1777 2871 Siquidem
1804 2783 2057 2872 (inquit)
2098 2785 2264 2851 stola
2299 2786 2602 2852 sacerdo-

380 2922 408 2957 «ι
446 2902 577 2967 tale
612 2911 713 2969 est
749 2903 1228 2981 indumentum,
1249 2901 1429 2987 quod
1464 2902 1763 2968 omnibus
1792 2902 2200 2986 presbyteris
2233 2919 2418 2985 oeque
2449 2921 2601 2967 con·-

380 3038 412 3076 α
451 3020 648 3097 venit,
683 3019 804 3087 sed
841 3040 970 3087 non
1005 3038 1301 3104 semper:
1340 3019 1510 3085 bene
1543 3036 1704 3085 vero
1735 3018 1804 3082 in
1840 3016 2264 3082 conficiendis
2290 3024 2361 3082 et
2395 3015 2600 3082 admi-

378 3154 413 3192 «
446 3133 793 3202 nistrandis
848 3137 1263 3203 sacramentis
1283 3184 1298 3214 ,
1340 3154 1418 3200 ac
1470 3135 1538 3199 in
1599 3131 2193 3199 sacramentalibus.
2259 3129 2421 3196 Ideo
2476 3151 2600 3198 nec

374 3270 413 3309 α
446 3249 748 3337 Episcopi
793 3252 957 3318 stola
1010 3258 1310 3329 utuntur,
1344 3250 1467 3316 nisi
1508 3247 1671 3315 dum
1713 3244 2107 3332 pontificalia
2149 3253 2264 3311 ant
2307 3246 2601 3313 sacerdo—

375 3386 411 3426 «
444 3365 598 3431 talia
640 3384 915 3434 munera
960 3375 1300 3445 exercent,
1340 3367 1447 3432 vel
1496 3364 1679 3432 aliud
1724 3369 2039 3449 praestant
2085 3360 2295 3447 quod,
2340 3371 2600 3431 servata

379 3503 411 3541 α
444 3480 651 3548 forma
690 3487 839 3549 libri
861 3487 1311 3560 caeremonialis,
1345 3483 1524 3549 stoloe
1566 3482 1784 3565 exigat
1820 3478 2235 3544 delationem.
2270 3477 2468 3543 Sacra
2493 3479 2601 3544 Ri-

378 3618 409 3656 α
446 3603 633 3662 tuum
671 3599 1121 3682 congregatim
1149 3617 1363 3682 neque
1392 3594 1906 3663 hebdomadario
1929 3594 1995 3657 in
2026 3591 2335 3658 canendis
2364 3591 2600 3659 divinis

376 3734 411 3772 α
442 3710 665 3778 officiis
702 3713 801 3779 fas
857 3732 998 3780 esse
1037 3713 1269 3779 stolam
1314 3711 1662 3789 adhibere,
1696 3710 1943 3795 pluries
1983 3705 2376 3785 declaravit,
2417 3707 2597 3793 quod

374 3848 407 3887 α
443 3834 683 3891 tantum
726 3834 794 3892 in
837 3837 1345 3893 sacramentorum
1380 3831 1910 3891 administratione
1939 3831 1998 3888 et
2025 3827 2386 3904 confectione
2424 3824 2598 3886 adhi-

376 3968 408 4005 α
446 3947 572 4008 beri
606 3948 838 4010 debeat.
891 3948 991 4011 Ita
1040 3947 1109 4010 in
1153 3945 1553 4020 Alexanensi,
1594 3941 1702 4007 die
1749 3950 1784 4006 7
1839 3939 2230 4023 septembris
2278 3941 2483 4022 16583
2528 3939 2596 4003 in

379 4081 411 4119 α
442 4059 650 4126 altera
706 4061 1210 4140 Dalmatiarum,
1259 4063 1296 4126 4
1356 4059 1614 4144 augusti
1668 4059 1860 4123 1663.
1917 4057 2000 4121 Et
2053 4054 2429 4137 nuperrime
2489 4052 2597 4120 die

378 4201 411 4238 α
450 4187 483 4243 7
524 4181 914 4265 septembris
951 4183 1144 4259 1816,
1187 4178 1432 4245 nedum
1476 4176 1759 4261 idipsum
1798 4174 2085 4260 generali
2128 4174 2400 4240 decreto
2445 4191 2600 4238 con-

378 4316 411 4356 α
444 4293 775 4362 firmatum
825 4297 976 4373 suit,
1012 4295 1131 4362 sed
1172 4297 1442 4379 insuper
1485 4292 1806 4369 additum,
1840 4293 2321 4357 consuetudinem
2358 4296 2428 4353 in
2462 4308 2602 4353 con-

377 4434 409 4474 «
448 4418 707 4476 tran-ium
743 4431 868 4475 esse
899 4415 1171 4491 constent,
1202 4432 1312 4494 per
1343 4414 1606 4476 locorum
1629 4411 1988 4475 ordinarios
2014 4412 2254 4471 omnino
2287 4409 2603 4470 eliminan-

2322 4517 2391 4576 33
