3146 4973
1232 341 1555 389 spreumx
1604 343 1675 388 ιι.
2443 327 2571 391 685

1383 582 1519 647 XV.

344 823 655 873 PORMULA
721 822 1147 872 comnoms
1216 821 1536 870 ECCLESIAE
1603 820 2038 872 PARocmAus
2096 825 2218 872 PER
2267 824 2576 874 meslen-

852 939 1099 988 ‘nonam
1151 938 1235 986 Ex
1281 938 1486 987 CAUSA
1531 938 2082 989 PERMUTAnoms.

432 1168 491 1227 N
497 1210 541 1241 .‚
580 1167 903 1246 Episcopus
930 1166 1010 1227 N.
1033 1200 1123 1211 —-
1152 1165 1405 1241 Dilecto,
1445 1170 1557 1225 etc.
1590 1164 2010 1226 -Desideria
2032 1167 2206 1246 justa
2234 1172 2568 1246 petentium

341 1298 599 1359 conyruo
625 1282 834 1359 favore
853 1285 1295 1360 prosequentes,
1352 1279 1604 1341 libenter
1650 1280 1734 1342 ad
1782 1299 1874 1357 ea,
1925 1298 2058 1358 quoe
2087 1285 2277 1343 sacris
2313 1289 2574 1345 sanctio-

342 1399 517 1459 nibus
554 1400 863 1458 contraria
888 1414 1007 1458 non
1038 1402 1179 1458 sunt
1214 1397 1492 1457 auditum
1522 1396 1789 1475 proebere
1813 1414 1934 1457 non
1958 1397 2379 1476 dediqnamur.
2422 1402 2572 1463 Cum

341 1519 543 1593 itaque
567 1520 631 1574 tu
653 1513 827 1575 hodie
840 1530 953 1593 per
982 1519 1038 1573 te
1056 1517 1247 1592 ipsum
1273 1515 1688 1573 canonicatum
1706 1518 1766 1574 et
1778 1514 2162 1592 proebendam
2183 1516 2440 1576 ecclesiae
2459 1520 2536 1579 N.
2551 1562 2567 1592 ‚

341 1635 399 1689 et
435 1630 688 1691 dilectus
724 1634 925 1691 noster
954 1633 1021 1689 in
1049 1628 1293 1690 Christo
1322 1630 1402 1691 N.
1433 1628 1845 1707 parochialem
1893 1630 2198 1691 ecclesiam
2235 1633 2313 1693 N.
2354 1638 2576 1694 nostroe

340 1741 630 1817 dioecesis,
658 1758 837 1819 quam
866 1741 1189 1817 obtinebat,
1211 1758 1324 1819 per
1351 1741 1430 1802 N.
1456 1746 1900 1819 procuratorem
1932 1759 2130 1817 suum,
2157 1743 2240 1804 acl
2269 1742 2377 1803 ltoc
2406 1744 2483 1805 ab
2507 1762 2575 1804 eo

337 1855 679 1934 specialiter
708 1859 1120 1931 constitutum,
1147 1873 1225 1915 ea:
1254 1872 1435 1915 causa
1476 1859 1946 1933 permutationis
1983 1857 2057 1917 de
2093 1860 2244 1935 ipsis
2277 1862 2438 1919 inter
2469 1877 2573 1919 vos

336 1973 565 2030 sincere
606 1971 922 2048 faciendoe,
959 1977 1017 2032 et
1057 1988 1179 2031 non
1210 1970 1395 2046 alias,
1432 1975 1642 2047 sponte
1680 1975 1739 2029 et
1784 1969 1964 2031 libere
2003 1974 2459 2049 resiqnaveritis
2505 1976 2572 2033 in

334 2087 613 2147 manibus
652 2090 877 2147 nostris
901 2133 921 2162 ,
962 2086 1084 2147 Nos
1134 2086 1289 2145 votis
1345 2088 1465 2145 tuis
1518 2084 1939 2161 favorabiliter
1997 2085 2392 2165 inhaerentes,
2430 2092 2574 2148 resi-

333 2205 621 2281 9natione
660 2220 739 2262 ex
770 2219 951 2263 causa
980 2201 1281 2280 proedicta
1311 2201 1604 2276 admissa,
1639 2199 2048 2279 parochialem
2071 2202 2437 2280 pradictum
2487 2206 2573 2262 sic

332 2324 645 2379 vacantem
674 2318 808 2393 tibi,
838 2320 945 2396 qui
968 2334 1079 2396 per
1112 2322 1233 2377 tres
1258 2321 1496 2377 nostros
1528 2320 1974 2378 examinatores
1992 2316 2310 2395 synodales
2345 2322 2573 2378 exami-

332 2438 536 2512 natus,
567 2439 625 2495 et
657 2433 904 2496 idoneus
926 2437 1194 2512 repertus
1223 2433 1425 2510 fuisti,
1456 2449 1588 2494 cum
1617 2433 1889 2495 omnibus
1908 2433 2155 2513 juribus
2183 2437 2243 2494 et
2268 2436 2571 2513 pertinen-

336 2552 444 2608 tiis
477 2551 624 2624 suis,
652 2552 1013 2609 auctoritate
1047 2552 1256 2609 nostra
1292 2548 1608 2609 ordinaria
1644 2549 2027 2626 conserimus,
2057 2553 2115 2608 et
2149 2551 2569 2627 assumamus,-

337 2669 507 2742 teque
536 2682 737 2725 coram
774 2664 959 2726 Nobis
989 2663 1396 2744 personaliter
1441 2667 1867 2740 constitutum,
1899 2682 2014 2743 per
2060 2665 2236 2726 anuli
2287 2665 2570 2726 traditio-

333 2798 469 2842 nem
500 2786 559 2841 et
597 2780 777 2841 bireti
807 2785 907 2840 tuo
943 2783 1132 2859 capiti
1168 2783 1603 2860 impositionem
1640 2781 1715 2842 de
1746 2780 1952 2841 eadem
1984 2784 2359 2857 investimus,
2390 2786 2448 2842 et
2501 2785 2568 2842 in

334 2896 577 2970 realem,
621 2895 1009 2976 corporalem,
1047 2902 1105 2956 et
1134 2896 1431 2956 actualem
1458 2899 1906 2972 possessionem,
1947 2914 2052 2956 seu
2080 2900 2254 2975 quasi
2281 2900 2570 2957 immitti-

333 3031 493 3089 mus,
526 3017 804 3094 proestito
822 3031 939 3092 per
969 3018 1047 3090 te,
1080 3018 1138 3074 et
1160 3031 1274 3092 per
1308 3015 1431 3076 Nos
1467 3017 1723 3092 recepto,
1757 3014 1839 3075 ad
1861 3019 2072 3075 sancta
2094 3015 2208 3075 Dei
2237 3015 2569 3093 Evanqelia

335 3130 640 3209 corporali
659 3132 1031 3209 juramento,
1057 3129 1215 3209 quod
1252 3128 1427 3189 nulla
1462 3132 1668 3207 pactio
1699 3130 2094 3207 fraudulenta
2127 3133 2481 3203 intercessit,
2511 3136 2570 3192 et

335 3245 495 3324 quod
534 3246 751 3320 Nobis,
791 3251 849 3307 et
908 3245 1332 3306 successoribus
1372 3248 1599 3306 nostris
1642 3242 1848 3320 fidelis
1895 3251 1956 3306 et
1999 3245 2275 3307 obediens
2317 3249 2469 3320 eris,
2511 3252 2571 3308 et

337 3367 559 3424 sanctoe
590 3365 781 3424 Matri
803 3362 1101 3438 Ecclesia,
1123 3361 1414 3440 dictaeque
1452 3362 1732 3439 ecelesiae,
1774 3365 1841 3423 in
1867 3361 2315 3441 spiritualibus,
2357 3367 2575 3442 tempo-

336 3480 594 3553 ralibus,
628 3497 699 3540 ac
738 3481 806 3538 in
840 3479 1072 3539 divinis
1113 3477 1506 3539 laudabiliter
1549 3477 1868 3553 deservies,
1907 3481 1966 3537 et
2012 3477 2315 3539 deservire
2353 3479 2560 3556 facies,

336 3611 632 3674 oneraque
651 3598 843 3674 ipsius
866 3592 1267 3673 supportabis‚
1303 3598 1364 3655 et
1369 3596 1522 3674 jura
1545 3598 1754 3655 nostra
1770 3592 2096 3672 persolves,
2132 3592 2394 3673 bonaque
2412 3612 2573 3673 φια-

340 3727 619 3788 αηηᾳυε,
660 3714 837 3787 atq-ue
870 3710 1023 3787 jura
1072 3708 1243 3769 illius
1289 3709 1731 3780 manutenebis,
1776 3713 1834 3767 et
1884 3707 2164 3784 defendes
2203 3725 2320 3786 pro
2368 3726 2563 3788 posse,

336 3824 611 3903 nihilque
650 3824 806 3903 quod
835 3824 919 3884 ad
969 3823 1236 3885 eamdem
1284 3823 1590 3883 ecclesiam
1629 3825 1936 3903 pertineat
1964 3822 2281 3897 alienabis,
2312 3841 2417 3884 seu
2443 3825 2570 3885 dis-

339 3940 565 4017 trabes,
593 3941 697 4001 sed
727 3940 995 4000 alienata
1024 3945 1085 4000 et
1117 3939 1412 4001 distracta
1445 3938 1528 4000 ad
1557 3943 1668 4017 jus
1695 3944 1754 3999 et
1780 3941 2212 4017 proprietatem
2247 3938 2428 4000 dictae
2461 3958 2566 4019 pa-

336 4056 558 4119 rochia·
594 4075 713 4136 pro
752 4056 985 4116 viribus
1023 4055 1284 4116 reduces.
1324 4056 1655 4131 Quocirca,
1691 4058 1804 4115 etc.
1838 4049 1936 4135 (ut
1971 4051 2037 4114 in
2076 4050 2354 4116 formula
2391 4049 2559 4136 ΧΙΙ).

336 4206 431 4218 —-
454 4172 531 4234 In
572 4188 823 4251 quorum
861 4168 1068 4246 fidem,
1099 4168 1209 4230 bas
1256 4175 1578 4247 proesentes
1620 4167 1922 4247 expediri,
1951 4171 2012 4228 et
2043 4166 2350 4246 publicari
2390 4171 2569 4245 jussi-

337 4288 866 4363 mus—Datum,
890 4290 1002 4346 etc.
1031 4317 1119 4331 -
1148 4285 1259 4360 Ν.,
1286 4285 1617 4363 Episcopus
1647 4285 1727 4346 N.
1754 4315 1845 4329 —
1872 4283 1980 4358 N.‚
2018 4282 2419 4344 cancellarius
2449 4287 2570 4364 epi·

338 4403 622 4483 scopulis.
657 4433 747 4449 -·
774 4399 857 4465 Et
882 4405 1168 4484 ponatur
1200 4396 1479 4482 sigillum
1505 4402 1820 4464 consueto
1860 4396 2028 4462 loco.
