<?xml version="1.0" encoding="UTF-8"?>
<!DOCTYPE html PUBLIC "-//W3C//DTD XHTML 1.0 Transitional//EN"
    "http://www.w3.org/TR/xhtml1/DTD/xhtml1-transitional.dtd">
<html xmlns="http://www.w3.org/1999/xhtml" xml:lang="en" lang="en">
 <head>
  <title>
</title>
<meta http-equiv="Content-Type" content="text/html;charset=utf-8" />
  <meta name='ocr-system' content='tesseract 3.04.00' />
  <meta name='ocr-capabilities' content='ocr_page ocr_carea ocr_par ocr_line ocrx_word'/>
</head>
<body>
  <div class='ocr_page' id='page_1' title='image "./tractatusdeparo00bouigoog_0164.png"; bbox 0 0 3146 4973; ppageno 0'>
   <div class='ocr_carea' id='block_1_1' title="bbox 519 310 2066 379">
    <p class='ocr_par' dir='ltr' id='par_1_1' title="bbox 519 310 2066 379">
     <span class='ocr_line' id='line_1_1' title="bbox 519 310 2066 379; baseline 0 -4"><span class='ocrx_word' id='word_1_1' title='bbox 519 310 641 376; x_wconf 78' lang='lat'><strong>15²</strong></span> <span class='ocrx_word' id='word_1_2' title='bbox 1184 326 1558 379; x_wconf 65' lang='lat' dir='ltr'><strong>maurus</strong></span> <span class='ocrx_word' id='word_1_3' title='bbox 1610 329 1698 377; x_wconf 76' lang='lat' dir='ltr'><strong>ne</strong></span> <span class='ocrx_word' id='word_1_4' title='bbox 1738 327 2066 378; x_wconf 68' lang='lat' dir='ltr'><strong>ranocno.</strong></span> 
     </span>
    </p>
   </div>
   <div class='ocr_carea' id='block_1_2' title="bbox 475 455 2791 4454">
    <p class='ocr_par' dir='ltr' id='par_1_2' title="bbox 512 455 2778 980">
     <span class='ocr_line' id='line_1_2' title="bbox 512 455 2742 538; baseline 0 -19"><span class='ocrx_word' id='word_1_5' title='bbox 512 460 581 519; x_wconf 73' lang='lat' dir='ltr'><strong>in</strong></span> <span class='ocrx_word' id='word_1_6' title='bbox 628 456 848 519; x_wconf 72' lang='lat' dir='ltr'><strong>cestris</strong></span> <span class='ocrx_word' id='word_1_7' title='bbox 882 455 1158 536; x_wconf 67' lang='lat' dir='ltr'><strong>precibus</strong></span> <span class='ocrx_word' id='word_1_8' title='bbox 1203 456 1489 521; x_wconf 67' lang='lat' dir='ltr'><strong>Ecclesiae</strong></span> <span class='ocrx_word' id='word_1_9' title='bbox 1540 459 1760 538; x_wconf 71' lang='lat' dir='ltr'><strong>Syrico,</strong></span> <span class='ocrx_word' id='word_1_10' title='bbox 1816 474 1948 537; x_wconf 71' lang='lat' dir='ltr'><strong>quoe</strong></span> <span class='ocrx_word' id='word_1_11' title='bbox 1998 459 2117 518; x_wconf 71' lang='lat' dir='ltr'><strong>mei</strong></span> <span class='ocrx_word' id='word_1_12' title='bbox 2161 457 2284 519; x_wconf 79' lang='lat' dir='ltr'><strong>loco</strong></span> <span class='ocrx_word' id='word_1_13' title='bbox 2328 459 2453 520; x_wconf 85' lang='lat' dir='ltr'><strong>Deo</strong></span> <span class='ocrx_word' id='word_1_14' title='bbox 2497 462 2742 538; x_wconf 78' lang='lat' dir='ltr'><strong>pastore</strong></span> 
     </span>
     <span class='ocr_line' id='line_1_3' title="bbox 516 566 2732 655; baseline 0.001 -24"><span class='ocrx_word' id='word_1_15' title='bbox 516 566 787 655; x_wconf 77' lang='grc' dir='ltr'>(ποιμένι)</span> <span class='ocrx_word' id='word_1_16' title='bbox 831 574 1054 633; x_wconf 77' lang='lat' dir='ltr'><strong>utitur.</strong></span> <span class='ocrx_word' id='word_1_17' title='bbox 1094 571 1272 634; x_wconf 70' lang='lat' dir='ltr'><strong>Solus</strong></span> <span class='ocrx_word' id='word_1_18' title='bbox 1304 571 1786 634; x_wconf 73' lang='lat' dir='ltr'><strong>Iesus-Christus</strong></span> <span class='ocrx_word' id='word_1_19' title='bbox 1828 572 2003 633; x_wconf 74' lang='lat' dir='ltr'><strong>illam</strong></span> <span class='ocrx_word' id='word_1_20' title='bbox 2054 575 2182 634; x_wconf 80' lang='lat' dir='ltr'><strong>vice</strong></span> <span class='ocrx_word' id='word_1_21' title='bbox 2232 574 2511 654; x_wconf 74' lang='lat' dir='ltr'><strong>Episcopi</strong></span> <span class='ocrx_word' id='word_1_22' title='bbox 2546 581 2732 653; x_wconf 62' lang='lat' dir='ltr'><strong>reyes,</strong></span> 
     </span>
     <span class='ocr_line' id='line_1_4' title="bbox 513 664 2778 770; baseline 0.002 -22"><span class='ocrx_word' id='word_1_23' title='bbox 513 694 693 767; x_wconf 74' lang='lat' dir='ltr'><strong>atque</strong></span> <span class='ocrx_word' id='word_1_24' title='bbox 742 692 944 750; x_wconf 82' lang='lat' dir='ltr'><strong>vestra</strong></span> <span class='ocrx_word' id='word_1_25' title='bbox 981 689 1231 748; x_wconf 75' lang='lat' dir='ltr'><strong>caritas.</strong></span> <span class='ocrx_word' id='word_1_26' title='bbox 1281 682 1480 751; x_wconf 84' lang='lat' dir='ltr'>Addit</span> <span class='ocrx_word' id='word_1_27' title='bbox 1521 692 1702 766; x_wconf 73' lang='lat' dir='ltr'><strong>atque</strong></span> <span class='ocrx_word' id='word_1_28' title='bbox 1730 691 1932 749; x_wconf 80' lang='lat' dir='ltr'><strong>vestra</strong></span> <span class='ocrx_word' id='word_1_29' title='bbox 1974 688 2225 764; x_wconf 73' lang='lat' dir='ltr'><strong>caritas,</strong></span> <span class='ocrx_word' id='word_1_30' title='bbox 2278 685 2429 770; x_wconf 83' lang='lat' dir='ltr'><strong>quia</strong></span> <span class='ocrx_word' id='word_1_31' title='bbox 2459 684 2741 753; x_wconf 81' lang='lat' dir='ltr'><strong>Ecclesia</strong></span> <span class='ocrx_word' id='word_1_32' title='bbox 2760 664 2778 676; x_wconf 39' lang='lat'>⁸</span> 
     </span>
     <span class='ocr_line' id='line_1_5' title="bbox 512 798 2743 885; baseline 0 -20"><span class='ocrx_word' id='word_1_33' title='bbox 512 798 818 876; x_wconf 83' lang='lat' dir='ltr'><strong>Romana,</strong></span> <span class='ocrx_word' id='word_1_34' title='bbox 853 805 1085 883; x_wconf 82' lang='lat' dir='ltr'><strong>utpote</strong></span> <span class='ocrx_word' id='word_1_35' title='bbox 1115 799 1402 865; x_wconf 89' lang='lat' dir='ltr'><strong>omnium</strong></span> <span class='ocrx_word' id='word_1_36' title='bbox 1432 805 1667 875; x_wconf 85' lang='lat' dir='ltr'><strong>mater,</strong></span> <span class='ocrx_word' id='word_1_37' title='bbox 1712 816 2085 881; x_wconf 87' lang='lat' dir='ltr'><strong>supremam</strong></span> <span class='ocrx_word' id='word_1_38' title='bbox 2114 800 2185 863; x_wconf 89' lang='lat' dir='ltr'><strong>in</strong></span> <span class='ocrx_word' id='word_1_39' title='bbox 2223 806 2451 866; x_wconf 87' lang='lat' dir='ltr'><strong>omnes</strong></span> <span class='ocrx_word' id='word_1_40' title='bbox 2483 799 2743 885; x_wconf 83' lang='lat' dir='ltr'><strong>jurisdi—</strong></span> 
     </span>
     <span class='ocr_line' id='line_1_6' title="bbox 516 912 1050 980; baseline -0.002 -2"><span class='ocrx_word' id='word_1_41' title='bbox 516 913 798 980; x_wconf 78' lang='lat' dir='ltr'><strong>ctionem</strong></span> <span class='ocrx_word' id='word_1_42' title='bbox 827 912 1050 980; x_wconf 82' lang='lat' dir='ltr'><strong>habet.</strong></span> 
     </span>
    </p>

    <p class='ocr_par' dir='ltr' id='par_1_3' title="bbox 475 1027 2769 2847">
     <span class='ocr_line' id='line_1_7' title="bbox 603 1027 2740 1113; baseline 0.002 -19"><span class='ocrx_word' id='word_1_43' title='bbox 603 1029 903 1112; x_wconf 81' lang='lat' dir='ltr'><strong>Epistolae</strong></span> <span class='ocrx_word' id='word_1_44' title='bbox 941 1046 1084 1113; x_wconf 82' lang='lat' dir='ltr'><strong>quoe</strong></span> <span class='ocrx_word' id='word_1_45' title='bbox 1102 1029 1311 1095; x_wconf 83' lang='lat' dir='ltr'><strong>sancti</strong></span> <span class='ocrx_word' id='word_1_46' title='bbox 1336 1029 1691 1095; x_wconf 85' lang='lat' dir='ltr'><strong>Clementis</strong></span> <span class='ocrx_word' id='word_1_47' title='bbox 1717 1034 2199 1113; x_wconf 77' lang='lat' dir='ltr'><strong>nuncupantur,</strong></span> <span class='ocrx_word' id='word_1_48' title='bbox 2234 1027 2393 1094; x_wconf 87' lang='lat' dir='ltr'><strong>licet</strong></span> <span class='ocrx_word' id='word_1_49' title='bbox 2417 1030 2541 1113; x_wconf 82' lang='lat' dir='ltr'><strong>ipsi</strong></span> <span class='ocrx_word' id='word_1_50' title='bbox 2576 1030 2740 1098; x_wconf 79' lang='lat' dir='ltr'><strong>falso</strong></span> 
     </span>
     <span class='ocr_line' id='line_1_8' title="bbox 520 1143 2747 1221; baseline 0.001 -11"><span class='ocrx_word' id='word_1_51' title='bbox 520 1144 766 1210; x_wconf 83' lang='lat' dir='ltr'><strong>fuerint</strong></span> <span class='ocrx_word' id='word_1_52' title='bbox 816 1143 1174 1221; x_wconf 67' lang='lat' dir='ltr'><strong>attributae,</strong></span> <span class='ocrx_word' id='word_1_53' title='bbox 1222 1143 1584 1209; x_wconf 83' lang='lat' dir='ltr'><strong>fatentibus</strong></span> <span class='ocrx_word' id='word_1_54' title='bbox 1625 1150 1849 1210; x_wconf 85' lang='lat' dir='ltr'><strong>tamen</strong></span> <span class='ocrx_word' id='word_1_55' title='bbox 1879 1143 2153 1211; x_wconf 84' lang='lat' dir='ltr'><strong>eruditis</strong></span> <span class='ocrx_word' id='word_1_56' title='bbox 2193 1144 2493 1212; x_wconf 88' lang='lat' dir='ltr'><strong>omnihus</strong></span> <span class='ocrx_word' id='word_1_57' title='bbox 2541 1163 2747 1212; x_wconf 87' lang='lat' dir='ltr'><strong>remo-</strong></span> 
     </span>
     <span class='ocr_line' id='line_1_9' title="bbox 514 1258 2742 1346; baseline 0 -21"><span class='ocrx_word' id='word_1_58' title='bbox 514 1259 776 1325; x_wconf 79' lang='lat' dir='ltr'><strong>tissimoe</strong></span> <span class='ocrx_word' id='word_1_59' title='bbox 803 1258 1208 1344; x_wconf 78' lang='lat' dir='ltr'><strong>antiquitatis</strong></span> <span class='ocrx_word' id='word_1_60' title='bbox 1246 1264 1399 1324; x_wconf 86' lang='lat' dir='ltr'><strong>sunt</strong></span> <span class='ocrx_word' id='word_1_61' title='bbox 1435 1281 1450 1327; x_wconf 72' lang='grc' dir='ltr'>ε</span> <span class='ocrx_word' id='word_1_62' title='bbox 1484 1276 1686 1346; x_wconf 88' lang='lat' dir='ltr'><strong>porro</strong></span> <span class='ocrx_word' id='word_1_63' title='bbox 1717 1260 1784 1323; x_wconf 90' lang='lat' dir='ltr'><strong>in</strong></span> <span class='ocrx_word' id='word_1_64' title='bbox 1817 1259 2017 1325; x_wconf 82' lang='lat' dir='ltr'><strong>tertia</strong></span> <span class='ocrx_word' id='word_1_65' title='bbox 2049 1258 2417 1344; x_wconf 82' lang='lat' dir='ltr'><strong>hujusmodi</strong></span> <span class='ocrx_word' id='word_1_66' title='bbox 2446 1260 2742 1343; x_wconf 86' lang='lat' dir='ltr'><strong>epistola,</strong></span> 
     </span>
     <span class='ocr_line' id='line_1_10' title="bbox 501 1372 2748 1459; baseline 0.001 -21"><span class='ocrx_word' id='word_1_67' title='bbox 501 1381 861 1459; x_wconf 81' lang='lat' dir='ltr'><strong>postquam</strong></span> <span class='ocrx_word' id='word_1_68' title='bbox 883 1373 968 1440; x_wconf 88' lang='lat' dir='ltr'><strong>de</strong></span> <span class='ocrx_word' id='word_1_69' title='bbox 999 1372 1331 1458; x_wconf 85' lang='lat' dir='ltr'><strong>Episcopis</strong></span> <span class='ocrx_word' id='word_1_70' title='bbox 1358 1372 1481 1439; x_wconf 88' lang='lat' dir='ltr'><strong>suh</strong></span> <span class='ocrx_word' id='word_1_71' title='bbox 1503 1380 1760 1456; x_wconf 73' lang='lat' dir='ltr'><strong>patrum</strong></span> <span class='ocrx_word' id='word_1_72' title='bbox 1799 1381 1858 1436; x_wconf 81' lang='lat' dir='ltr'><strong>et</strong></span> <span class='ocrx_word' id='word_1_73' title='bbox 1886 1380 2206 1456; x_wconf 78' lang='lat' dir='ltr'><strong>pastorum</strong></span> <span class='ocrx_word' id='word_1_74' title='bbox 2237 1375 2498 1440; x_wconf 86' lang='lat' dir='ltr'><strong>nomine</strong></span> <span class='ocrx_word' id='word_1_75' title='bbox 2535 1392 2748 1440; x_wconf 86' lang='lat' dir='ltr'><strong>sermo</strong></span> 
     </span>
     <span class='ocr_line' id='line_1_11' title="bbox 523 1488 2749 1567; baseline 0 -13"><span class='ocrx_word' id='word_1_76' title='bbox 523 1489 829 1556; x_wconf 88' lang='lat' dir='ltr'><strong>inductus</strong></span> <span class='ocrx_word' id='word_1_77' title='bbox 854 1496 977 1567; x_wconf 90' lang='lat' dir='ltr'><strong>est,</strong></span> <span class='ocrx_word' id='word_1_78' title='bbox 1019 1490 1262 1555; x_wconf 90' lang='lat' dir='ltr'><strong>iterum</strong></span> <span class='ocrx_word' id='word_1_79' title='bbox 1316 1489 1399 1556; x_wconf 91' lang='lat' dir='ltr'><strong>de</strong></span> <span class='ocrx_word' id='word_1_80' title='bbox 1433 1488 1666 1556; x_wconf 88' lang='lat' dir='ltr'><strong>iisdem</strong></span> <span class='ocrx_word' id='word_1_81' title='bbox 1709 1491 1952 1555; x_wconf 88' lang='lat' dir='ltr'><strong>mentio</strong></span> <span class='ocrx_word' id='word_1_82' title='bbox 1982 1489 2059 1555; x_wconf 83' lang='lat' dir='ltr'><strong>fit</strong></span> <span class='ocrx_word' id='word_1_83' title='bbox 2088 1488 2190 1555; x_wconf 86' lang='lat' dir='ltr'><strong>his</strong></span> <span class='ocrx_word' id='word_1_84' title='bbox 2232 1490 2452 1556; x_wconf 81' lang='lat' dir='ltr'><strong>verbis</strong></span> <span class='ocrx_word' id='word_1_85' title='bbox 2487 1511 2502 1557; x_wconf 70' lang='grc' dir='ltr'><strong>ι</strong></span> <span class='ocrx_word' id='word_1_86' title='bbox 2536 1495 2749 1555; x_wconf 80' lang='lat' dir='ltr'><strong>Docto-</strong></span> 
     </span>
     <span class='ocr_line' id='line_1_12' title="bbox 527 1605 2753 1690; baseline 0.001 -21"><span class='ocrx_word' id='word_1_87' title='bbox 527 1608 695 1669; x_wconf 76' lang='lat' dir='ltr'><strong>rilms</strong></span> <span class='ocrx_word' id='word_1_88' title='bbox 718 1612 866 1683; x_wconf 73' lang='lat' dir='ltr'><strong>sais,</strong></span> <span class='ocrx_word' id='word_1_89' title='bbox 895 1611 1001 1687; x_wconf 82' lang='lat' dir='ltr'><strong>qm·</strong></span> <span class='ocrx_word' id='word_1_90' title='bbox 1019 1609 1302 1689; x_wconf 78' lang='lat' dir='ltr'><strong>Episcopi</strong></span> <span class='ocrx_word' id='word_1_91' title='bbox 1331 1612 1488 1669; x_wconf 78' lang='lat' dir='ltr'><strong>recte</strong></span> <span class='ocrx_word' id='word_1_92' title='bbox 1532 1608 1985 1687; x_wconf 71' lang='lat' dir='ltr'><strong>intelliyuntwr.</strong></span> <span class='ocrx_word' id='word_1_93' title='bbox 2007 1606 2177 1671; x_wconf 86' lang='lat' dir='ltr'><strong>Item</strong></span> <span class='ocrx_word' id='word_1_94' title='bbox 2207 1606 2275 1670; x_wconf 90' lang='lat' dir='ltr'><strong>in</strong></span> <span class='ocrx_word' id='word_1_95' title='bbox 2301 1605 2753 1690; x_wconf 81' lang='lat' dir='ltr'><strong>recognitioni-</strong></span> 
     </span>
     <span class='ocr_line' id='line_1_13' title="bbox 528 1720 2752 1807; baseline 0 -19"><span class='ocrx_word' id='word_1_96' title='bbox 528 1722 674 1800; x_wconf 86' lang='lat' dir='ltr'><strong>bus,</strong></span> <span class='ocrx_word' id='word_1_97' title='bbox 689 1739 832 1807; x_wconf 79' lang='lat' dir='ltr'><strong>quoe</strong></span> <span class='ocrx_word' id='word_1_98' title='bbox 861 1722 1064 1787; x_wconf 87' lang='lat' dir='ltr'><strong>sancti</strong></span> <span class='ocrx_word' id='word_1_99' title='bbox 1090 1720 1440 1788; x_wconf 88' lang='lat' dir='ltr'><strong>Clementis</strong></span> <span class='ocrx_word' id='word_1_100' title='bbox 1467 1720 1804 1798; x_wconf 82' lang='lat' dir='ltr'><strong>dicuntur,</strong></span> <span class='ocrx_word' id='word_1_101' title='bbox 1826 1728 2133 1787; x_wconf 85' lang='lat' dir='ltr'><strong>narratur</strong></span> <span class='ocrx_word' id='word_1_102' title='bbox 2156 1728 2455 1787; x_wconf 87' lang='lat' dir='ltr'><strong>sanctum</strong></span> <span class='ocrx_word' id='word_1_103' title='bbox 2478 1722 2752 1788; x_wconf 84' lang='lat' dir='ltr'><strong>Petrum</strong></span> 
     </span>
     <span class='ocr_line' id='line_1_14' title="bbox 528 1828 2754 1922; baseline 0.001 -19"><span class='ocrx_word' id='word_1_104' title='bbox 528 1828 875 1922; x_wconf 80' lang='lat' dir='ltr'><strong>antequam</strong></span> <span class='ocrx_word' id='word_1_105' title='bbox 917 1856 958 1902; x_wconf 92' lang='lat' dir='ltr'><strong>a</strong></span> <span class='ocrx_word' id='word_1_106' title='bbox 1010 1837 1301 1903; x_wconf 66' lang='lat' dir='ltr'><strong>Caesarea</strong></span> <span class='ocrx_word' id='word_1_107' title='bbox 1359 1836 1733 1903; x_wconf 88' lang='lat' dir='ltr'><strong>discederet</strong></span> <span class='ocrx_word' id='word_1_108' title='bbox 1780 1836 2074 1904; x_wconf 83' lang='lat' dir='ltr'><strong>fidelium</strong></span> <span class='ocrx_word' id='word_1_109' title='bbox 2126 1845 2372 1905; x_wconf 81' lang='lat' dir='ltr'><strong>coetum</strong></span> <span class='ocrx_word' id='word_1_110' title='bbox 2421 1839 2514 1903; x_wconf 86' lang='lat' dir='ltr'><strong>ita</strong></span> <span class='ocrx_word' id='word_1_111' title='bbox 2555 1839 2754 1906; x_wconf 77' lang='lat' dir='ltr'><strong>fuisse</strong></span> 
     </span>
     <span class='ocr_line' id='line_1_15' title="bbox 533 1957 2757 2040; baseline 0 -18"><span class='ocrx_word' id='word_1_112' title='bbox 533 1957 892 2022; x_wconf 88' lang='lat' dir='ltr'><strong>allocutum</strong></span> <span class='ocrx_word' id='word_1_113' title='bbox 929 1976 944 2021; x_wconf 91' lang='lat'>:</span> <span class='ocrx_word' id='word_1_114' title='bbox 1006 1959 1287 2037; x_wconf 72' lang='lat' dir='ltr'><strong>Coqitavi</strong></span> <span class='ocrx_word' id='word_1_115' title='bbox 1333 1957 1655 2020; x_wconf 74' lang='lat' dir='ltr'><strong>Zachoeum</strong></span> <span class='ocrx_word' id='word_1_116' title='bbox 1683 1958 1852 2021; x_wconf 79' lang='lat' dir='ltr'><strong>vobis</strong></span> <span class='ocrx_word' id='word_1_117' title='bbox 1887 1959 2172 2020; x_wconf 78' lang='lat' dir='ltr'><strong>ordinare</strong></span> <span class='ocrx_word' id='word_1_118' title='bbox 2185 1964 2511 2040; x_wconf 77' lang='lat' dir='ltr'><strong>pastorem.</strong></span> <span class='ocrx_word' id='word_1_119' title='bbox 2564 1958 2647 2023; x_wconf 76' lang='lat' dir='ltr'><strong>Et</strong></span> <span class='ocrx_word' id='word_1_120' title='bbox 2690 1960 2757 2022; x_wconf 86' lang='lat' dir='ltr'><strong>in</strong></span> 
     </span>
     <span class='ocr_line' id='line_1_16' title="bbox 535 2068 2760 2158; baseline -0.001 -19"><span class='ocrx_word' id='word_1_121' title='bbox 535 2072 834 2158; x_wconf 86' lang='lat' dir='ltr'><strong>sequenti</strong></span> <span class='ocrx_word' id='word_1_122' title='bbox 864 2069 1267 2154; x_wconf 84' lang='lat' dir='ltr'><strong>paragrapho</strong></span> <span class='ocrx_word' id='word_1_123' title='bbox 1305 2068 1659 2136; x_wconf 85' lang='lat' dir='ltr'><strong>adnotatur</strong></span> <span class='ocrx_word' id='word_1_124' title='bbox 1704 2069 2041 2137; x_wconf 82' lang='lat' dir='ltr'><strong>Zachaeum</strong></span> <span class='ocrx_word' id='word_1_125' title='bbox 2079 2071 2145 2135; x_wconf 89' lang='lat' dir='ltr'><strong>in</strong></span> <span class='ocrx_word' id='word_1_126' title='bbox 2180 2071 2569 2155; x_wconf 80' lang='lat' dir='ltr'><strong>Episcopum</strong></span> <span class='ocrx_word' id='word_1_127' title='bbox 2590 2071 2760 2138; x_wconf 85' lang='lat' dir='ltr'><strong>ordi·</strong></span> 
     </span>
     <span class='ocr_line' id='line_1_17' title="bbox 537 2186 2761 2272; baseline 0 -19"><span class='ocrx_word' id='word_1_128' title='bbox 537 2195 765 2254; x_wconf 86' lang='lat' dir='ltr'><strong>natum</strong></span> <span class='ocrx_word' id='word_1_129' title='bbox 799 2186 998 2253; x_wconf 84' lang='lat' dir='ltr'><strong>fuisse</strong></span> <span class='ocrx_word' id='word_1_130' title='bbox 1042 2202 1192 2251; x_wconf 90' lang='lat' dir='ltr'><strong>cnm</strong></span> <span class='ocrx_word' id='word_1_131' title='bbox 1230 2186 1638 2270; x_wconf 86' lang='lat' dir='ltr'><strong>impositione</strong></span> <span class='ocrx_word' id='word_1_132' title='bbox 1681 2205 2008 2265; x_wconf 89' lang='lat' dir='ltr'><strong>manuum,</strong></span> <span class='ocrx_word' id='word_1_133' title='bbox 2045 2194 2114 2252; x_wconf 89' lang='lat' dir='ltr'><strong>et</strong></span> <span class='ocrx_word' id='word_1_134' title='bbox 2157 2195 2383 2272; x_wconf 82' lang='lat' dir='ltr'><strong>postea</strong></span> <span class='ocrx_word' id='word_1_135' title='bbox 2414 2187 2497 2253; x_wconf 87' lang='lat' dir='ltr'><strong>ab</strong></span> <span class='ocrx_word' id='word_1_136' title='bbox 2527 2187 2761 2253; x_wconf 85' lang='lat' dir='ltr'><strong>eodem</strong></span> 
     </span>
     <span class='ocr_line' id='line_1_18' title="bbox 538 2300 2765 2389; baseline 0.001 -22"><span class='ocrx_word' id='word_1_137' title='bbox 538 2310 762 2368; x_wconf 85' lang='lat' dir='ltr'><strong>sancto</strong></span> <span class='ocrx_word' id='word_1_138' title='bbox 793 2303 995 2368; x_wconf 84' lang='lat' dir='ltr'><strong>Petro</strong></span> <span class='ocrx_word' id='word_1_139' title='bbox 1022 2300 1357 2367; x_wconf 87' lang='lat' dir='ltr'><strong>ordinatos</strong></span> <span class='ocrx_word' id='word_1_140' title='bbox 1403 2301 1604 2367; x_wconf 84' lang='lat' dir='ltr'><strong>fuisse</strong></span> <span class='ocrx_word' id='word_1_141' title='bbox 1633 2300 1979 2367; x_wconf 82' lang='lat' dir='ltr'><strong>duodecim</strong></span> <span class='ocrx_word' id='word_1_142' title='bbox 2024 2301 2445 2387; x_wconf 74' lang='lat' dir='ltr'><strong>presbyteros</strong></span> <span class='ocrx_word' id='word_1_143' title='bbox 2494 2308 2564 2369; x_wconf 90' lang='lat' dir='ltr'><strong>et</strong></span> <span class='ocrx_word' id='word_1_144' title='bbox 2607 2322 2765 2389; x_wconf 84' lang='lat' dir='ltr'><strong>qua-</strong></span> 
     </span>
     <span class='ocr_line' id='line_1_19' title="bbox 543 2415 2768 2485; baseline 0 -2"><span class='ocrx_word' id='word_1_145' title='bbox 543 2427 698 2484; x_wconf 85' lang='lat' dir='ltr'><strong>tuor</strong></span> <span class='ocrx_word' id='word_1_146' title='bbox 733 2416 1056 2483; x_wconf 86' lang='lat' dir='ltr'><strong>diaconos.</strong></span> <span class='ocrx_word' id='word_1_147' title='bbox 1115 2416 1282 2481; x_wconf 85' lang='lat' dir='ltr'><strong>Item</strong></span> <span class='ocrx_word' id='word_1_148' title='bbox 1324 2417 1391 2480; x_wconf 90' lang='lat' dir='ltr'><strong>in</strong></span> <span class='ocrx_word' id='word_1_149' title='bbox 1419 2416 1616 2482; x_wconf 86' lang='lat' dir='ltr'><strong>tertia</strong></span> <span class='ocrx_word' id='word_1_150' title='bbox 1667 2434 1749 2481; x_wconf 85' lang='lat' dir='ltr'><strong>ex</strong></span> <span class='ocrx_word' id='word_1_151' title='bbox 1795 2416 2072 2482; x_wconf 85' lang='lat' dir='ltr'><strong>homiliis</strong></span> <span class='ocrx_word' id='word_1_152' title='bbox 2119 2415 2332 2483; x_wconf 86' lang='lat' dir='ltr'><strong>eidem</strong></span> <span class='ocrx_word' id='word_1_153' title='bbox 2372 2426 2594 2485; x_wconf 84' lang='lat' dir='ltr'><strong>sancto</strong></span> <span class='ocrx_word' id='word_1_154' title='bbox 2622 2417 2768 2483; x_wconf 87' lang='lat' dir='ltr'><strong>Cle-</strong></span> 
     </span>
     <span class='ocr_line' id='line_1_20' title="bbox 475 2532 2769 2620; baseline 0 -21"><span class='ocrx_word' id='word_1_155' title='bbox 475 2587 480 2590; x_wconf 37' lang='lat'><strong>.</strong></span> <span class='ocrx_word' id='word_1_156' title='bbox 545 2534 751 2599; x_wconf 89' lang='lat' dir='ltr'><strong>menti</strong></span> <span class='ocrx_word' id='word_1_157' title='bbox 792 2532 1056 2598; x_wconf 82' lang='lat' dir='ltr'><strong>tributis</strong></span> <span class='ocrx_word' id='word_1_158' title='bbox 1090 2540 1495 2599; x_wconf 86' lang='lat' dir='ltr'><strong>memoratur</strong></span> <span class='ocrx_word' id='word_1_159' title='bbox 1539 2535 1749 2598; x_wconf 87' lang='lat' dir='ltr'><strong>oratio</strong></span> <span class='ocrx_word' id='word_1_160' title='bbox 1786 2533 2007 2599; x_wconf 86' lang='lat' dir='ltr'><strong>habita</strong></span> <span class='ocrx_word' id='word_1_161' title='bbox 2054 2533 2121 2598; x_wconf 95' lang='lat' dir='ltr'><strong>in</strong></span> <span class='ocrx_word' id='word_1_162' title='bbox 2165 2532 2568 2601; x_wconf 81' lang='lat' dir='ltr'><strong>ordinatione</strong></span> <span class='ocrx_word' id='word_1_163' title='bbox 2608 2551 2769 2620; x_wconf 79' lang='lat' dir='ltr'><strong>prae-</strong></span> 
     </span>
     <span class='ocr_line' id='line_1_21' title="bbox 546 2646 2763 2734; baseline -0 -20"><span class='ocrx_word' id='word_1_164' title='bbox 546 2647 708 2714; x_wconf 89' lang='lat' dir='ltr'><strong>dicti</strong></span> <span class='ocrx_word' id='word_1_165' title='bbox 766 2646 1010 2713; x_wconf 77' lang='lat' dir='ltr'><strong>Zachoei</strong></span> <span class='ocrx_word' id='word_1_166' title='bbox 1044 2668 1059 2713; x_wconf 74' lang='grc' dir='ltr'>ε</span> <span class='ocrx_word' id='word_1_167' title='bbox 1097 2648 1164 2712; x_wconf 91' lang='lat' dir='ltr'><strong>in</strong></span> <span class='ocrx_word' id='word_1_168' title='bbox 1223 2666 1301 2713; x_wconf 82' lang='lat' dir='ltr'><strong>ea</strong></span> <span class='ocrx_word' id='word_1_169' title='bbox 1335 2656 1556 2714; x_wconf 79' lang='lat' dir='ltr'><strong>autem</strong></span> <span class='ocrx_word' id='word_1_170' title='bbox 1608 2649 1982 2731; x_wconf 86' lang='lat' dir='ltr'><strong>precatione</strong></span> <span class='ocrx_word' id='word_1_171' title='bbox 2036 2647 2276 2714; x_wconf 84' lang='lat' dir='ltr'><strong>dicitur</strong></span> <span class='ocrx_word' id='word_1_172' title='bbox 2307 2669 2322 2714; x_wconf 75' lang='grc' dir='ltr'><strong><em>ε</em></strong></span> <span class='ocrx_word' id='word_1_173' title='bbox 2373 2653 2460 2713; x_wconf 76' lang='lat' dir='ltr'><strong>Tu</strong></span> <span class='ocrx_word' id='word_1_174' title='bbox 2520 2647 2763 2734; x_wconf 69' lang='lat' dir='ltr'><strong>(Deus)</strong></span> 
     </span>
     <span class='ocr_line' id='line_1_22' title="bbox 542 2767 1499 2847; baseline 0 -20"><span class='ocrx_word' id='word_1_175' title='bbox 542 2770 845 2847; x_wconf 80' lang='lat' dir='ltr'><strong>pastorem</strong></span> <span class='ocrx_word' id='word_1_176' title='bbox 871 2783 1006 2826; x_wconf 78' lang='lat' dir='ltr'><strong>cum</strong></span> <span class='ocrx_word' id='word_1_177' title='bbox 1041 2782 1219 2846; x_wconf 71' lang='lat' dir='ltr'><strong>qreqe</strong></span> <span class='ocrx_word' id='word_1_178' title='bbox 1242 2767 1478 2828; x_wconf 73' lang='lat' dir='ltr'><strong>custodi</strong></span> <span class='ocrx_word' id='word_1_179' title='bbox 1485 2813 1499 2827; x_wconf 96' lang='lat'><strong>.</strong></span> 
     </span>
    </p>

    <p class='ocr_par' dir='ltr' id='par_1_4' title="bbox 552 2874 2791 4454">
     <span class='ocr_line' id='line_1_23' title="bbox 637 2874 2775 2963; baseline 0.001 -21"><span class='ocrx_word' id='word_1_180' title='bbox 637 2874 924 2942; x_wconf 88' lang='lat' dir='ltr'><strong>Eruditis</strong></span> <span class='ocrx_word' id='word_1_181' title='bbox 966 2875 1377 2962; x_wconf 82' lang='lat' dir='ltr'><strong>exploratum</strong></span> <span class='ocrx_word' id='word_1_182' title='bbox 1413 2884 1514 2942; x_wconf 86' lang='lat' dir='ltr'><strong>est</strong></span> <span class='ocrx_word' id='word_1_183' title='bbox 1564 2878 2057 2944; x_wconf 88' lang='lat' dir='ltr'><strong>constitutiones</strong></span> <span class='ocrx_word' id='word_1_184' title='bbox 2099 2895 2243 2963; x_wconf 81' lang='lat' dir='ltr'><strong>quae</strong></span> <span class='ocrx_word' id='word_1_185' title='bbox 2274 2876 2589 2944; x_wconf 86' lang='lat' dir='ltr'><strong>dicuntur</strong></span> <span class='ocrx_word' id='word_1_186' title='bbox 2612 2879 2775 2962; x_wconf 84' lang='lat' dir='ltr'><strong>Apo-</strong></span> 
     </span>
     <span class='ocr_line' id='line_1_24' title="bbox 552 2994 2776 3080; baseline 0.002 -23"><span class='ocrx_word' id='word_1_187' title='bbox 552 2994 870 3059; x_wconf 83' lang='lat' dir='ltr'><strong>stolorum</strong></span> <span class='ocrx_word' id='word_1_188' title='bbox 896 3011 1030 3058; x_wconf 91' lang='lat' dir='ltr'><strong>non</strong></span> <span class='ocrx_word' id='word_1_189' title='bbox 1069 3012 1212 3060; x_wconf 85' lang='lat' dir='ltr'><strong>esse</strong></span> <span class='ocrx_word' id='word_1_190' title='bbox 1239 3012 1408 3059; x_wconf 88' lang='lat' dir='ltr'><strong>anno</strong></span> <span class='ocrx_word' id='word_1_191' title='bbox 1426 2995 1558 3059; x_wconf 78' lang='lat'><strong>315</strong></span> <span class='ocrx_word' id='word_1_192' title='bbox 1589 2995 2007 3078; x_wconf 85' lang='lat' dir='ltr'><strong>posteriores.</strong></span> <span class='ocrx_word' id='word_1_193' title='bbox 2036 2995 2226 3060; x_wconf 86' lang='lat' dir='ltr'><strong>Ineis</strong></span> <span class='ocrx_word' id='word_1_194' title='bbox 2252 3012 2449 3078; x_wconf 90' lang='lat' dir='ltr'><strong>porro</strong></span> <span class='ocrx_word' id='word_1_195' title='bbox 2472 2996 2564 3061; x_wconf 87' lang='lat' dir='ltr'><strong>ita</strong></span> <span class='ocrx_word' id='word_1_196' title='bbox 2583 3013 2776 3080; x_wconf 88' lang='lat' dir='ltr'><strong>repe·</strong></span> 
     </span>
     <span class='ocr_line' id='line_1_25' title="bbox 557 3109 2777 3194; baseline 0.001 -21"><span class='ocrx_word' id='word_1_197' title='bbox 557 3109 758 3173; x_wconf 86' lang='lat' dir='ltr'><strong>rimus</strong></span> <span class='ocrx_word' id='word_1_198' title='bbox 781 3128 800 3173; x_wconf 73' lang='grc' dir='ltr'><strong><em>τ</em></strong></span> <span class='ocrx_word' id='word_1_199' title='bbox 823 3113 914 3173; x_wconf 87' lang='lat' dir='ltr'><strong>De</strong></span> <span class='ocrx_word' id='word_1_200' title='bbox 937 3112 1248 3192; x_wconf 78' lang='lat' dir='ltr'><strong>Episcopis</strong></span> <span class='ocrx_word' id='word_1_201' title='bbox 1277 3130 1418 3174; x_wconf 84' lang='lat' dir='ltr'><strong>vero</strong></span> <span class='ocrx_word' id='word_1_202' title='bbox 1446 3129 1526 3173; x_wconf 73' lang='lat' dir='ltr'><strong>ex</strong></span> <span class='ocrx_word' id='word_1_203' title='bbox 1556 3113 1812 3174; x_wconf 77' lang='lat' dir='ltr'><strong>Domino</strong></span> <span class='ocrx_word' id='word_1_204' title='bbox 1843 3118 2047 3174; x_wconf 74' lang='lat' dir='ltr'><strong>nostro</strong></span> <span class='ocrx_word' id='word_1_205' title='bbox 2075 3114 2440 3192; x_wconf 71' lang='lat' dir='ltr'><strong>audivimus,</strong></span> <span class='ocrx_word' id='word_1_206' title='bbox 2477 3120 2777 3194; x_wconf 79' lang='lat' dir='ltr'><strong>pastorem</strong></span> 
     </span>
     <span class='ocr_line' id='line_1_26' title="bbox 554 3225 2780 3312; baseline 0.001 -25"><span class='ocrx_word' id='word_1_207' title='bbox 554 3230 945 3288; x_wconf 77' lang='lat' dir='ltr'><strong>constitutum</strong></span> <span class='ocrx_word' id='word_1_208' title='bbox 980 3228 1336 3307; x_wconf 70' lang='lat' dir='ltr'><strong>Episcopum</strong></span> <span class='ocrx_word' id='word_1_209' title='bbox 1381 3230 1448 3289; x_wconf 75' lang='lat' dir='ltr'><strong>in</strong></span> <span class='ocrx_word' id='word_1_210' title='bbox 1480 3229 1741 3290; x_wconf 79' lang='lat' dir='ltr'><strong>ecclesiis</strong></span> <span class='ocrx_word' id='word_1_211' title='bbox 1784 3232 1968 3291; x_wconf 76' lang='lat' dir='ltr'><strong>totius</strong></span> <span class='ocrx_word' id='word_1_212' title='bbox 1995 3231 2293 3310; x_wconf 74' lang='lat' dir='ltr'><strong>paroect‘oe.</strong></span> <span class='ocrx_word' id='word_1_213' title='bbox 2309 3274 2323 3290; x_wconf 93' lang='lat'><strong>.</strong></span> <span class='ocrx_word' id='word_1_214' title='bbox 2338 3275 2353 3291; x_wconf 99' lang='lat'><strong>.</strong></span> <span class='ocrx_word' id='word_1_215' title='bbox 2394 3225 2471 3312; x_wconf 82' lang='lat' dir='ltr'><strong>(V</strong></span> <span class='ocrx_word' id='word_1_216' title='bbox 2474 3225 2584 3291; x_wconf 82' lang='lat' dir='ltr'><strong>ide</strong></span> <span class='ocrx_word' id='word_1_217' title='bbox 2634 3233 2780 3292; x_wconf 83' lang='lat' dir='ltr'><strong>tex-</strong></span> 
     </span>
     <span class='ocr_line' id='line_1_27' title="bbox 556 3339 2780 3428; baseline 0.001 -23"><span class='ocrx_word' id='word_1_218' title='bbox 556 3347 698 3405; x_wconf 90' lang='lat' dir='ltr'><strong>tum</strong></span> <span class='ocrx_word' id='word_1_219' title='bbox 726 3358 1009 3425; x_wconf 82' lang='lat' dir='ltr'><strong>groecum</strong></span> <span class='ocrx_word' id='word_1_220' title='bbox 1038 3339 1214 3424; x_wconf 88' lang='lat' dir='ltr'><strong>apud</strong></span> <span class='ocrx_word' id='word_1_221' title='bbox 1245 3341 1467 3420; x_wconf 81' lang='lat' dir='ltr'><strong>Mansi,</strong></span> <span class='ocrx_word' id='word_1_222' title='bbox 1502 3344 1764 3420; x_wconf 69' lang='lat' dir='ltr'><strong>Conon„</strong></span> <span class='ocrx_word' id='word_1_223' title='bbox 1797 3350 1958 3407; x_wconf 88' lang='lat' dir='ltr'><strong>tom.</strong></span> <span class='ocrx_word' id='word_1_224' title='bbox 1997 3344 2056 3420; x_wconf 82' lang='lat'><strong>1,</strong></span> <span class='ocrx_word' id='word_1_225' title='bbox 2091 3359 2238 3428; x_wconf 79' lang='lat' dir='ltr'><strong>pag.</strong></span> <span class='ocrx_word' id='word_1_226' title='bbox 2274 3343 2426 3419; x_wconf 83' lang='lat'>285,</span> <span class='ocrx_word' id='word_1_227' title='bbox 2449 3339 2613 3406; x_wconf 80' lang='lat' dir='ltr'><strong>edit.</strong></span> <span class='ocrx_word' id='word_1_228' title='bbox 2643 3341 2780 3408; x_wconf 74' lang='lat' dir='ltr'><strong>Plo-</strong></span> 
     </span>
     <span class='ocr_line' id='line_1_28' title="bbox 559 3453 2772 3539; baseline 0 -18"><span class='ocrx_word' id='word_1_229' title='bbox 559 3457 784 3523; x_wconf 80' lang='lat' dir='ltr'><strong>rentiae</strong></span> <span class='ocrx_word' id='word_1_230' title='bbox 842 3453 1061 3538; x_wconf 85' lang='lat'><strong>1759.)</strong></span> <span class='ocrx_word' id='word_1_231' title='bbox 1124 3457 1201 3521; x_wconf 89' lang='lat' dir='ltr'><strong>In</strong></span> <span class='ocrx_word' id='word_1_232' title='bbox 1241 3454 1470 3522; x_wconf 85' lang='lat' dir='ltr'><strong>iisdem</strong></span> <span class='ocrx_word' id='word_1_233' title='bbox 1504 3457 2072 3524; x_wconf 84' lang='lat' dir='ltr'><strong>constitutionibus</strong></span> <span class='ocrx_word' id='word_1_234' title='bbox 2106 3456 2275 3523; x_wconf 85' lang='lat' dir='ltr'><strong>libro</strong></span> <span class='ocrx_word' id='word_1_235' title='bbox 2313 3459 2376 3534; x_wconf 81' lang='lat'><strong>2,</strong></span> <span class='ocrx_word' id='word_1_236' title='bbox 2421 3458 2633 3539; x_wconf 85' lang='lat' dir='ltr'><strong>capite</strong></span> <span class='ocrx_word' id='word_1_237' title='bbox 2678 3459 2721 3521; x_wconf 84' lang='lat'><strong>6</strong></span> <span class='ocrx_word' id='word_1_238' title='bbox 2754 3475 2772 3521; x_wconf 76' lang='grc' dir='ltr'><strong><em>ε</em></strong></span> 
     </span>
     <span class='ocr_line' id='line_1_29' title="bbox 561 3572 2782 3652; baseline 0 -20"><span class='ocrx_word' id='word_1_239' title='bbox 561 3572 697 3632; x_wconf 77' lang='lat' dir='ltr'><strong>Non</strong></span> <span class='ocrx_word' id='word_1_240' title='bbox 722 3575 808 3631; x_wconf 78' lang='lat' dir='ltr'><strong>sit</strong></span> <span class='ocrx_word' id='word_1_241' title='bbox 829 3572 1162 3650; x_wconf 71' lang='lat' dir='ltr'><strong>Episcopus</strong></span> <span class='ocrx_word' id='word_1_242' title='bbox 1183 3575 1449 3650; x_wconf 77' lang='lat' dir='ltr'><strong>turpiter</strong></span> <span class='ocrx_word' id='word_1_243' title='bbox 1494 3577 1941 3652; x_wconf 74' lang='lat' dir='ltr'><strong>quoestuosus...</strong></span> <span class='ocrx_word' id='word_1_244' title='bbox 1963 3589 2098 3632; x_wconf 80' lang='lat' dir='ltr'><strong>cum</strong></span> <span class='ocrx_word' id='word_1_245' title='bbox 2138 3574 2296 3632; x_wconf 77' lang='lat' dir='ltr'><strong>enim</strong></span> <span class='ocrx_word' id='word_1_246' title='bbox 2336 3575 2515 3631; x_wconf 75' lang='lat' dir='ltr'><strong>extra</strong></span> <span class='ocrx_word' id='word_1_247' title='bbox 2551 3585 2782 3632; x_wconf 80' lang='lat' dir='ltr'><strong>omnem</strong></span> 
     </span>
     <span class='ocr_line' id='line_1_30' title="bbox 562 3684 2782 3766; baseline 0 -21"><span class='ocrx_word' id='word_1_248' title='bbox 562 3685 1071 3762; x_wconf 73' lang='lat' dir='ltr'><strong>reprehensionem</strong></span> <span class='ocrx_word' id='word_1_249' title='bbox 1104 3691 1316 3765; x_wconf 81' lang='lat' dir='ltr'><strong>pastor</strong></span> <span class='ocrx_word' id='word_1_250' title='bbox 1343 3692 1484 3764; x_wconf 73' lang='lat' dir='ltr'><strong>erit,</strong></span> <span class='ocrx_word' id='word_1_251' title='bbox 1503 3688 1775 3766; x_wconf 74' lang='lat' dir='ltr'><strong>eaeemplo</strong></span> <span class='ocrx_word' id='word_1_252' title='bbox 1804 3691 1949 3748; x_wconf 73' lang='lat' dir='ltr'><strong>vitoe</strong></span> <span class='ocrx_word' id='word_1_253' title='bbox 1972 3704 2109 3748; x_wconf 82' lang='lat' dir='ltr'><strong>suos</strong></span> <span class='ocrx_word' id='word_1_254' title='bbox 2143 3684 2474 3763; x_wconf 73' lang='lat' dir='ltr'><strong>discipulos</strong></span> <span class='ocrx_word' id='word_1_255' title='bbox 2502 3686 2587 3746; x_wconf 82' lang='lat' dir='ltr'><strong>ad</strong></span> <span class='ocrx_word' id='word_1_256' title='bbox 2613 3686 2782 3763; x_wconf 71' lang='lat' dir='ltr'><strong>facta</strong></span> 
     </span>
     <span class='ocr_line' id='line_1_31' title="bbox 556 3797 2782 3883; baseline 0.001 -23"><span class='ocrx_word' id='word_1_257' title='bbox 556 3817 669 3861; x_wconf 82' lang='lat' dir='ltr'><strong>sua</strong></span> <span class='ocrx_word' id='word_1_258' title='bbox 696 3805 756 3861; x_wconf 79' lang='lat' dir='ltr'><strong>et</strong></span> <span class='ocrx_word' id='word_1_259' title='bbox 783 3804 1044 3862; x_wconf 75' lang='lat' dir='ltr'><strong>actiones</strong></span> <span class='ocrx_word' id='word_1_260' title='bbox 1064 3803 1393 3864; x_wconf 75' lang='lat' dir='ltr'><strong>imitandas</strong></span> <span class='ocrx_word' id='word_1_261' title='bbox 1423 3803 1714 3882; x_wconf 74' lang='lat' dir='ltr'><strong>impellet.</strong></span> <span class='ocrx_word' id='word_1_262' title='bbox 1742 3800 1827 3866; x_wconf 80' lang='lat' dir='ltr'><strong>Et</strong></span> <span class='ocrx_word' id='word_1_263' title='bbox 1860 3799 2105 3865; x_wconf 84' lang='lat' dir='ltr'><strong>ibidem</strong></span> <span class='ocrx_word' id='word_1_264' title='bbox 2133 3797 2485 3883; x_wconf 78' lang='lat' dir='ltr'><strong>capitolo:</strong></span> <span class='ocrx_word' id='word_1_265' title='bbox 2508 3802 2623 3863; x_wconf 70' lang='lat' dir='ltr'><strong>sin</strong></span> <span class='ocrx_word' id='word_1_266' title='bbox 2640 3817 2782 3862; x_wconf 81' lang='lat' dir='ltr'><strong>vero</strong></span> 
     </span>
     <span class='ocr_line' id='line_1_32' title="bbox 556 3915 2774 3999; baseline -0 -23"><span class='ocrx_word' id='word_1_267' title='bbox 556 3919 613 3976; x_wconf 77' lang='lat' dir='ltr'><strong>is</strong></span> <span class='ocrx_word' id='word_1_268' title='bbox 632 3919 738 3996; x_wconf 76' lang='lat' dir='ltr'><strong>qui</strong></span> <span class='ocrx_word' id='word_1_269' title='bbox 751 3921 1041 3994; x_wconf 75' lang='lat' dir='ltr'><strong>peccavit,</strong></span> <span class='ocrx_word' id='word_1_270' title='bbox 1066 3918 1427 3996; x_wconf 76' lang='lat' dir='ltr'><strong>Episcopum</strong></span> <span class='ocrx_word' id='word_1_271' title='bbox 1444 3923 1504 3979; x_wconf 79' lang='lat' dir='ltr'><strong>ee</strong></span> <span class='ocrx_word' id='word_1_272' title='bbox 1514 3919 1795 3980; x_wconf 77' lang='lat' dir='ltr'><strong>diaconos</strong></span> <span class='ocrx_word' id='word_1_273' title='bbox 1809 3920 1937 3999; x_wconf 71' lang='lat' dir='ltr'><strong>eius</strong></span> <span class='ocrx_word' id='word_1_274' title='bbox 1956 3917 2161 3979; x_wconf 76' lang='lat' dir='ltr'><strong>videat</strong></span> <span class='ocrx_word' id='word_1_275' title='bbox 2177 3918 2428 3977; x_wconf 73' lang='lat' dir='ltr'><strong>crimine</strong></span> <span class='ocrx_word' id='word_1_276' title='bbox 2444 3915 2683 3977; x_wconf 71' lang='lat' dir='ltr'><strong>liberos.</strong></span> <span class='ocrx_word' id='word_1_277' title='bbox 2699 3961 2714 3975; x_wconf 92' lang='lat'><strong>.</strong></span> <span class='ocrx_word' id='word_1_278' title='bbox 2729 3959 2744 3975; x_wconf 91' lang='lat'><strong>.</strong></span> <span class='ocrx_word' id='word_1_279' title='bbox 2757 3961 2774 3990; x_wconf 83' lang='lat'>,</span> 
     </span>
     <span class='ocr_line' id='line_1_33' title="bbox 558 4030 2787 4112; baseline 0 -20"><span class='ocrx_word' id='word_1_280' title='bbox 558 4035 824 4110; x_wconf 75' lang='lat' dir='ltr'><strong>primum</strong></span> <span class='ocrx_word' id='word_1_281' title='bbox 865 4031 1102 4110; x_wconf 77' lang='lat' dir='ltr'><strong>quidem</strong></span> <span class='ocrx_word' id='word_1_282' title='bbox 1154 4049 1275 4095; x_wconf 76' lang='lat' dir='ltr'><strong>aon</strong></span> <span class='ocrx_word' id='word_1_283' title='bbox 1321 4034 1565 4095; x_wconf 71' lang='lat' dir='ltr'><strong>audebit</strong></span> <span class='ocrx_word' id='word_1_284' title='bbox 1604 4031 1845 4112; x_wconf 73' lang='lat' dir='ltr'><strong>inqredi</strong></span> <span class='ocrx_word' id='word_1_285' title='bbox 1889 4049 1999 4111; x_wconf 84' lang='lat' dir='ltr'><strong>per</strong></span> <span class='ocrx_word' id='word_1_286' title='bbox 2030 4036 2431 4109; x_wconf 74' lang='lat' dir='ltr'><strong>contemptum</strong></span> <span class='ocrx_word' id='word_1_287' title='bbox 2471 4033 2538 4091; x_wconf 78' lang='lat' dir='ltr'><strong>in</strong></span> <span class='ocrx_word' id='word_1_288' title='bbox 2588 4030 2787 4092; x_wconf 78' lang='lat' dir='ltr'><strong>Eccle-</strong></span> 
     </span>
     <span class='ocr_line' id='line_1_34' title="bbox 560 4143 2786 4226; baseline 0 -18"><span class='ocrx_word' id='word_1_289' title='bbox 560 4151 869 4224; x_wconf 75' lang='lat' dir='ltr'><strong>siam....;</strong></span> <span class='ocrx_word' id='word_1_290' title='bbox 901 4152 1012 4208; x_wconf 74' lang='lat' dir='ltr'><strong>aut</strong></span> <span class='ocrx_word' id='word_1_291' title='bbox 1045 4165 1086 4206; x_wconf 86' lang='lat' dir='ltr'><strong>a</strong></span> <span class='ocrx_word' id='word_1_292' title='bbox 1111 4152 1352 4225; x_wconf 80' lang='lat' dir='ltr'><strong>pastore</strong></span> <span class='ocrx_word' id='word_1_293' title='bbox 1376 4152 1639 4210; x_wconf 75' lang='lat' dir='ltr'><strong>monitus</strong></span> <span class='ocrx_word' id='word_1_294' title='bbox 1665 4149 1750 4210; x_wconf 82' lang='lat' dir='ltr'><strong>ad</strong></span> <span class='ocrx_word' id='word_1_295' title='bbox 1797 4151 2211 4226; x_wconf 76' lang='lat' dir='ltr'><strong>poenitentiam</strong></span> <span class='ocrx_word' id='word_1_296' title='bbox 2252 4146 2606 4208; x_wconf 77' lang='lat' dir='ltr'><strong>adducetur.</strong></span> <span class='ocrx_word' id='word_1_297' title='bbox 2652 4143 2786 4209; x_wconf 88' lang='lat' dir='ltr'><strong>Ibi-</strong></span> 
     </span>
     <span class='ocr_line' id='line_1_35' title="bbox 561 4255 2785 4341; baseline -0.002 -17"><span class='ocrx_word' id='word_1_298' title='bbox 561 4255 713 4324; x_wconf 89' lang='lat' dir='ltr'><strong>dem</strong></span> <span class='ocrx_word' id='word_1_299' title='bbox 758 4265 956 4340; x_wconf 78' lang='lat' dir='ltr'><strong>caput</strong></span> <span class='ocrx_word' id='word_1_300' title='bbox 1009 4259 1089 4323; x_wconf 85' lang='lat'><strong>19</strong></span> <span class='ocrx_word' id='word_1_301' title='bbox 1130 4258 1223 4322; x_wconf 84' lang='lat' dir='ltr'><strong>sic</strong></span> <span class='ocrx_word' id='word_1_302' title='bbox 1277 4257 1652 4324; x_wconf 79' lang='lat' dir='ltr'><strong>inscribitur</strong></span> <span class='ocrx_word' id='word_1_303' title='bbox 1682 4280 1697 4324; x_wconf 76' lang='lat' dir='ltr'><strong><em>z</em></strong></span> <span class='ocrx_word' id='word_1_304' title='bbox 1745 4261 1918 4340; x_wconf 81' lang='lat' dir='ltr'><strong>Quod</strong></span> <span class='ocrx_word' id='word_1_305' title='bbox 1940 4265 2154 4340; x_wconf 80' lang='lat' dir='ltr'><strong>pastor</strong></span> <span class='ocrx_word' id='word_1_306' title='bbox 2166 4263 2272 4341; x_wconf 77' lang='lat' dir='ltr'><strong>qui</strong></span> <span class='ocrx_word' id='word_1_307' title='bbox 2308 4277 2372 4320; x_wconf 84' lang='lat' dir='ltr'><strong>se</strong></span> <span class='ocrx_word' id='word_1_308' title='bbox 2412 4259 2785 4339; x_wconf 72' lang='lat' dir='ltr'><strong>acyliyenter</strong></span> 
     </span>
     <span class='ocr_line' id='line_1_36' title="bbox 554 4373 2791 4454; baseline -0.002 -18"><span class='ocrx_word' id='word_1_309' title='bbox 554 4379 735 4451; x_wconf 75' lang='lat' dir='ltr'><strong>yen‘t,</strong></span> <span class='ocrx_word' id='word_1_310' title='bbox 777 4390 909 4434; x_wconf 72' lang='lat' dir='ltr'><strong>cum</strong></span> <span class='ocrx_word' id='word_1_311' title='bbox 937 4373 1144 4436; x_wconf 74' lang='lat' dir='ltr'><strong>ovibus</strong></span> <span class='ocrx_word' id='word_1_312' title='bbox 1166 4391 1378 4454; x_wconf 74' lang='lat' dir='ltr'><strong>ponas</strong></span> <span class='ocrx_word' id='word_1_313' title='bbox 1406 4375 1694 4450; x_wconf 51' lang='lat' dir='ltr'><strong>socom-et</strong></span> <span class='ocrx_word' id='word_1_314' title='bbox 1713 4376 1844 4436; x_wconf 74' lang='lat' dir='ltr'><strong>ovis</strong></span> <span class='ocrx_word' id='word_1_315' title='bbox 1864 4391 1996 4452; x_wconf 74' lang='lat' dir='ltr'><strong>qma</strong></span> <span class='ocrx_word' id='word_1_316' title='bbox 2026 4392 2150 4437; x_wconf 76' lang='lat' dir='ltr'><strong>aon</strong></span> <span class='ocrx_word' id='word_1_317' title='bbox 2171 4378 2347 4452; x_wconf 79' lang='lat' dir='ltr'><strong>paret</strong></span> <span class='ocrx_word' id='word_1_318' title='bbox 2376 4377 2635 4450; x_wconf 75' lang='lat' dir='ltr'><strong>pastori,</strong></span> <span class='ocrx_word' id='word_1_319' title='bbox 2672 4390 2791 4451; x_wconf 74' lang='lat' dir='ltr'><strong>pu-</strong></span> 
     </span>
    </p>
   </div>
  </div>
 </body>
</html>
