3146 4973
626 380 766 447 '584
1317 397 1697 447 rme-runs
1742 400 1830 447 ns
1872 397 2200 482 ranocuo.

641 526 878 587 coetera
902 521 970 586 in
1007 524 1341 604 posterum
1360 542 1488 588 non
1522 521 1666 590 fore
1701 521 1786 589 de
1815 529 2146 606 praecepto
2178 521 2648 605 pronuntiavit.
2671 524 2846 604 Quae·

640 656 786 702 nam
839 646 1060 705 autem
1098 640 1226 703 sint
1277 639 1385 705 illa
1430 648 1692 721 caetera,
1733 660 1863 707 non
1912 638 2099 704 dixit.
2138 639 2226 703 Ea
2273 645 2491 703 tamen
2540 647 2719 704 certo
2759 637 2845 703 di·

639 771 948 835 gnoscere
986 753 1419 836 parochorum
1450 755 1727 819 interest
1764 754 2063 839 plurimi,
2108 772 2256 817 cum
2288 753 2364 817 iis
2405 753 2600 818 etiam
2635 750 2848 817 diebus

639 868 896 933 missam
942 887 1060 953 pro
1109 869 1353 951 populo
1408 868 1646 935 offerre
1692 874 2067 934 teneantur.
2104 869 2315 933 Porro
2359 868 2425 931 in
2459 865 2849 932 contexendo

638 985 869 1049 horum
919 984 1241 1049 festorum
1276 985 1550 1051 elencho
1594 988 1882 1051 occurrit
1932 984 2306 1069 gravissima
2343 986 2611 1069 quaestio
2647 1006 2660 1049 :
2696 987 2756 1048 1⁰
2779 1003 2850 1048 an

638 1102 804 1167 ratio
852 1100 1152 1166 habenda
1198 1101 1282 1166 sit
1327 1108 1761 1177 statutorum,
1816 1102 2051 1186 quibus
2108 1101 2238 1184 jam
2295 1101 2585 1167 nonnulli
2646 1099 2850 1165 Galliae

641 1216 935 1299 Episcopi
974 1217 1160 1299 plura
1213 1217 1380 1282 festa
1432 1219 1497 1282 in
1549 1220 1681 1282 suis
1735 1217 2128 1283 dioecesibus
2171 1217 2433 1299 propria
2482 1216 2852 1281 auctoritate

617 1339 1181 1415 -suppresserant3
1247 1336 1315 1397 2⁰
1353 1352 1435 1397 an
1482 1331 1787 1398 standum
1839 1334 1921 1397 sit
1958 1333 2276 1398 festorum
2324 1331 2639 1414 catalogo,
2673 1349 2850 1414 quem

637 1446 938 1513 Urbanus
967 1449 1141 1523 VIII,
1176 1449 1243 1512 in
1273 1468 1385 1514 sua
1418 1449 1879 1515 constitutione
1919 1452 2217 1512 Universa
2260 1467 2368 1526 per
2405 1449 2624 1521 orbem,
2654 1445 2852 1511 idibus

637 1561 1023 1644 septembris
1087 1565 1272 1640 1432,
1321 1565 1660 1646 exaravit3
1722 1568 1791 1629 3⁰
1827 1583 1909 1629 an
1952 1565 2170 1647 potius
2221 1560 2479 1626 cuidam
2533 1561 2727 1625 alteri
2772 1559 2853 1626 di·

637 1678 828 1743 verso
869 1680 1163 1763 catalogo
1187 1727 1204 1756 ‚
1253 1700 1289 1744 a
1331 1681 1667 1746 Clemente
1717 1683 1862 1745 XIV
1903 1679 2263 1763 descripto.
2310 1680 2468 1760 Quoe
2525 1676 2852 1743 difficultas

639 1793 950 1859 solvenda
971 1795 1106 1859 visa
1138 1803 1238 1860 est
1263 1801 1336 1860 ut
1361 1797 1659 1881 sequitur
1692 1819 1705 1859 :
1776 1807 1780 1810 “

726 1912 777 1974 Ι.
814 1912 913 1976 De
948 1913 1310 1995 suppressis
1341 1913 1492 1979 olim
1524 1914 1591 1977 in
1623 1913 1826 1977 Gallia
1866 1911 2049 1977 festis
2082 1931 2200 1996 per
2234 1913 2695 1977 nonnullorum
2730 1912 2854 1993 Epi·

636 2043 986 2108 scoporum
1033 2026 1499 2105 ordinationes,
1555 2047 1685 2092 non
1737 2035 1838 2092 est
1888 2027 2187 2094 habenda
2223 2029 2415 2119 ratio.
2474 2033 2538 2091 1ο
2567 2028 2751 2109 Quia,
2782 2033 2846 2089 ut

636 2142 700 2205 in
734 2149 1014 2208 tractatu
1065 2141 1147 2209 de
1188 2143 1337 2228 jure
1386 2145 1692 2228 liturgico
1725 2144 2167 2229 probavimus,
2219 2143 2539 2229 ejusmodi
2586 2148 2847 2226 potesta-

637 2266 772 2323 tem
804 2258 971 2324 festa
1021 2258 1470 2343 supprimendi
1515 2280 1643 2326 non
1676 2259 1917 2327 habent
1954 2261 2294 2344 Episcopi3
2332 2266 2408 2324 ut
2448 2258 2723 2343 proinde
2773 2259 2848 2321 in·

637 2367 848 2434 valida
896 2370 1094 2436 fuisse
1123 2372 1492 2454 suppressio
1547 2371 1683 2438 haec
1717 2370 2040 2436 censenda
2095 2373 2197 2437 sit.
2240 2375 2307 2436 2⁰
2334 2371 2495 2452 Quia
2529 2368 2849 2436 exstinctis

637 2504 759 2570 per
793 2486 1005 2553 bullas
1051 2485 1428 2553 concordati
1475 2490 1626 2554 anni
1672 2491 1827 2555 1801
1878 2488 2271 2554 dioecesibus
2329 2486 2649 2564 omnibuS,
2689 2485 2851 2551 dicta

639 2600 952 2668 festorum
983 2605 1356 2687 suppressio
1393 2604 1458 2668 in
1493 2605 1772 2687 antiquis
1818 2602 2210 2669 dioecesibus
2253 2603 2447 2678 facta,
2485 2603 2610 2667 etsi
2650 2597 2851 2665 valida

635 2717 884 2793 fuisset,
914 2738 1320 2804 nequaquam
1358 2726 1576 2785 tamen
1608 2718 1824 2803 quoad
1864 2721 2124 2785 noviter
2156 2725 2415 2783 erectas
2446 2719 2577 2782 vim
2612 2716 2841 2781 habere

641 2832 967 2898 censenda
995 2834 1191 2899 foret.

726 2947 813 3010 ΙΙ.
857 2946 953 3012 Ad
982 2956 1161 3013 recte
1193 2947 1633 3032 dignoscenda
1668 2949 1844 3016 dicta
1873 2950 2039 3016 festa
2081 2968 2447 3033 suppressa,
2488 2967 2607 3030 pro
2638 2963 2847 3013 norma

640 3082 770 3128 non
819 3065 1203 3131 assumenda
1251 3075 1351 3132 est
1410 3068 1729 3134 festorum
1771 3069 2199 3148 enumeratio,
2249 3086 2440 3152 quam
2469 3067 2537 3130 in
2577 3086 2694 3130 sua
2725 3081 2849 3128 con-

641 3180 976 3268 stitutione
1009 3179 1139 3247 diei
1172 3185 1253 3247 27
1297 3184 1552 3266 augusti
1604 3186 1773 3248 1770
1809 3182 2121 3248 describit
2160 3185 2458 3248 Clemens
2492 3182 2665 3246 xlv.
2704 3181 2846 3245 Cum

644 3295 814 3360 enim
853 3297 1225 3361 constitutio
1263 3298 1398 3362 haec
1442 3297 1595 3363 data
1638 3300 1720 3362 sit
1755 3318 1867 3377 pro
1903 3304 2151 3361 civitate
2189 3305 2249 3361 et
2291 3301 2527 3361 dioecesi
2584 3298 2849 3360 misnensi

644 3407 1006 3487 dumtaxat,
1055 3413 1118 3474 in
1164 3419 1480 3498 quantum
1535 3411 1702 3478 festa
1748 3410 1831 3477 de
1878 3418 2205 3496 praecepto
2266 3412 2454 3477 aliter
2499 3415 2841 3480 enumerat,

644 3544 834 3611 quam
877 3526 962 3592 de
990 3528 1138 3612 jure
1179 3531 1502 3593 communi
1533 3537 1723 3594 antea
1751 3530 2078 3613 vigebant,
2110 3527 2435 3594 censenda
2470 3535 2571 3593 est
2594 3526 2701 3612 jus
2729 3542 2849 3608 par-

643 3643 918 3707 ticulare
945 3642 1140 3727 hujus
1163 3643 1520 3709 dioecescos
1551 3643 2042 3720 determinasse,
2078 3664 2206 3710 non
2239 3650 2454 3710 autem
2490 3644 2701 3727 legem
2728 3638 2852 3705 uni-

646 3757 966 3822 versalem
983 3758 1390 3847 immutasse.

737 3872 1055 3956 Equidem
1109 3876 1176 3940 in
1220 3879 1616 3944 contrarium
1668 3876 1905 3943 adduci
1959 3884 2177 3961 potest
2229 3895 2610 3961 responsum
2660 3870 2851 3959 quod·

648 3990 799 4055 dam
820 3988 906 4054 ad
937 3992 1440 4058 Namurcensem
1475 3994 1862 4077 Episcopum
1897 3991 2247 4070 directum,
2288 3997 2368 4058 27
2393 3990 2670 4076 januarii
2702 3987 2849 4055 1842

650 4108 921 4192 (editum
960 4110 1026 4173 in
1076 4109 1457 4176 collectione
1497 4113 1599 4174 cui
1639 4110 1890 4186 tituluS,
1923 4115 2124 4175 Sam-ce
2171 4114 2418 4172 Rituum
2451 4109 2851 4190 Conqreqatio-

648 4230 744 4287 nis
785 4228 1022 4288 decreta
1057 4227 1425 4302 authentica,
1468 4227 1694 4308 pagina
1740 4228 1885 4303 153,
1923 4224 2083 4290 edit.
2113 4222 2335 4290 Leodii
2377 4220 2594 4305 1851).
2631 4223 2851 4300 Propo-

647 4350 868 4407 suerat
907 4359 1141 4424 nempe
1179 4339 1761 4406 reverendissimus
1790 4343 2242 4407 Namurcensis
2280 4342 2629 4424 Episcopus
2664 4339 2847 4401 Sacrae

651 4457 1143 4538 Congregationi
1177 4456 1442 4523 Concilii
1471 4459 1807 4540 sequentia
1845 4454 2042 4521 dubia
2100 4480 2112 4520 :
2158 4460 2250 4519 An
2290 4463 2473 4518 missa
2503 4450 2847 4535 parochialis

3036 430 3042 517 4

3035 4515 3042 4795 ι
