3146 4973
615 334 741 399 596
1288 349 1665 398 Tmc‘rarus
1711 351 1797 398 nn
1845 350 2174 398 ranocuo.

1488 635 1758 700 CAPUT
1794 637 1967 700 vlu.

1010 901 1324 948 OFFICIUM
1371 901 1657 948 PAnocm
1705 902 1930 962 QUOAD
1977 902 2420 949 MATRIMONIA.

693 1167 752 1226 1.
789 1162 1076 1226 Tenetur
1113 1168 1446 1226 contracta
1478 1162 1882 1228 matrimonia
1919 1166 2223 1227 accurate
2258 1159 2635 1228 describere
2671 1165 2736 1228 in
2772 1164 2838 1227 li-

595 1276 717 1343 bro
742 1275 830 1343 ad
860 1275 932 1342 id
959 1276 1304 1342 destinato.
1342 1278 1440 1342 De
1472 1295 1602 1361 quo
1634 1283 1847 1342 exstat
1875 1295 2261 1361 expressum
2293 1276 2659 1343 Tridentini
2689 1298 2835 1344 con-

597 1394 725 1460 cilii
754 1370 1176 1477 praeceptum,
1207 1394 1273 1456 in
1327 1391 1499 1458 hunc
1541 1391 1806 1459 modum
1845 1415 1859 1458 ε
1900 1397 2134 1456 Habeat
2157 1395 2458 1475 parochus
2488 1396 2732 1475 tibrum,
2774 1403 2833 1458 in

591 1530 704 1590 quo
752 1514 1066 1590 conjuqum
1101 1516 1159 1571 et
1198 1514 1438 1572 testium
1481 1515 1748 1587 nomina,
1796 1513 2069 1590 diemque
2095 1517 2153 1572 et
2186 1513 2377 1572 locum
2403 1517 2696 1574 contracti
2718 1532 2834 1573 ma-

592 1632 866 1689 trimonii
911 1628 1230 1703 describat,
1268 1647 1436 1706 quem
1474 1629 1800 1706 ditiqenter
1844 1630 2009 1708 apud
2057 1645 2118 1688 se
2162 1629 2465 1690 custodiat
2500 1626 2675 1712 (sess
2720 1629 2822 1705 24,

591 1762 648 1807 c.
693 1746 750 1819 1,
778 1745 853 1805 de
895 1745 1027 1822 Res.
1057 1739 1298 1824 matr.).
1334 1740 1524 1821 Quod
1579 1741 2035 1808 Tridentinum
2092 1749 2493 1825 praeceptum
2550 1744 2828 1827 obligare

589 1858 713 1924 sub
761 1860 945 1940 gravi
996 1865 1224 1923 tenent
1278 1856 1587 1923 doctores
1649 1861 2081 1924 communiter
2137 1858 2313 1944 (vide
2368 1859 2711 1925 Barbosam
2759 1865 2830 1924 de

590 1977 801 2054 Officio
839 1982 896 2037 et
940 1983 1234 2054 potestate
1265 1977 1541 2056 parochi,
1589 1981 1777 2056 parte
1817 1978 1875 2053 l,
1923 1973 2094 2039 libro
2128 1983 2190 2054 7,
2242 1971 2339 2055 8).

678 2093 741 2154 2.
783 2090 848 2155 Si
879 2091 1280 2155 contracturi
1326 2090 1453 2154 sint
1496 2089 1613 2155 filii
1650 2089 1941 2166 familiaS,
1994 2097 2343 2175 antequam
2385 2089 2469 2156 ad
2498 2089 2833 2157 denuntia-

589 2208 799 2273 tiones
848 2206 1176 2281 deveniat,
1213 2204 1418 2272 dehet
1454 2225 1566 2272 eos
1622 2224 1911 2285 monere,
1949 2213 2025 2270 ut
2069 2206 2449 2288 parentibus
2498 2208 2835 2273 rationabi-

588 2325 741 2389 liter
765 2324 983 2388 invitis
1010 2341 1138 2387 non
1170 2321 1589 2406 contrahant;
1622 2323 1772 2407 quia
1796 2329 2143 2406 parentum
2184 2321 2532 2399 dissensuS,
2559 2326 2681 2389 etsi
2709 2344 2839 2389 non

590 2438 833 2506 reddat
879 2438 1359 2504 matrimonium
1401 2436 1760 2504 invalidum
1796 2437 1911 2524 (Ι),
1951 2440 2006 2504 si
2038 2446 2258 2505 tamen
2289 2440 2375 2505 sit
2414 2440 2834 2516 rationabilis,

588 2554 758 2621 illud
780 2553 1001 2621 reddit
1037 2554 1368 2636 illicitum3
1400 2554 1489 2619 ita
1539 2561 1614 2618 ut
1666 2562 1825 2618 tunc
1870 2554 2115 2638 absque
2157 2558 2339 2637 gravi
2378 2563 2650 2639 peccato
2693 2558 2842 2620 iniri

593 2680 874 2755 nequeat
903 2694 916 2736 ε
945 2688 1133 2735 secus
1164 2670 1218 2735 si
1245 2677 1551 2751 parentes
1588 2669 2128 2736 irrationabiliter
2166 2671 2576 2735 matrimonio
2604 2671 2841 2736 adver-

595 2794 848 2854 sentur.
890 2786 1076 2872 (Vide
1125 2784 1484 2864 Giraldum‚
1520 2789 1735 2849 Addit.
1771 2789 1854 2849 act
1902 2788 2254 2866 Barbosam,
2286 2791 2361 2850 de
2405 2789 2616 2866 Officio
2655 2808 2840 2869 paro-

595 2905 717 2982 chi,
754 2923 811 2967 c.
844 2904 954 2979 21,
982 2921 1051 2966 n.
1093 2898 1180 2984 1.)

686 3022 750 3085 3.
804 3016 900 3083 Ad
945 3017 1469 3084 denuntiationes
1512 3016 1846 3084 faciendas
1892 3038 2023 3085 non
2075 3017 2280 3086 debet
2322 3017 2674 3099 devenire,
2718 3019 2837 3083 nisi

596 3157 864 3225 sponsos
889 3136 1213 3220 repererit
1248 3134 1607 3200 christiana}
1656 3135 1983 3217 religionis
2023 3132 2410 3200 rudimentis
2447 3134 2839 3200 sufficienter

596 3257 979 3337 instructos;
1012 3253 1103 3316 ita
1144 3258 1217 3315 ut
1266 3250 1493 3315 saltem
1538 3250 1897 3315 orationem
1927 3248 2336 3326 dominicam,
2386 3249 2840 3316 salutationem

596 3371 972 3455 angelicam,
1006 3366 1375 3451 symbolum
1419 3364 1846 3447 apostolicum
1883 3373 1953 3431 et
1990 3372 2318 3448 praecepta
2363 3363 2657 3448 decalogi
2701 3366 2841 3430 cal·-

596 3489 797 3554 leant.
817 3483 1069 3567 Quibus
1095 3480 1466 3547 nationibus
1501 3481 1555 3545 si
1588 3479 2052 3558 destituantur,
2117 3482 2507 3546 matrimonii
2555 3481 2846 3549 celebra·

595 3606 841 3672 tionem
894 3599 1158 3664 differre
1212 3595 1415 3662 debet
1466 3593 1550 3660 ad
1596 3604 1879 3680 tempus,
1916 3596 2125 3662 donec
2179 3617 2254 3662 ea
2310 3596 2679 3663 didicerint.
2738 3600 2844 3664 lta

595 3713 978 3791 tenendum,
1028 3720 1096 3777 et
1137 3712 1523 3776 contrariam
1568 3711 2032 3776 nonnullorum
2082 3711 2535 3795 theologorum
2582 3721 2849 3778 senten·

594 3837 749 3898 tiam
769 3850 909 3896 esse
943 3846 1208 3912 prorsus
1222 3824 1662 3912 rejiciendam,
1690 3825 1843 3891 vide
1867 3827 2217 3910 probatum
2245 3848 2280 3893 a
2314 3829 2670 3895 Benedicto
2689 3831 2849 3894 XIV

600 3948 698 4033 (de
723 3951 871 4028 Syn.
908 3949 1109 4022 dioec„
1155 3943 1324 4008 libro
1358 3951 1420 4020 7,
1462 3961 1604 4025 cap.
1648 3944 1781 4024 29).
1830 3942 2199 4008 Notandum
2254 3952 2472 4010 tamen
2509 3964 2659 4009 cum
2696 3946 2851 4010 lau-

594 4062 752 4129 dato
784 4061 1102 4129 Pontifice
1137 4059 1350 4147 (ibid,
1387 4079 1453 4123 n.
1484 4056 1548 4141 6)
1592 4077 1777 4142 posse
1810 4076 2007 4142 quem
2052 4059 2443 4127 sufficienter
2472 4062 2638 4127 scire
2670 4081 2852 4146 [ιι-ω-

658 4331 726 4390 (1)
766 4327 897 4385 Quod
927 4326 1031 4374 vide
1055 4324 1302 4386 probatum
1331 4323 1489 4384 (etiam
1518 4323 1671 4386 quoad
1701 4323 1921 4386 Galliam)
1948 4323 2070 4386 apud
2102 4323 2403 4374 Benedictum
2433 4325 2543 4373 xlv
2583 4327 2667 4375 {de
2696 4324 2845 4389 syn.

596 4424 762 4482 dioeo„
795 4422 878 4468 m».
913 4422 963 4478 7,
995 4432 1037 4466 c.
1070 4420 1178 4477 ετ).
