3146 4973
1233 462 1313 477 -
1355 447 1421 506 v„
1471 462 1539 474 ..

274 591 637 699 frequens
671 589 774 670 sit
807 586 1234 671 canonistis
1272 612 1363 669 ac
1399 585 1775 695 theologis
1831 585 2193 668 omnibus
2229 588 2512 694 exqui-

276 750 466 821 rere,
520 749 619 804 an
676 748 907 804 varlae
953 735 1219 803 contra
1256 720 1507 829 legem
1545 720 1888 801 inductae
1916 719 2518 803 consuetudines

273 855 619 963 legitima
646 854 1228 964 praescriptione
1263 853 1490 936 licitae
1526 854 1939 936 evaserint.
1975 852 2188 934 Pleni
2244 879 2517 935 eorum

275 988 449 1069 libri
488 987 700 1070 hisce
728 986 1453 1096 disceptationibuS,
1490 987 1730 1069 modo
1779 987 1986 1068 hanc
2025 987 2263 1069 modo
2303 985 2518 1067 illam

274 1122 909 1203 consuetudinem
1000 1120 1101 1201 ad
1179 1122 1447 1201 crisim
1539 1119 2033 1201 vocantibus
2135 1117 2285 1201 Nec
2381 1120 2516 1200 ulli

279 1279 627 1362 unquam
663 1254 742 1333 in
788 1263 1125 1333 mentem
1147 1251 1357 1333 venit
1384 1252 1463 1333 id
1500 1252 1613 1333 eis
1652 1252 1962 1331 crimini
2001 1264 2322 1335 vertere.
2350 1250 2518 1333 lmo

276 1398 553 1468 trunca
579 1412 848 1469 eorum
880 1382 1237 1467 tractatio
1272 1394 1788 1492 reputaretur,
1818 1383 1880 1464 si
1913 1388 2295 1492 practicas
2320 1383 2518 1492 ejus-

277 1521 492 1604 modi
556 1521 1020 1626 quaestiones
1078 1517 1391 1599 silentio
1454 1517 2157 1626 praetermitterent.
2195 1515 2423 1614 Quod
2456 1520 2519 1600 si

280 1654 452 1762 quis
522 1650 1002 1760 illegitimam
1072 1650 1413 1758 aliquam
1473 1650 2119 1732 consuetudinem
2197 1674 2522 1733 erronee

280 1787 698 1867 asseruisse
726 1784 1105 1879 videatur,
1147 1809 1326 1865 eum
1365 1782 1774 1866 confutant
1814 1782 1945 1865 alii
1995 1811 2011 1861 :
2072 1793 2340 1867 atvero
2390 1810 2521 1867 ne-

281 1944 672 2027 quaquam
721 1943 865 2027 pro
905 1917 1187 2000 delicto
1252 1916 1612 2013 habetur,
1660 1918 1875 2026 quod
1917 1918 2013 1999 de
2051 1918 2199 1999 hac
2234 1917 2354 1999 vel
2392 1918 2521 2000 illa

279 2051 593 2162 alicujus
628 2053 980 2160 regionis
1015 2050 1602 2147 consuetudine,
1637 2061 1872 2159 prout
1899 2050 2051 2132 sibi
2088 2052 2341 2133 visum
2372 2063 2515 2149 est,

281 2185 741 2268 sententiam
782 2211 1002 2267 suam
1054 2184 1362 2267 dixerit.
1419 2183 1710 2291 Ecquis
1775 2185 1986 2266 enim
2043 2209 2206 2267 non
2267 2184 2524 2266 videat

281 2342 438 2399 rem
479 2320 577 2400 de
603 2317 757 2398 illis
795 2344 990 2414 esse,
1026 2343 1229 2426 quae,
1261 2327 1525 2426 utpote
1572 2316 1789 2399 nullo
1822 2314 2184 2398 Ecclesiae
2214 2318 2522 2401 decreto

278 2450 644 2546 definitae‚
689 2450 899 2533 licite
933 2461 1263 2558 possunt
1299 2477 1347 2532 a
1381 2449 1834 2534 doctoribus
1885 2452 1968 2532 in
2011 2453 2523 2560 quaestionem

275 2586 591 2667 vocari?
623 2582 820 2664 Hinc
846 2585 1148 2666 etiamsi
1191 2584 1633 2692 illegitimas
1672 2596 1932 2692 aperte
1976 2586 2523 2667 sustinuissem

278 2716 702 2801 nonnullas
726 2714 1226 2798 ecclesiarum
1257 2715 1525 2798 Galliae
1563 2715 2182 2813 consuetudines,
2211 2717 2339 2825 jus
2361 2721 2524 2826 pri-

274 2849 429 2932 vati
457 2848 858 2957 scriptoris
875 2849 1293 2931 excessisse
1318 2850 1760 2931 nullatenus
1787 2874 1924 2931 cen
1935 2849 2221 2932 sendus
2242 2850 2516 2937 forem.

272 2979 373 3063 At
400 3006 564 3064 non
604 3005 698 3063 eo
727 3005 977 3090 usque
1004 2983 1379 3088 processi.
1418 2981 1580 3064 lmo
1621 3007 1666 3062 a
1705 2980 2053 3090 qualibet
2086 2993 2294 3065 certa
2330 3010 2522 3066 con-

275 3111 626 3196 clusione
649 3175 672 3209 ,
754 3115 1012 3221 quoad
1077 3113 1438 3222 praefatas
1516 3114 1785 3196 Galliae
1870 3117 2520 3217 consuetudineS,

274 3244 827 3328 abstinendum
862 3247 1080 3343 duxi,
1124 3272 1447 3356 remque
1496 3256 1744 3329 totam
1779 3246 2269 3330 doctioribus
2322 3274 2523 3333 eno-

273 3377 622 3460 dandam
673 3377 982 3486 reliqui.
1020 3376 1266 3472 Quem
1316 3387 1522 3460 certe
1557 3376 1949 3460 scribendi
2006 3380 2330 3461 modum
2390 3384 2526 3490 qui

272 3511 917 3621 praesumptionis
967 3522 1200 3620 atque
1259 3512 1600 3595 audaciae
1660 3510 2088 3610 insimulat,
2139 3513 2529 3598 videatne

272 3643 445 3753 ipse
480 3644 634 3726 hac
677 3669 815 3725 sua
858 3645 1239 3727 sententia
1276 3646 1897 3729 moderationem
1938 3670 2254 3729 omnem
2293 3662 2526 3758 atque

274 3778 682 3861 veritatem
731 3778 1079 3860 excedat.

376 3912 465 3991 2⁰
512 3910 769 3993 Gratis
807 3910 1134 3993 omnino
1186 3907 1513 4017 fingitur
1558 3936 1835 3994 exosas
1883 3914 2079 3994 mihi
2120 3940 2290 3998 esse
2330 3943 2526 4026 prae·

281 4040 479 4126 satas
509 4043 779 4125 Galliae
816 4042 1448 4142 consuetudineS,
1492 4043 1840 4155 velleque
1873 4072 1996 4129 me
2033 4072 2165 4129 eas
2205 4076 2527 4157 prorsus

278 4176 379 4259 de
415 4176 677 4259 medio
715 4176 1078 4260 sublatas.
1125 4174 1431 4259 Etenim
1465 4174 1683 4286 quod
1741 4203 1835 4260 ex
1889 4178 2073 4287 ipsis
2123 4183 2526 4265 nonnullae

282 4311 453 4418 ipso
483 4308 660 4419 jure
696 4310 1086 4392 communi
1153 4309 1493 4393 utiliores
1559 4336 1723 4393 esse
1777 4312 2080 4421 possint
2117 4311 2245 4419 (ob
2282 4341 2523 4424 pecu—

283 4440 514 4526 liares
540 4467 849 4554 nempe,
882 4444 962 4525 in
1005 4442 1288 4553 quibus
1328 4453 1599 4527 nostra
1625 4444 1861 4529 hodie
1899 4444 2144 4528 Gallia
2176 4459 2522 4532 versatur
