3146 4973
1270 345 1489 391 murex.
2368 329 2495 392 705

2391 437 2493 491 Pac.

338 512 623 575 propositio
654 512 739 559 11⁹.
783 511 832 558 Si
857 509 1211 560 confraternitas
1239 510 1405 557 existat
1421 509 1465 557 in
1486 509 1579 556 alia
1597 509 1792 555 ecclesia
1810 522 1947 570 quam
1966 509 2239 569 parochiali,
2262 510 2331 556 vel

398 600 441 645 in
468 599 625 659 aliquo
650 597 855 644 oratorio
880 595 997 657 (sive
1025 596 1213 656 publico
1244 596 1340 642 sive
1375 593 1573 657 privato)
1600 596 1660 641 ab
1691 594 1887 642 ecclesia
1914 596 2167 654 parochiali
2203 596 2332 655 ejus-

396 699 485 746 que
508 684 829 745 ‹lependeutiis
853 684 1081 742 sejuncto,
1113 688 1309 742 possunt
1335 680 1699 742 independenter
1727 693 1754 727 a
1780 681 1985 739 parocho
2022 680 2067 725 in
2104 680 2332 740 ejusmodi

400 770 595 817 ecclesia
617 769 689 816 vel
717 768 923 816 oratorio
952 765 1345 814 confraternitatis
1373 765 1527 826 peragi
1552 778 1617 812 eae
1638 763 1916 834 functiones,
1958 778 2060 825 quae
2101 777 2191 811 non
2229 771 2341 812 sunt

396 853 684 915 parochiales
732 881 2332 901 .........................
2408 850 2504 896 519

338 937 625 999 Propositio
654 938 765 984 111³.
806 938 858 983 ln
896 935 1033 982 dictis
1059 935 1490 982 confraternitatum
1515 934 1754 992 oratoriis,
1783 934 1841 980 ab
1866 933 2063 981 ecclesia
2086 933 2343 994 parochiali

399 1022 640 1082 sejunctis,
669 1029 863 1082 possunt
892 1019 1077 1066 recitari
1106 1020 1233 1066 horte
1260 1019 1510 1078 canonicae,
1542 1032 1646 1065 cum
1667 1017 1737 1064 vel
1758 1018 1856 1065 sinc
1876 1026 2031 1078 cantu,
2054 1020 2229 1081 absque
2250 1018 2343 1066 ulla

400 1106 590 1166 parochi
628 1105 816 1151 licentia
869 1136 2338 1152 .......................
2412 1103 2510 1150 520

340 1189 629 1251 propositio
658 1190 760 1235 lVfl.
806 1190 856 1234 ln
895 1187 1031 1234 modo
1071 1186 1210 1233 dictis
1254 1186 1683 1234 confraternitatum
1722 1187 1942 1234 oratoriis
1979 1201 2061 1234 seu
2098 1187 2309 1235 ecclesiis
2332 1225 2345 1246 ,

400 1274 623 1321 celebrari
671 1280 824 1333 potest
862 1272 1008 1318 missa
1043 1271 1244 1331 privata,
1293 1270 1640 1318 contradicente
1677 1272 1900 1331 parocho,
1942 1271 2081 1320 modo
2125 1273 2350 1319 assentiat

403 1359 661 1419 Episcopus
694 1393 705 1403 .
737 1393 749 1404 .
805 1389 818 1403 .
937 1388 2339 1406 ......................
2417 1356 2516 1404 520

344 1440 630 1503 propositio
664 1442 744 1487 Vfl.
790 1441 813 1487 J
823 1453 877 1486 us
912 1453 1005 1486 non
1050 1439 1191 1486 habet
1219 1441 1470 1499 parochus,
1516 1439 1674 1487 invitis
1713 1439 2043 1500 confratribus,
2092 1440 2349 1488 doctrinam

406 1526 707 1573 christianam
731 1523 928 1572 docendi
949 1524 995 1570 in
1016 1522 1156 1571 dictis
1181 1537 1343 1571 eorum
1365 1524 1579 1570 ecclesiis
1605 1537 1686 1571 scu
1707 1525 1946 1581 oratoriis,
1971 1526 2031 1573 ab
2055 1525 2254 1572 ecclesia
2275 1539 2354 1586 pa-

409 1610 603 1658 rochiali
637 1609 858 1671 sejunctis
870 1637 2348 1658 .......................
2421 1612 2519 1659 520

346 1695 634 1757 Propositio
665 1694 768 1741 V12.
803 1694 856 1739 In
888 1691 1026 1738 dictis
1052 1690 1483 1739 confraternitatum
1519 1692 1733 1739 ecclesiis
1765 1700 1810 1738 et
1833 1691 2015 1749 aretiis,
2047 1707 2075 1739 a
2100 1692 2353 1755 parochiali

409 1779 608 1827 ecclesia
625 1777 980 1836 divisis,haberi
1000 1784 1198 1837 possunt
1216 1777 1483 1834 conciones,
1505 1777 1646 1823 etiam
1668 1789 1751 1837 per
1771 1784 1921 1824 totum
1942 1783 2125 1838 tempus
2145 1777 2354 1834 Quadra-

410 1865 596 1925 gesimae
615 1870 662 1910 ct
685 1861 942 1920 Adventus,
965 1862 1141 1921 absque
1167 1860 1353 1907 licentia
1382 1862 1598 1921 parochi,
1621 1860 1759 1907 ruodo
1786 1861 2009 1909 assentiat
2029 1862 2311 1923 Episcopus.
2334 1899 2345 1910 .
2424 1866 2522 1912 520

349 1947 640 2010 Propositio
675 1947 803 1993 VIR.
830 1946 881 1991 ln
900 1945 1038 1992 dictis
1060 1943 1491 1992 confraternitatum
1510 1945 1731 1992 oratoriis
1751 1945 1978 1992 celebrari
2003 1947 2164 2007 nequit
2191 1948 2354 2006 missa,

415 2034 512 2081 sive
539 2032 676 2086 lecta,
706 2030 804 2079 sive
827 2037 1029 2089 cantata,
1049 2037 1155 2076 ante
1177 2029 1492 2090 parochialem
1513 2029 1725 2088 missam,
1754 2029 1850 2077 sive
1874 2029 2057 2090 lectam.
2081 2030 2179 2078 sive
2197 2040 2358 2079 canta-

416 2126 531 2177 tam,
560 2116 653 2164 nisi
674 2116 811 2164 aliter
839 2113 1057 2174 disponat
1084 2113 1345 2174 Episcopus
1351 2146 2355 2166 ................
2426 2119 2525 2165 520

355 2201 652 2264 Propositio
689 2200 842 2247 vult.
875 2200 1004 2246 Intra
1038 2198 1264 2246 ambitum
1290 2196 1429 2245 modo
1461 2197 1693 2245 dictarum
1721 2199 2025 2246 ecclesiarum
2053 2208 2100 2246 et
2126 2201 2361 2248 oratorio·

415 2300 538 2346 rum,
565 2291 766 2347 possunt
793 2282 1197 2332 confraternitates
1221 2282 1544 2344 processiones
1571 2295 1685 2329 suas
1709 2282 1879 2343 facere,
1905 2284 2081 2345 absque
2102 2285 2360 2333 interventu

418 2379 464 2418 et
489 2370 677 2418 licentia
703 2367 925 2430 parochi:
953 2365 1004 2414 id
1029 2378 1140 2414 vero
1167 2374 1403 2428 nequeunt
1430 2374 1579 2425 extra,
1611 2367 1700 2413 nisi
1726 2367 1784 2414 de
1812 2368 1998 2416 licentia
2026 2368 2245 2428 Episcopi
2280 2403 2293 2419 .
2342 2404 2354 2417 .
2428 2371 2525 2417 520

353 2453 649 2518 Propositio
689 2455 796 2501 lxt.
825 2454 876 2500 ln
899 2450 1134 2513 praedictis
1162 2451 1544 2512 processionibus
1565 2460 1719 2511 [otest
1746 2452 2048 2513 cappellanus
2067 2452 2250 2501 deferre
2270 2462 2364 2502 sto-

419 2540 531 2599 lam,
563 2540 604 2587 si
633 2539 744 2585 fiant
774 2539 895 2586 intra
929 2536 1183 2585 ambitum:
1216 2550 1352 2583 secus
1387 2536 1428 2583 si
1452 2536 1564 2583 fiant
1587 2544 1717 2584 extra
1745 2571 2351 2587 ..........
2427 2542 2527 2588 520

355 2623 651 2685 propositio
687 2624 772 2670 Χῑ.
804 2622 1035 2683 Episcopo
1066 2620 1124 2667 ad
1159 2620 1394 2682 publicam
1431 2620 1825 2668 confraternitatis
1852 2623 2094 2669 ecclesiam
2125 2621 2361 2672 accedenti

423 2708 626 2769 (etiamsi
657 2708 753 2754 baec
781 2706 980 2753 eeclesia
1014 2718 1106 2752 non
1134 2705 1197 2752 sit
1224 2704 1528 2765 regularium,
1550 2718 1636 2751 nec
1669 2714 1895 2753 rectorem
1924 2708 2248 2756 beneficiatum
2271 2710 2357 2756 ha·

425 2791 548 2854 beat)
573 2805 663 2838 non
688 2791 890 2851 pertinet
908 2788 966 2837 ad
986 2790 1241 2851 parocbum
1269 2790 1588 2850 aspersorium
1610 2790 1852 2850 porrigere
1883 2825 2354 2844 ........
2428 2796 2516 2844 521

355 2874 652 2937 Propo-sitio
688 2875 797 2922 XF.
829 2873 1000 2934 Nequit
1026 2874 1277 2934 parochus,
1307 2886 1363 2921 ex
1391 2873 1493 2921 solo
1507 2874 1614 2933 jure
1639 2876 2024 2937 parochialitatis,
2047 2878 2354 2929 confraterni-

423 2969 566 3009 tatum
586 2966 796 3007 rectores
824 2971 907 3005 seu
935 2958 1234 3018 cappellanos
1262 2957 1543 3019 compellere
1567 2958 1626 3005 ad
1649 2959 1961 3008 assistendum
1988 2962 2194 3011 ecclesiae
2213 2977 2354 3025 paro-

424 3044 591 3093 chialis
615 3043 932 3091 functionibus
943 3074 2348 3098 ......................
2421 3053 2511 3099 521

358 3129 652 3191 Propositio
678 3128 813 3175 xnt.
838 3127 891 3173 ln
911 3125 1112 3187 praefatis
1126 3127 1556 3174 contraternitatum
1581 3125 1808 3187 ecclesiis,
1838 3143 1939 3191 quoe
1964 3144 2045 3179 nec
2064 3134 2354 3192 parochiales

424 3221 534 3263 sunt
547 3228 631 3262 nec
651 3213 913 3274 regulares,
946 3211 1138 3259 retineri
1165 3211 1325 3273 nequit
1344 3211 1690 3258 sanctissimum
1716 3212 2044 3265 Eucbraristiae
2085 3231 2350 3267 sacramen-

425 3309 544 3360 tum,
569 3300 746 3359 absque
773 3297 964 3357 speciali
987 3296 1166 3344 indulto
1195 3297 1329 3344 Sedis
1358 3297 1635 3358 Apostolicae
1694 3332 2351 3353 ...........
2422 3306 2513 3356 521

358 3383 654 3446 propositio
675 3382 834 3429 xllte.
849 3381 1016 3442 Nequit
1033 3383 1266 3442 parochus
1285 3395 1335 3430 se
1350 3383 1560 3441 ingerere
1578 3382 1625 3428 in
1645 3381 2045 3433 administratione
2067 3387 2350 3437 oblationum

430 3468 500 3515 vel
526 3468 943 3527 elcemosynarum,
975 3465 1021 3512 in
1040 3466 1177 3514 dictis
1206 3466 1634 3514 confraternitatum
1665 3468 1875 3516 ecclesiis
1901 3483 1985 3517 seu
2012 3473 2229 3520 oratoriis
2247 3474 2347 3521 col·

422 3554 670 3612 lectarum,
695 3565 780 3599 nec
798 3552 971 3599 clavem
989 3551 1207 3611 capsulae,
1237 3552 1284 3599 in
1305 3564 1398 3613 qua
1421 3558 1738 3611 asservantur,
1769 3553 1969 3601 retinere
2005 3589 2345 3608 ......
2417 3561 2509 3611 521

355 3639 654 3700 propositio
671 3637 821 3684 XIV&
854 3637 946 3683 Nec
964 3634 1239 3696 confratres,
1268 3649 1352 3683 nec
1371 3649 1532 3683 eorum
1557 3638 1833 3698 cappellani,
1862 3648 2076 3700 possunt,
2100 3640 2242 3689 invito
2263 3657 2348 3704 pa-

425 3725 587 3783 rocho,
613 3735 718 3770 sese
732 3720 995 3769 immiscere
1012 3719 1060 3766 in
1079 3719 1283 3767 ecclesiae
1305 3719 1590 3781 parochialis
1608 3719 1939 3781 functionibus,
1959 3722 2057 3771 sive
2074 3727 2351 3786 parochiali-

424 3810 534 3867 bus„
556 3807 653 3854 sive
680 3819 773 3853 non
798 3804 1146 3867 parochialibus
1172 3837 2350 3862 ...................
2420 3814 2515 3863 521

352 3891 654 3955 propositio
674 3890 800 3938 ΧΨ.
824 3888 1411 3947 Contmtemitates‚sivein
1424 3888 1620 3937 ecclesia
1639 3889 1892 3949 parochiali
1905 3900 2086 3954 erectas,
2104 3893 2202 3942 sive
2219 3897 2349 3958 alibi,

425 3984 625 4040 possunt
642 3976 820 4037 absque
838 3974 1102 4022 interventu
1126 3980 1173 4021 et
1189 3972 1376 4020 licentia
1394 3973 1606 4034 parochi,
1630 3986 1739 4020 suas
1758 3977 2142 4036 congregationes
2159 3980 2350 4043 babere,

426 4060 681 4110 dummodo
700 4073 791 4108 non
819 4057 1074 4120 impediant
1095 4056 1376 4120 parochialis
1405 4058 1612 4105 ecclesias
1640 4057 1899 4107 functiones
1926 4067 1972 4108 et
1998 4060 2157 4110 divina
2182 4064 2347 4116 officia.
2420 4068 2514 4118 521

357 4145 656 4208 Propositio
675 4145 825 4193 xvh.
851 4145 1052 4191 Possunt
1069 4142 1202 4190 dictae
1223 4140 1622 4189 confraternitates
1644 4144 1836 4204 propria
1863 4144 1982 4193 bona
2007 4146 2352 4212 administrare,

424 4245 480 4279 ac
498 4230 557 4278 de
584 4230 681 4278 illis
709 4227 977 4289 disponere,
1009 4227 1185 4289 absque
1210 4226 1309 4272 ulla
1341 4224 1652 4286 dependentia
1674 4241 1701 4275 a
1725 4229 1929 4287 parocho
1942 4265 2349 4284 .......
2424 4234 2517 4286 521

360 4315 662 4378 Propositio
681 4314 858 4363 xvllt.
891 4311 1086 4360 Etiamsi
1104 4313 1342 4373 parochus
1366 4309 1799 4359 confraternitatum
1823 4316 2260 4376 congregationibus
2285 4320 2361 4367 in-

436 4400 570 4452 tersit
596 4400 654 4450 de
681 4396 900 4448 mandato
933 4393 1189 4457 ordinarii,
1220 4402 1266 4445 et
1282 4402 1504 4459 tanquam
1523 4396 1625 4458 ejus
1648 4393 1905 4461 delegatus,
1925 4412 2019 4450 non
2037 4401 2179 4452 habet
2199 4402 2365 4453 sutfra-

2253 4494 2325 4554 45
