3146 4973
592 390 676 454 68
1268 399 1643 449 TRACTATUS
1687 400 1776 448 DE
1821 398 2151 448 PARocuo.

586 536 790 593 autres
809 531 1046 609 parties
1065 526 1140 588 de
1167 510 1440 606 I'E‘qlise,
1471 545 1532 588 se
1560 532 1816 607 penvent
1855 526 2174 589 assembler
2204 525 2280 587 (le
2318 528 2410 585 soi
2448 540 2715 599 mesmes,
2757 527 2816 583 et

583 647 716 708 s'ils
743 646 942 724 ferant
974 644 1030 704 le
1068 646 1230 704 saint
1266 642 1487 705 concile
1529 643 1943 724 representem
1984 627 2237 722 I’quise
2262 639 2642 715 universelle,
2675 655 2817 700 sans

581 765 707 823 etre
727 778 851 841 par
879 760 935 820 le
959 761 1125 838 Pape
1153 758 1472 820 assemble's
1493 760 1523 821 P
1540 793 1631 805 —
1648 757 2052 840 Responsum
2073 762 2177 821 est
2212 752 2617 819 affirmative.

665 872 769 939 Ad
794 874 1065 939 tertium
1095 874 1437 958 quaesitum
1472 893 1487 937 ε
1530 876 1603 939 Si
1627 892 1703 937 en
1725 892 1828 936 cas
1859 874 1937 935 de
1979 878 2230 954 arqente
2248 870 2564 949 necessita,
2597 887 2817 932 comme

578 993 654 1055 de
682 990 1044 1072 present...‚
1094 1008 1209 1052 une
1259 990 1490 1070 orande
1529 995 1735 1072 partie
1778 991 1852 1053 cle
1891 992 1955 1052 la
1999 988 2455 1065 chrestiennete,
2504 1004 2724 1049 comme
2760 987 2816 1048 le

576 1126 858 1189 royaume
890 1108 966 1170 cle
990 1110 1239 1187 Franee,
1276 1126 1354 1169 ou
1385 1108 1440 1169 le
1469 1125 1579 1188 roy
1625 1108 2040 1191 representavit
2072 1107 2288 1188 ieelim,
2318 1109 2476 1186 prie,
2510 1121 2729 1166 somme
2753 1108 2813 1165 et

573 1226 915 1287 admoneste
963 1226 1019 1285 le
1067 1226 1234 1305 Pape
1284 1229 1342 1285 et
1390 1224 1474 1285 les
1516 1230 1726 1286 autres
1751 1228 1991 1305 parties
2022 1224 2098 1285 de
2129 1226 2219 1284 soi
2255 1222 2599 1300 assembler,
2638 1227 2698 1282 et
2727 1221 2813 1282 les

571 1346 776 1404 autres
796 1344 1037 1421 parties
1063 1358 1141 1401 ou
1171 1357 1433 1402 aucunes
1477 1340 1688 1402 d'elles
1739 1345 1874 1402 sont
1911 1338 2303 1419 neqliqentes,
2353 1338 2689 1416 refusantes
2734 1354 2810 1398 on

451 1519 455 1525 .
570 1459 920 1538 delayantes
937 1458 1013 1520 de
1034 1476 1075 1538 y
1099 1460 1293 1534 venir,
1320 1458 1360 1517 ὰ
1386 1460 1623 1535 εςαυοὲν
1651 1460 1706 1517 si
1727 1475 1881 1519 ceux
1901 1459 2006 1537 qui
2032 1457 2124 1536 s'y
2154 1460 2499 1519 trouveront
2517 1458 2809 1535 pom-roni

568 1574 830 1635 celebrer
854 1574 909 1634 le
935 1573 1033 1635 dit
1064 1572 1286 1634 concile
1316 1589 1459 1633 sans
1488 1572 1575 1633 les
1595 1578 1822 1649 autreS,
1858 1577 1917 1632 et
1936 1574 2232 1651 pourvoir
2254 1572 2297 1631 ὰ
2324 1571 2388 1631 la
2412 1569 2701 1635 nemsi&
2733 1569 2809 1632 de

569 1673 822 1768 I’quise
841 1689 871 1749 P
888 1722 979 1734 -
1006 1683 1404 1751 Affirmative
1435 1685 1686 1767 pariter
1709 1701 2095 1768 responsum
2125 1689 2226 1749 est
2260 1706 2275 1750 ε
2310 1688 2477 1748 da‘oeit
2507 1692 2568 1749 et
2588 1684 2808 1763 defini-

565 1806 659 1863 vit
675 1803 1000 1881 praedicta,
1039 1801 1326 1880 famatus,
1366 1805 1494 1865 etc.
1534 1797 1729 1886 (Vide
1764 1799 2092 1884 integrum
2132 1797 2597 1866 documentum
2628 1797 2807 1882 apud

564 1913 976 1998 d'Argentre‚
1008 1917 1293 1978 collectio
1302 1917 1702 1997 judiciorum,
1744 1920 1905 1980 tom.
1947 1918 2013 1997 2,
2046 1933 2195 1999 pag.
2236 1912 2419 1998 335.)

652 2026 751 2093 Ad
777 2024 978 2094 'finem
1005 2034 1322 2110 vergente
1350 2028 1588 2095 saeculo
1617 2026 1873 2093 decimo
1910 2028 2159 2113 quinto,
2194 2027 2447 2095 obstitit
2476 2026 2668 2094 hullae
2699 2029 2803 2092 Iu-

562 2146 847 2211 nocentii
885 2145 1002 2222 ΠΙ,
1034 2152 1235 2228 atque
1276 2142 1581 2210 scandalo
1620 2145 1814 2210 toties
1841 2151 2067 2227 postea
2107 2151 2444 2222 renovato,
2475 2143 2561 2210 ad
2587 2144 2803 2210 conci-

562 2262 722 2327 lium
771 2260 1154 2343 appellavit.
1195 2260 1473 2324 Ineunte
1522 2258 1758 2325 saeculo
1796 2257 2052 2326 decimo
2087 2265 2277 2326 sexto
2315 2279 2354 2326 a
2390 2277 2547 2344 rege
2587 2257 2804 2324 Ludo-

567 2376 714 2441 vico
753 2376 876 2441 XII
910 2374 1196 2457 eligitur,
1232 2381 1300 2439 et
1331 2371 1655 2458 stipendio
1682 2371 1841 2440 dato
1875 2375 2236 2458 impellitur
2271 2374 2354 2440 ad
2386 2373 2801 2441 scribendum

560 2499 788 2559 contra
814 2490 1057 2557 Julium
1094 2490 1158 2555 Π
1187 2490 1431 2571 Papam
1465 2488 1750 2556 Jacobus
1774 2490 2103 2558 Almainus
2129 2490 2364 2558 doctor
2388 2491 2792 2568 sorbonicus,

564 2606 681 2691 qui
709 2612 785 2670 ut
816 2603 1219 2688 superiorem
1250 2602 1677 2669 hierarchiam
1715 2603 2061 2689 deprimat,
2089 2607 2404 2690 parochos
2428 2627 2557 2674 non
2588 2607 2800 2673 minus

563 2719 848 2787 ridicule
889 2738 1086 2805 quam
1129 2738 1404 2785 erronee
1435 2719 1718 2786 extollit.
1757 2720 1944 2787 Circa
1977 2741 2220 2788 annum
2254 2726 2412 2790 1611
2457 2722 2798 2808 syndicum

559 2835 864 2902 Sorbonoe
889 2835 1126 2919 agebat
1147 2833 1596 2901 heterodoxus
1611 2835 1868 2915 Bicher,
1894 2837 2007 2922 qui
2028 2838 2204 2903 inter
2218 2847 2492 2906 caeteros
2508 2857 2788 2919 erroreS,

559 2972 598 3016 a
621 2949 791 3018 Sede
816 2950 1178 3035 Apostolica
1201 2948 1564 3027 damnatos,
1589 2948 1812 3016 docuit
1826 2951 2216 3038 Episcopum
2241 2953 2458 3039 quoad
2479 2954 2798 3038 parochos

560 3085 691 3132 non
729 3083 871 3132 esse
915 3066 1039 3130 nisi
1070 3069 1343 3147 primum
1390 3070 1552 3128 inter
1591 3085 1796 3147 pares.
1838 3065 1890 3131 A
1935 3086 2068 3151 quo
2113 3078 2383 3135 auctore
2418 3087 2791 3153 expressam

559 3182 765 3247 fuisse
788 3181 1122 3264 ipsiusmet
1147 3178 1453 3245 Sorbonae
1480 3177 1845 3247 doctrinam
1874 3188 2161 3249 testatur
2174 3182 2527 3250 Cardiualis
2543 3187 2795 3270 Duper·

559 3315 678 3362 rou
694 3297 1131 3382 (Ambassades,
1158 3312 1305 3378 pag.
1334 3292 1518 3378 696),
1541 3296 1657 3380 qui
1677 3294 1968 3376 adnotat,
1999 3296 2375 3364 Richerium
2392 3298 2793 3367 haereticales

555 3411 773 3480 theses
798 3408 1170 3476 defendisse
1198 3410 1266 3474 in
1305 3410 1446 3492 ipsa
1481 3410 1790 3490 Sorbona‚
1818 3413 1887 3477 in
1915 3431 2043 3498 qua
2070 3415 2313 3480 multos
2342 3411 2652 3501 sequaces
2678 3416 2791 3482 ha-

555 3526 776 3592 hebat.
824 3548 859 3587 α
884 3524 1171 3591 Sorbona
1203 3523 1436 3609 (inquit
1462 3526 1686 3605 Nardi,
1711 3533 1873 3594 tom.
1914 3534 1973 3608 l,
2006 3548 2153 3614 pag.
2185 3527 2340 3614 301)
2372 3549 2502 3596 non
2528 3536 2790 3615 poterat

557 3662 593 3704 a
628 3639 925 3706 Bicherio
950 3646 1209 3723 gratum
1242 3640 1526 3705 animum
1551 3660 1684 3707 non
1708 3641 2053 3729 exhibere3
2089 3643 2265 3710 unde
2296 3647 2639 3730 quotannis
2667 3664 2788 3729 pro

557 3780 591 3820 (ι
622 3765 756 3824 tam
777 3755 883 3838 pia
904 3754 1116 3819 anima
1136 3772 1391 3820 sacrum
1410 3755 1729 3824 celebrari
1749 3759 2131 3825 sacrificium
2156 3760 2451 3826 curabat.
2478 3784 2505 3821 υ
2539 3759 2786 3827 Omitto

547 3893 586 3938 a
613 3870 904 3939 Sorbona
948 3867 1287 3936 damnatos
1340 3872 1642 3939 Jesuitas.
1681 3871 1811 3938 Sed
1854 3871 2033 3958 quod
2077 3874 2165 3942 ad
2213 3893 2356 3942 rem
2398 3876 2602 3959 magis
2643 3883 2774 3956 est,

542 3985 804 4073 quando
847 3981 1274 4050 orthodoxam
1310 3983 1676 4052 doctrinam
1718 3995 1943 4054 contra
1984 3988 2490 4072 parochistarum
2522 4009 2783 4058 errores

539 4103 843 4171 sustinuit
878 4103 1191 4180 Vernant,
1231 4120 1570 4170 censuram
1607 4102 1913 4170 Sorbonae
1948 4105 2224 4174 incurrit
2255 4127 2423 4176 anno
2470 4111 2674 4194 1658;
2705 4114 2779 4174 ut

532 4218 701 4287 adeo
728 4217 942 4303 palam
973 4219 1078 4295 sit,
1119 4236 1249 4283 non
1280 4217 1549 4302 aliquoS,
1592 4217 1710 4285 sed
1740 4226 1952 4286 totum
1984 4222 2323 4288 moraliter
2363 4223 2773 4292 sorbonicum

530 4344 774 4404 coetum
829 4332 914 4400 ad
969 4330 1290 4418 ejusmodi
1339 4351 1599 4401 errores
1649 4333 2030 4403 declinasse.
2081 4337 2416 4406 Sorbonici
2465 4338 2768 4407 doctores

521 4450 740 4538 fuere,
770 4450 804 4517 J
809 4450 1154 4518 ansenismi
1183 4451 1406 4536 vigore
1440 4450 1761 4532 celebreS,
1796 4451 2017 4521 Simon
2044 4455 2265 4542 Vigor,
2301 4459 2583 4546 Jacques
2622 4459 2770 4526 Boi-
