3146 4973
1280 387 1436 435 ruis
1481 386 1750 449 Qnm'rs.
2486 363 2612 427 569

475 506 665 575 Unde
715 508 973 572 omnino
1028 504 1547 595 derelinquenda
1597 517 1701 576 est
1742 510 1958 593 opinio
2007 507 2463 574 nonnullorum
2500 523 2614 570 ve-

384 632 602 690 terum
643 621 1118 689 canonistarum
1136 671 1153 702 ,
1191 625 1304 708 qui
1349 626 1787 703 sustinebant,
1828 626 2023 690 etiam
2073 631 2222 706 post
2271 620 2615 688 concilium

385 736 871 814 Tridentinum,
913 757 1045 805 non
1098 757 1288 823 posse
1333 741 1722 825 Episcopum
1764 738 2129 824 procedere
2176 737 2264 803 ad
2313 735 2618 820 privatio-

389 873 536 920 nem
578 858 806 920 contra
841 854 1160 936 parochos
1199 873 1330 920 non
1364 854 1760 934 residentes,
1806 856 1923 921 nisi
1956 854 2302 939 proemissis
2344 851 2485 917 aliis
2515 868 2616 916 re-

390 969 639 1037 mediis.
675 972 790 1037 Est
820 990 858 1036 e
890 977 1123 1038 contra
1158 970 1225 1035 in
1255 969 1532 1038 arbitrio
1575 972 1872 1056 Episcopi
1914 978 1991 1037 ut
2026 970 2245 1035 statim
2261 1016 2278 1047 ‚
2314 968 2367 1032 si
2411 966 2572 1032 velit
2590 1013 2608 1043 ,

390 1084 476 1152 ad
517 1086 950 1169 privationem
994 1083 1337 1168 procedat.

479 1204 566 1268 11.
603 1206 674 1268 Si
696 1204 843 1266 vetit
876 1205 1206 1284 Episcopus
1224 1223 1340 1284 per
1368 1208 1775 1285 privationem
1812 1206 2116 1283 [motuum
2147 1203 2459 1282 procedere
2478 1219 2616 1262 con-

393 1325 490 1380 tra
526 1335 646 1380 non
663 1318 1019 1380 residentem
1030 1318 1383 1398 paroc-Imm,
1416 1324 1654 1381 tenetur
1679 1337 1920 1382 servare
1940 1318 2267 1380 intervalla
2289 1322 2348 1379 et
2381 1320 2620 1396 quanti-

391 1439 568 1511 tates,
588 1438 772 1512 prout
791 1434 989 1513 quoad
1004 1436 1332 1511 Episcopos
1349 1438 1608 1497 sessione
1628 1435 1695 1513 6,
1718 1437 1917 1513 eapite
1941 1436 1962 1496 1
1978 1480 1999 1511 ,
2022 1434 2613 1511 praescribuntur.—

389 1547 697 1632 Sequitur
732 1566 817 1613 ex
851 1564 932 1612 eo
968 1545 1146 1633 quod
1176 1554 1422 1614 statuta
1460 1554 1691 1613 contra
1718 1549 2066 1632 Episcopos
2086 1566 2218 1613 non
2252 1545 2618 1611 residentes

391 1662 714 1746 applicata
764 1660 1012 1728 fuerint
1047 1661 1345 1747 parochis
1391 1683 1522 1729 non
1552 1663 2015 1741 residentibus,
2061 1681 2370 1748 expresse
2399 1659 2617 1746 quoad

392 1778 820 1860 privationem
844 1777 1201 1844 fructuum.
1245 1778 1513 1847 Accedit
1542 1779 1900 1846 declaratio
1926 1781 2136 1845 Sacrae
2169 1777 2621 1862 congregatio·

394 1892 491 1955 nis
520 1892 780 1958 Concilii
802 1940 819 1970 ,
853 1910 1047 1977 quam
1086 1893 1182 1959 sic
1235 1895 1445 1962 refert
1491 1897 1828 1979 Fagnanus
1854 1895 1941 1981 (in
1992 1903 2192 1979 caput
2226 1898 2328 1958 Ex
2368 1901 2509 1972 tuoe,
2543 1895 2618 1956 de

394 2009 643 2071 clericis
670 2029 792 2072 non
817 2012 1233 2087 residentibus,
1264 2030 1330 2074 n.
1368 2007 1515 2094 2⁴0:
1557 2032 1593 2072 α
1623 2010 1784 2076 Orta
1806 2009 2233 2087 dubitatione,
2256 2029 2338 2075 an
2368 2008 2621 2090 Episco-

400 2143 433 2181 α
467 2141 590 2205 pus
625 2122 988 2207 procedens
1029 2143 1150 2207 per
1180 2124 1692 2191 subtractionem
1722 2125 2057 2191 fructuum
2088 2124 2405 2190 adversus
2432 2142 2618 2207 paro-

401 2259 433 2298 «
472 2237 626 2304 chos
652 2258 783 2304 non
805 2238 1278 2318 residentes...‚
1315 2248 1626 2307 teneatur
1649 2241 2000 2308 ohservare
2017 2239 2245 2307 eadem
2276 2239 2619 2304 intervalla

403 2375 436 2414 α
468 2353 896 2440 eamdemque
925 2356 1267 2433 rationem,
1291 2374 1434 2441 quae
1466 2362 1696 2421 contra
1726 2357 2072 2440 Episcopos
2103 2374 2231 2420 non
2254 2353 2621 2420 residentes

404 2491 437 2531 «
468 2470 778 2536 statuitur
817 2471 884 2536 in
922 2472 1135 2555 capite
1173 2474 1197 2536 1
1240 2471 1539 2538 sessionis
1576 2475 1656 2538 6:
1696 2472 1973 2550 censuit,
2013 2472 2425 2555 Episcopum,
2461 2488 2620 2554 quo-

402 2606 435 2643 «
476 2586 601 2651 ties
626 2587 692 2649 in
731 2605 988 2670 poenam
1025 2589 1272 2653 omissae
1311 2587 1678 2654 residentiae
1711 2588 1855 2653 vult
1899 2587 2197 2670 parochis
2237 2585 2622 2651 subtrahere

404 2723 437 2761 α
471 2709 692 2783 partes
719 2700 1078 2781 fructuum,
1117 2721 1280 2788 quos
1308 2701 1660 2769 residendo
1686 2722 1837 2770 suos
1862 2702 2184 2780 fecerunt,
2220 2702 2468 2769 debere
2495 2720 2625 2766 ser-

405 2840 437 2877 «
480 2837 660 2896 vare,
697 2817 915 2902 quoad
949 2819 1294 2885 intervalla
1328 2828 1398 2885 et
1423 2818 1644 2905 quoad
1673 2825 1928 2904 quotus,
1969 2819 2421 2904 proescriptum
2465 2836 2620 2883 con-

408 2955 441 2993 α
473 2933 603 2998 ciiii
639 2935 866 3018 capitis
901 2938 924 2999 l
975 2936 1276 3002 sessionis
1304 2939 1368 3002 6.
1407 2961 1440 2995 υ

492 3049 609 3114 ΠΙ.
631 3053 702 3113 Si
722 3052 869 3114 velit
892 3055 1226 3132 Episcopus
1253 3057 1467 3132 exequi
1493 3057 1921 3131 privationem,
1951 3053 2148 3133 quoad
2180 3069 2276 3113 eos
2301 3052 2626 3114 dammam

398 3169 659 3246 snwtus,
689 3187 832 3248 quos
874 3167 1195 3247 parochus,
1240 3170 1313 3231 ob
1342 3173 1626 3231 omissam
1668 3170 2085 3247 residentiam,
2116 3187 2237 3231 non
2273 3170 2418 3246 fecit
2454 3185 2614 3245 suos,

400 3302 520 3345 non
554 3285 724 3346 debet
765 3285 1062 3363 prodicta
1097 3285 1427 3348 intervalla
1453 3288 1642 3365 sequi.
1679 3317 1770 3330 -
1796 3305 1828 3343 «
1863 3283 1940 3350 In
1982 3282 2367 3347 executione
2406 3286 2626 3346 autem

410 3418 442 3457 α
475 3395 772 3462 facienda
807 3416 1008 3481 super
1043 3398 1169 3464 illis
1206 3398 1562 3476 fructibus,
1600 3416 1762 3483 quos
1799 3397 1993 3464 iidem
2031 3396 2294 3480 parochi
2336 3414 2453 3479 pro
2485 3401 2628 3460 rata

410 3532 443 3573 α
476 3512 791 3595 temporis
829 3511 1134 3578 absentiae
1166 3532 1317 3579 suos
1361 3533 1492 3581 non
1525 3513 1851 3593 fecerunt,
1890 3532 2014 3580 nec
2055 3520 2198 3579 tuta
2239 3508 2630 3576 conscientia

413 3648 445 3683 α
483 3627 767 3691 retinere
816 3635 1104 3711 possunt,
1145 3628 1533 3713 Episcopum
1575 3647 1706 3695 non
1751 3628 1999 3695 debere
2036 3627 2221 3712 sequi
2256 3624 2625 3701 intervalla,

414 3763 446 3801 α
481 3740 565 3807 de
596 3742 833 3826 quibus
861 3744 928 3807 in
960 3742 1137 3809 dicto
1169 3745 1383 3828 capite
1425 3750 1446 3810 l
1491 3747 1788 3812 sessionis
1816 3748 1881 3811 6.
1924 3769 1956 3806 n
1998 3746 2097 3810 lta
2123 3745 2316 3810 Sacra
2347 3743 2628 3826 Congre-

405 3859 581 3941 gatio
619 3858 884 3923 Concilii
912 3859 1112 3944 (apud
1143 3862 1538 3944 Fagnanum,
1577 3864 1719 3928 loco
1741 3861 1938 3927 modo
1965 3858 2216 3944 citato).

494 3975 606 4039 lv.
633 3975 940 4038 Paroclms
969 3979 1180 4039 absens
1203 3979 1541 4058 illeqitime,
1555 3984 1788 4060 proeter
1810 3982 2042 4059 peccati
2065 3983 2322 4054 reatum,
2342 3994 2462 4039 non
2482 3977 2632 4055 facit

406 4092 640 4168 fructus
662 4110 823 4164 suos,
849 4110 956 4154 nec
976 4100 1175 4173 potest
1208 4096 1348 4156 illos
1378 4098 1667 4171 retinere‚·
1686 4095 1791 4155 sed
1826 4094 1925 4156 illi
1940 4095 2176 4172 sumtus
2203 4092 2414 4155 debent
2444 4093 2639 4172 appli-

409 4209 540 4266 cari
578 4208 830 4284 fabricae
861 4209 1266 4284 ecclesiarum,
1314 4215 1422 4271 aut
1451 4210 1822 4290 pauperibus
1849 4210 1985 4271 loci.
2020 4242 2111 4255 ——
2146 4207 2307 4272 Nam
2349 4203 2641 4290 synodus

408 4326 748 4405 postquam
775 4318 846 4386 id
882 4323 1110 4388 statuit
1152 4322 1370 4408 quoad
1409 4324 1783 4407 EpiscopOS,
1824 4320 2157 4407 subjungit
2197 4340 2268 4388 se
2315 4318 2492 4387 idem
2522 4317 2641 4386 de-
