3146 4973
609 410 730 474 264
1282 428 1658 476 rnac'rarus
1704 430 1792 477 ns
1835 429 2162 478 raaocno.

696 552 863 617 Item
895 552 962 616 in
997 559 1175 618 tomo
1208 552 1359 617 anni
1393 555 1586 631 1803,
1626 553 1858 638 pagina
1888 556 1995 632 92,
2029 554 2096 618 in
2125 554 2519 620 Anconitaua
2559 556 2648 619 30
2670 556 2832 640 apri·

607 665 685 729 lis
725 670 913 746 1803,
954 672 985 746 5
1018 673 1170 733 Cum
1207 672 1413 733 nullus
1459 691 1473 736 :
1520 693 1552 733 τ(
1597 671 1759 736 Satis
1813 675 2166 753 reputatur
2201 668 2510 735 distantia
2562 667 2833 753 duplicis

615 807 646 842 «
682 784 968 849 milliaris
1003 790 1079 849 ut
1127 784 1618 853 dismembratio
1659 786 1797 864 fiat,
1838 792 2007 852 teste
2046 787 2345 870 Fagnano
2398 786 2486 872 (in
2518 791 2716 869 caput
2745 788 2833 849 Ad

613 923 646 959 (ι
680 903 1077 979 audientiam,
1112 905 1187 966 de
1228 906 1514 967 Ecclesiis
1551 904 1953 983 (edificandis,
1998 922 2066 969 n.
2111 901 2239 986 19),
2270 901 2572 985 Pirrhing
2605 901 2693 987 (in
2727 904 2831 965 ,lus

612 1038 645 1074 κ
686 1035 927 1095 canon„
961 1035 1103 1099 cap.
1145 1019 1247 1095 16,
1275 1036 1339 1082 n.
1381 1016 1483 1103 19)
1507 1026 1573 1084 et
1600 1019 1791 1084 Sacra
1821 1019 2332 1103 Congregatione
2361 1016 2450 1102 (in
2469 1021 2832 1081 Ariminensi

612 1152 646 1190 «
680 1132 1025 1197 erectionis
1054 1133 1398 1215 parochioe,
1440 1136 1519 1200 18
1542 1132 1712 1220 junii
1739 1136 1943 1218 17893
1982 1141 2052 1199 et
2078 1133 2145 1197 in
2169 1135 2514 1215 placentina
2536 1130 2831 1197 dismem-

616 1269 648 1305 «
681 1246 1021 1326 brationis,
1052 1251 1137 1315 28
1166 1250 1321 1315 maii
1364 1248 1586 1335 1791).
1623 1274 1655 1311 >J

698 1361 848 1441 Sed,
877 1371 963 1461 ,ut
991 1362 1291 1443 diximus,
1329 1369 1769 1450 quamtumvis
1809 1366 1947 1431 haec
1986 1365 2263 1449 duplicis
2300 1364 2582 1431 milliaris
2609 1365 2834 1449 regula

610 1481 1042 1544 communiter
1078 1500 1116 1545 a
1161 1480 1538 1547 doctoribus
1560 1480 1891 1561 tradatur,
1927 1483 1994 1546 in
2025 1500 2424 1567 unoquoque
2459 1500 2613 1548 casu
2643 1483 2834 1565 parti-

610 1596 813 1662 culari
864 1616 947 1662 ex
985 1599 1481 1663 circumstantiis
1529 1600 1860 1683 praecipue
1904 1598 2349 1664 aestimandum
2409 1606 2509 1664 est
2557 1618 2834 1679 maynum

607 1712 775 1779 illud
801 1718 1254 1792 incommodum,
1290 1734 1327 1779 a
1343 1714 1492 1798 jure
1514 1715 1924 1801 requisitum,
1951 1721 2026 1780 ut
2052 1715 2504 1781 dismembrari
2537 1714 2835 1799 parochia

607 1837 829 1915 queat.
862 1831 994 1896 Nec
1027 1832 1222 1896 etiam
1252 1850 1371 1915 pro
1398 1833 1630 1916 regula
1660 1833 1825 1897 sumi
1849 1839 2066 1915 potest
2085 1832 2223 1897 haec
2247 1838 2361 1896 aut
2392 1831 2603 1896 altera
2631 1830 2835 1895 Sacrae

614 1946 1141 2029 congregationis
1172 1947 1458 2026 Concilii,
1513 1954 1626 2011 aut
1658 1947 1860 2025 Rotae,
1908 1945 2186 2031 decisi03
2225 1947 2396 2033 quia,
2443 1947 2582 2030 pari
2627 1952 2839 2010 stante

617 2059 919 2126 distantia
968 2061 1076 2127 vel
1121 2063 1470 2144 asperitate
1520 2063 1792 2142 itineri8‚
1829 2063 1973 2128 fieri
2004 2069 2221 2146 potest
2249 2070 2325 2127 ut
2358 2061 2534 2127 dicta
2561 2061 2840 2145 Congre-

614 2174 789 2254 gatio
817 2174 883 2237 in
914 2192 1043 2240 uno
1074 2192 1226 2240 casu
1250 2173 1887 2241 dismembrationem
1917 2175 2259 2259 approbet,
2285 2174 2352 2240 iu
2380 2175 2590 2240 altero
2623 2181 2841 2238 autem

615 2288 897 2373 rejiciat;
935 2290 1020 2355 ob
1050 2291 1208 2355 alias
1236 2310 1474 2375 nempe
1498 2310 1641 2376 quoe
1669 2292 2069 2357 intervenire
2104 2298 2373 2374 possunt
2399 2289 2688 2355 diversas
2713 2290 2834 2355 cir·

620 2407 1068 2491 cumstantias;
1112 2414 1310 2491 prout
1341 2408 1671 2492 sapienter
1701 2407 1970 2473 adnotat
2000 2407 2355 2473 cardinalis
2384 2406 2469 2471 de
2494 2407 2668 2471 Luca
2699 2405 2843 2492 (An-

617 2529 953 2587 wotationes
996 2527 1078 2587 ad
1120 2528 1435 2587 concilium
1492 2528 1693 2603 Trid„
1735 2523 2038 2590 discursu
2094 2526 2195 2603 16,
2245 2544 2311 2588 n.
2368 2521 2459 2607 2).
2518 2523 2841 2590 Caeterum

619 2637 706 2704 ad
734 2637 1148 2706 ordinarium
1177 2641 1466 2723 pertinet
1512 2638 1595 2707 de
1630 2659 1864 2724 magno
1901 2641 2012 2705 illo
2047 2638 2458 2705 incommodo
2493 2638 2786 2724 judicare
2824 2660 2838 2703 :

620 2755 704 2820 ad
729 2761 1057 2822 rectorem
1088 2764 1307 2822 autem
1339 2757 1659 2841 parochiae
1686 2757 2165 2823 dismembratae
2198 2757 2549 2842 appellare,
2575 2757 2626 2820 si
2657 2761 2846 2839 putet

621 2891 749 2936 non
785 2870 1067 2936 adfuisse
1096 2871 1334 2956 justam
1365 2891 1657 2957 causam3
1690 2891 1834 2960 quae
1858 2881 2079 2938 tamen
2109 2872 2458 2958 appellatio
2484 2872 2581 2958 (ut
2605 2869 2846 2936 dicitur

620 2986 812 3072 infru)
847 3007 977 3053 non
1000 2988 1202 3055 habet
1232 2990 1352 3055 nisi
1379 2988 1682 3055 effectum
1721 2988 2198 3054 devolutivum.

711 3106 1110 3171 Pnorosmo
1136 3105 1271 3170 IX⁸.
1309 3141 1397 3152 —
1433 3109 1535 3169 Ex
1569 3125 1636 3169 eo
1682 3109 1839 3187 quod
1880 3108 2047 3168 adsit
2080 3110 2257 3188 justa
2301 3107 2849 3168 dismem-brationis

622 3242 824 3300 causa,
853 3242 973 3287 non
995 3229 1195 3305 potest
1221 3225 1548 3304 Episcopus
1570 3229 1812 3304 partem
1856 3223 2067 3303 populi
2091 3221 2430 3285 distrahere
2458 3241 2496 3283 a
2532 3241 2641 3282 sua
2661 3241 2851 3303 paro-

620 3340 781 3418 chia,
819 3347 879 3401 et
915 3341 1097 3402 alteri
1127 3343 1267 3420 jam
1304 3343 1593 3400 emistenti
1630 3338 1933 3420 parochioe
1980 3339 2280 3401 addicere.
2311 3372 2399 3382 ——
2426 3360 2458 3396 «
2495 3337 2591 3401 An
2627 3344 2849 3402 autem

626 3476 658 3511 (ι
696 3453 929 3537 quibus
960 3453 1026 3516 in
1051 3452 1305 3518 casibus
1327 3471 1409 3516 ex
1442 3450 1715 3517 decreto
1755 3453 2007 3519 concilii
2040 3452 2360 3539 (sessionis
2390 3454 2499 3531 21,
2537 3452 2749 3536 capite
2781 3449 2848 3533 4)

626 3591 661 3628 «
702 3574 915 3652 potest
944 3569 1297 3652 Episcopus
1322 3587 1524 3632 novas
1547 3568 1887 3651 parochias
1916 3570 2196 3654 erigere,
2226 3570 2427 3654 possit
2453 3569 2672 3643 etiam,
2704 3571 2854 3634 loco

629 3710 661 3745 «
704 3684 1049 3750 erectionis
1080 3683 1415 3765 faciendae‚
1456 3693 1708 3753 certam
1738 3693 1995 3771 partem
2024 3686 2248 3771 populi
2275 3705 2581 3771 separare
2621 3686 2704 3750 ab
2735 3705 2850 3750 an·-

633 3826 663 3860 «
692 3800 870 3887 tiqua
910 3801 1236 3885 parochia,
1277 3810 1347 3868 et
1385 3803 1578 3868 alteri
1619 3801 2042 3869 commodiori
2083 3803 2432 3888 applicare,
2471 3803 2525 3868 si
2563 3801 2669 3867 vel
2715 3802 2858 3867 exi-

631 3939 664 3976 «
699 3936 865 4002 guus
912 3937 1225 3984 numerus
1269 3919 1513 4005 populi,
1552 3919 1659 3985 vel
1699 3918 1935 4003 inopia,
1975 3919 2082 3984 vel
2127 3919 2250 3983 alia
2299 3937 2492 3984 causa
2535 3915 2856 4002 impediat

630 4063 657 4091 α
693 4035 856 4118 erigi
885 4054 1116 4101 novam
1146 4036 1522 4119 parochiam
1543 4037 1580 4100 ⁴?
1614 4072 1706 4083 —
1732 4034 2138 4118 Responsum
2167 4042 2268 4099 est
2301 4034 2529 4121 (nempe
2572 4053 2611 4097 a
2663 4038 2856 4099 Sacra

627 4175 658 4212 «
697 4150 1185 4236 Conqreqatiom)
1231 4171 1362 4216 non
1411 4170 1597 4235 posse
1636 4170 1717 4216 ex
1764 4149 2037 4216 decreto
2084 4151 2354 4215 concilii.
2384 4173 2413 4210 ι)
2459 4150 2849 4236 (Fagnanus‚

617 4268 687 4334 in
722 4275 918 4354 caput
953 4272 1051 4333 Ad
1084 4271 1481 4348 audientiam,
1509 4271 1585 4332 de
1619 4270 1845 4331 Eccles.
1875 4267 2127 4345 oedific„
2155 4285 2220 4330 n.
2257 4262 2395 4352 25.)
2431 4266 2513 4331 Et
2539 4265 2630 4329 ita
2659 4283 2858 4348 repe-

618 4388 744 4453 ries
774 4385 1206 4452 communiter
1240 4405 1278 4449 a
1317 4382 1698 4452 doctoribus
1731 4381 2074 4450 traditum.
