3146 4973
1180 346 1503 395 APPEme
1548 350 1594 394 1.
2374 335 2501 398 657

285 496 319 535 α
348 473 587 553 sidere,
610 510 698 525 -
730 471 818 539 ad
853 475 884 538 Ι
924 473 1249 557 negative,
1273 511 1364 524 —-
1390 473 1477 540 ad
1512 475 1578 539 Π
1619 472 1818 541 dilata
1867 479 1939 539 et
1982 472 2310 540 scribatur
2354 475 2507 560 Epi-

285 613 317 651 a
351 609 547 674 scopo
567 588 752 675 juxta
778 589 1299 654 instructionem.
1331 612 1366 651 ι)

372 707 445 770 In
473 725 663 772 causa
687 709 935 771 Nullius
960 708 1271 787 Farsensis
1302 705 1410 793 (16
1439 704 1586 791 julii
1642 710 1799 773 1791
1819 754 1836 785 ‚
1878 713 2057 772 tomo
2090 707 2178 771 60
2212 707 2507 771 Thesauri

280 818 726 906 resolutionum)
757 822 972 905 agitur
1005 821 1090 887 de
1131 821 1537 905 cappellano,
1576 821 1663 887 ad
1696 829 1930 887 nutum
1971 818 2312 905 cujusdam
2353 841 2507 887 con-

278 936 704 1003 fraternitatis
749 937 1100 1003 amovibili.
1155 939 1217 1002 Is
1256 956 1406 1002 cum
1441 937 1674 1004 fuisset
1707 937 1790 1003 ab
1817 937 1931 1002 illa
1965 935 2504 1003 confraternitate

277 1058 569 1118 remotus
585 1102 601 1132 ,
659 1054 1072 1138 cappellaniae
1126 1072 1256 1119 suae
1308 1055 1653 1120 restitutus
1707 1053 1833 1117 fuit
1853 1101 1869 1131 ,
1916 1050 2244 1119 decisione
2298 1053 2505 1120 Sacrae

278 1168 805 1252 congregationis
839 1171 879 1234 6
919 1169 1175 1253 augusti
1226 1172 1420 1235 1791.
1468 1167 1680 1253 Atque
1711 1169 1777 1233 in
1811 1168 1920 1233 illa
1960 1187 2152 1234 causa
2181 1170 2271 1234 sic
2312 1170 2508 1238 adno-

276 1291 488 1349 tatum
531 1286 789 1367 reperio
835 1306 848 1350 :
890 1307 922 1345 a
956 1284 1309 1352 Removeri
1356 1286 1587 1371 nequit
1631 1284 1769 1350 sine
1801 1283 1979 1369 justa
2027 1291 2097 1350 et
2144 1286 2511 1354 rationabili

284 1422 319 1461 <t
353 1419 545 1465 causa
576 1400 996 1484 cappellanus
1017 1403 1379 1481 simpliciter
1395 1404 1737 1466 amovibilis
1763 1400 2101 1488 (Pitonius,
2123 1404 2199 1465 de
2218 1405 2502 1467 Controv.

283 1539 317 1577 α
347 1524 619 1599 patron„
656 1516 1038 1599 allegatione
1095 1518 1253 1593 100,
1302 1516 1367 1580 in
1421 1517 1773 1601 supplem„
1819 1536 1885 1580 ιι.
1930 1514 2040 1600 42)
2094 1538 2109 1581 :
2166 1536 2296 1582 non
2348 1518 2509 1583 item

284 1656 318 1693 «
350 1633 705 1699 amovibilis
729 1636 812 1697 ad
828 1641 1062 1713 nutum,
1085 1632 1442 1699 secundum
1468 1632 1774 1700 eumdem
1796 1633 2127 1727 Pitonium
2155 1634 2366 1721 (alleg.
2392 1638 2502 1713 88,

284 1770 317 1808 «
351 1767 414 1812 n.
459 1750 541 1825 1),
570 1749 858 1814 Ferraris
893 1747 1121 1834 (verbo
1150 1751 1577 1830 cappellanus,
1612 1748 1680 1813 in
1704 1746 1942 1827 addit„
1976 1769 2041 1813 n.
2079 1747 2166 1834 1).
2196 1772 2230 1810 n

374 1888 406 1925 α
441 1865 539 1929 De
585 1864 961 1948 cappellano
1010 1864 1124 1950 (ait
1161 1862 1502 1948 Ferraris),
1561 1864 1676 1948 qui
1715 1863 1800 1929 ad
1841 1863 2172 1930 vitandam
2209 1863 2517 1930 dismem-

283 2003 318 2041 «
351 1981 713 2046 brationem
743 1979 1089 2064 parochias,
1123 1979 1287 2046 solet
1317 1980 1623 2046 constitui
1649 1978 1735 2046 ad
1767 1978 2293 2064 coadJ'uvandum
2330 1999 2512 2063 paro-

283 2120 318 2158 «
357 2095 574 2175 chum,
611 2096 926 2181 quaeritur
955 2096 1152 2161 etiam
1178 2103 1403 2161 utrum
1449 2097 1531 2161 sit
1562 2103 1945 2180 perpetum,
1990 2117 2073 2163 an
2102 2096 2511 2165 amovibilis?

284 2236 319 2275 ox
355 2232 494 2279 esse
540 2212 986 2291 amovibilem,
1029 2233 1108 2276 ea:
1127 2219 1324 2296 juxta
1364 2221 1563 2278 tamen
1604 2234 1818 2294 causa,
1867 2211 2169 2279 definivit
2216 2214 2381 2280 Rota
2423 2215 2510 2303 (in

284 2354 318 2392 a
356 2334 719 2394 Bononiensi
742 2332 1209 2394 amovibililatis
1240 2333 1604 2413 cappellani,
1648 2333 1722 2395 31
1760 2328 2044 2415 januarii
2069 2333 2261 2409 1727,
2291 2349 2510 2396 coram

283 2469 319 2509 α
353 2444 590 2532 Corio);
631 2446 747 2513 ubi
790 2444 969 2532 quod
1008 2447 1061 2513 si
1095 2446 1513 2532 cappellanus
1550 2445 1655 2511 hic
1690 2446 1873 2512 initio
1913 2465 2044 2513 suae
2091 2446 2513 2532 possessionis

285 2586 319 2625 α
350 2568 750 2647 acceptasset
779 2561 1219 2628 conditionem
1245 2564 1728 2629 amovibilitatis
1763 2562 1849 2628 ad
1882 2570 2142 2642 nutum,
2169 2570 2391 2648 posset
2426 2562 2510 2630 ad

285 2705 315 2738 «ι
352 2685 583 2744 nutum
610 2680 919 2745 amoveri.
948 2701 982 2740 ι)
1018 2679 1352 2765 (FerrariS,
1394 2699 1554 2746 voce
1587 2681 2012 2763 Cappellanus‚
2054 2698 2124 2744 ιι.
2161 2677 2302 2764 41.)

370 2796 446 2860 Ιιι
494 2792 772 2878 quadam
818 2812 1008 2860 causa
1063 2799 1331 2860 Romana
1380 2795 1804 2882 (suspensionis
1850 2816 2117 2876 onerum,
2177 2798 2259 2863 28
2295 2796 2511 2862 martii

275 2912 444 2976 1801
468 2959 484 2989 ,
525 2914 556 2988 5
590 2915 919 2991 Quatenus,
958 2918 1138 2976 tomo
1165 2911 1248 2976 67
1289 2912 1581 2975 Thesauri
1612 2909 2090 2996 resolutionum),
2133 2910 2225 2976 sic
2262 2913 2510 2995 reperi-

268 3034 391 3093 tur
418 3032 797 3092 annotatum
826 3047 841 3091 :
882 3047 914 3086 «
957 3025 1119 3090 Sunt
1168 3044 1365 3110 porro
1395 3029 1508 3112 qui
1535 3025 1961 3105 arbitrantur,
2016 3026 2227 3093 libere
2273 3025 2510 3092 dimitti

276 3165 315 3204 τι
356 3160 542 3225 posse
592 3140 1005 3225 cappellanos
1065 3139 1154 3205 ad
1207 3148 1441 3205 nutum
1486 3141 1900 3224 amovibiles3
1948 3148 2024 3206 ut
2079 3141 2374 3207 Pitonius
2414 3141 2510 3228 (de

275 3280 312 3319 a
351 3261 634 3323 Controv.
658 3265 937 3340 patron„
967 3256 1354 3342 allegatione
1386 3260 1494 3337 88,
1532 3276 1600 3321 n.
1642 3254 1728 3341 1),
1762 3257 2054 3322 Ferraris
2089 3256 2319 3343 (verbo
2351 3260 2511 3339 Cap-

273 3397 311 3434 «
348 3375 646 3454 pellamus,
672 3374 740 3437 in
768 3371 1006 3451 addit„
1036 3392 1103 3437 n.
1148 3369 1206 3457 1)
1234 3380 1305 3438 et
1333 3370 1692 3437 Cardinalis
1716 3370 1801 3437 de
1835 3372 2009 3437 Luca
2034 3371 2130 3456 (de
2157 3372 2501 3450 Beneficiis,

275 3512 313 3550 α
355 3486 652 3554 discursu
678 3491 787 3568 80,
830 3509 896 3554 ιι.
940 3486 1029 3572 5).
1072 3488 1358 3573 AEquiori
1386 3496 1606 3554 tamen
1644 3488 1969 3555 sententia
2000 3488 2280 3573 requirit
2313 3487 2508 3554 Sacra

268 3628 310 3664 <e
352 3604 488 3669 haec
527 3604 954 3690 Congregatio
989 3604 1230 3689 justam
1259 3612 1328 3671 et
1359 3604 1814 3671 rationabilem
1850 3623 2081 3671 eorum
2119 3602 2508 3669 dimissionis

266 3743 310 3783 a
354 3738 644 3805 causam3
692 3739 821 3806 qna
864 3717 1235 3799 deficiente,
1271 3740 1400 3788 non
1448 3740 1601 3786 raro
1651 3719 2127 3805 redintegravit
2176 3718 2502 3805 dimissos;

263 3861 311 3900 c<
354 3844 422 3904 et
460 3839 825 3922 praesertim
863 3839 931 3902 in
973 3841 1223 3903 Nullius
1269 3842 1610 3920 Far-sensis,
1651 3837 2101 3922 cappellaniae,
2155 3838 2195 3901 6
2247 3840 2507 3921 augusti

259 3977 311 4017 α
357 3955 611 4022 1691
645 3954 874 4020 Notari
901 3961 1142 4039 posset,
1170 3953 1347 4040 quod
1377 3953 1665 4021 dimissio
1694 3954 2003 4039 supponit
2031 3953 2294 4038 culpam
2318 3954 2386 4018 in
2418 3951 2514 4018 di-

260 4098 313 4131 «
358 4071 572 4136 misso.
607 4092 642 4133 ›)

368 4187 447 4252 In
486 4187 611 4252 alia
648 4206 843 4253 causa
878 4191 1147 4254 Romana
1177 4187 1285 4274 (26
1317 4186 1531 4254 martii
1564 4193 1634 4253 et
1665 4188 1746 4252 23
1771 4184 1990 4269 aprilis
2028 4188 2221 4264 1735,
2257 4193 2435 4254 tomo
2463 4193 2497 4253 7

254 4305 577 4374 Thesauri
599 4302 1077 4390 resolutionum),
1122 4301 1209 4370 ad
1245 4302 1518 4370 dubium
1557 4324 1571 4370 ε
1619 4325 1654 4365 α
1687 4303 1742 4368 Ι.
1774 4301 1871 4368 An
1912 4302 2271 4387 cappellani
2299 4305 2506 4371 nomi-

255 4445 315 4487 «
354 4422 489 4488 nati
522 4422 628 4489 vel
657 4420 1033 4490 nominandi
1057 4440 1183 4507 pro
1213 4421 1655 4488 celebratione
1680 4420 1964 4506 quinque
1993 4418 2335 4487 missarum
2361 4439 2505 4505 per-

2217 4529 2290 4587 42
