3146 4973
590 415 717 479 472
1268 429 1642 474 ramni-us
1690 430 1775 474 nn
1822 428 2148 474 maocuo.

591 555 752 621 Vide
775 555 842 620 id
869 555 1164 639 pluribus
1194 555 1400 617 Sacrae
1430 551 1962 634 congregationis
1985 550 2247 617 Concilii
2277 547 2818 615 declarationibus

589 672 937 747 firmatum,
977 667 1152 752 apud
1192 666 1617 732 Benedictum
1653 668 1824 743 xlv,
1857 667 2006 732 loco
2035 668 2256 740 citato,
2295 686 2359 729 n.
2398 673 2459 730 7.

683 791 748 850 5⁰
789 787 851 850 Si
885 787 1028 869 quis
1063 783 1457 849 domicilium
1501 802 1689 847 suum
1732 783 2124 867 relinqueuS,
2169 780 2507 846 contrahat
2546 781 2611 843 in
2650 779 2813 850 loco,

589 903 653 967 iu
692 921 822 986 quo
864 920 981 965 uec
1030 899 1425 964 domicilium
1469 917 1591 963 nec
1630 898 1809 982 quasi
1849 896 2244 962 domicilium
2280 894 2648 980 acquisivit,
2688 912 2822 956 ma·

591 1017 968 1082 trimonium
1001 1023 1100 1079 est
1137 1015 1519 1079 invalidum.
1555 1014 1741 1098 (Vide
1781 1013 2208 1100 Benedictum
2233 1014 2397 1084 XIV,
2429 1013 2621 1075 citata
2644 1008 2825 1072 insti·

591 1135 840 1198 tutione
874 1136 981 1207 33,
1021 1152 1084 1195 n.
1125 1130 1216 1212 8.)

678 1251 748 1312 6⁰
780 1248 841 1311 Si
869 1248 1013 1330 quis
1049 1248 1113 1309 in
1150 1247 1314 1323 loco,
1349 1247 1414 1309 in
1447 1265 1577 1329 quo
1607 1265 1733 1310 non
1772 1246 1897 1309 fuit
1942 1244 2338 1326 publicatum
2373 1238 2825 1306 Tridentiuum

590 1362 958 1437 decretum,
1003 1361 1344 1425 contrahat
1389 1361 1525 1423 sine
1558 1358 1843 1442 parocho
1881 1367 1947 1423 et
1986 1358 2285 1437 testibuS,
2340 1354 2623 1421 invalide
2672 1374 2826 1420 con-

589 1478 807 1552 trahit,
840 1485 1186 1559 antequam
1219 1474 1308 1538 ihi
1343 1472 1741 1538 domicilium
1777 1473 1881 1538 vel
1916 1475 2096 1557 quasi
2134 1472 2526 1537 domicilium
2560 1470 2829 1552 acquisi-

590 1594 762 1657 verit
799 1615 811 1655 :
856 1591 1069 1656 valide
1109 1598 1351 1666 autem,
1388 1592 1438 1654 si
1479 1590 1567 1654 ibi
1604 1591 2016 1673 acquisiverit
2061 1589 2455 1654 domicilium
2490 1587 2595 1652 vel
2636 1586 2824 1670 quasi

590 1706 1008 1772 domicilium.
1050 1706 1234 1790 (Vide
1265 1705 1614 1788 probatum
1642 1707 1789 1769 loco
1825 1706 2045 1780 citata,
2090 1724 2153 1767 n.
2197 1702 2289 1785 9.)

684 1827 750 1885 7⁰
796 1823 1122 1904 Vagorum
1176 1824 1478 1904 proprius
1520 1822 1839 1904 parochus
1890 1819 2106 1904 quoad
2145 1817 2624 1882 matrimonium
2678 1836 2832 1880 cen-

588 1946 771 2003 setur
802 1937 934 2013 ille,
991 1939 1053 2000 iu
1092 1936 1276 2018 cujus
1324 1936 1625 2018 parochia
1670 1936 1815 2017 vagi
1859 1935 1950 1998 illi
1992 1943 2140 1999 actu
2187 1934 2630 2017 reperiuntur.
2685 1931 2831 2014 (Ibi-

594 2053 772 2130 dem,
804 2074 868 2117 n.
907 2053 1041 2136 10.)

684 2173 751 2234 8⁰
791 2170 854 2232 Si
891 2170 1032 2253 quis
1069 2169 1136 2231 in
1175 2175 1568 2250 perpetuum
1616 2168 1721 2232 vel
1755 2167 1837 2231 ad
1873 2173 2126 2232 certum
2162 2176 2418 2250 tempus
2458 2169 2522 2230 in
2562 2187 2829 2234 carcere

593 2284 967 2349 detineatur
1012 2302 1213 2365 poenae
1261 2282 1518 2347 luendae
1565 2301 1778 2358 causa,
1825 2283 1968 2365 ejus
2006 2285 2308 2365 proprius
2348 2283 2669 2365 parochus
2716 2284 2830 2348 ille

596 2397 962 2463 censendus
992 2405 1114 2472 est,
1146 2398 1209 2460 in
1238 2397 1421 2480 cujus
1453 2398 1753 2480 parochia
1787 2404 1997 2461 exstat
2029 2417 2276 2462 carcer.
2298 2398 2360 2461 Si
2393 2417 2552 2463 vero
2583 2399 2647 2461 in
2686 2417 2832 2462 car·

599 2533 749 2579 cere
785 2513 1160 2577 detineatur
1188 2511 1531 2577 dumtaxat
1561 2512 1870 2577 custodiae
1907 2532 2118 2590 causa,
2147 2514 2331 2579 verbi
2362 2514 2588 2596 gratia,
2618 2513 2830 2579 donec

597 2629 680 2695 de
714 2645 794 2692 eo
821 2628 1140 2692 sententia
1163 2627 1560 2710 proferatur,
1601 2628 1744 2710 ejus
1778 2628 2095 2709 parochus
2113 2627 2327 2712 quoad
2352 2629 2830 2693 matrimonium

598 2746 703 2811 ille
753 2751 874 2821 est,
921 2744 983 2805 in
1021 2741 1206 2825 cujus
1239 2739 1539 2823 parochia
1592 2741 1994 2806 domicilium
2033 2743 2335 2817 habebat,
2390 2749 2733 2827 antequam
2767 2745 2829 2806 in

599 2875 926 2924 carcerem
952 2854 1448 2921 detruderetur.
1500 2855 1798 2941 (ibidem,
1843 2877 1907 2920 n.
1963 2856 2093 2940 12.)

688 2976 757 3037 9⁰
797 2969 1072 3051 Quando
1111 2970 1626 3037 contrahendum
1662 2979 1762 3036 est
1798 2972 2279 3036 matrimonium
2316 2972 2399 3036 ab
2439 2972 2674 3057 aliqu0‚
2720 2974 2831 3056 qui

599 3089 663 3151 in
694 3086 1094 3152 xenodochio
1131 3085 1335 3169 degit,
1367 3105 1444 3150 an
1480 3087 1962 3150 matrimonium
1991 3087 2309 3152 celebrari
2342 3086 2585 3152 debeat
2610 3106 2829 3153 coram

603 3201 983 3285 cappellano
1006 3200 1412 3272 xenodochii,
1439 3219 1520 3264 an
1556 3221 1715 3265 vero
1738 3220 1956 3266 coram
1980 3203 2264 3284 parocho
2286 3202 2436 3278 loci,
2474 3205 2537 3266 in
2571 3221 2699 3287 quo
2719 3223 2829 3266 ex-

601 3322 728 3381 stat
747 3316 1249 3393 xenodochium,
1290 3336 1502 3396 maqno
1520 3320 1725 3379 studio
1756 3320 2159 3381 contenditur.
2211 3317 2627 3402 (Benedictus
2654 3319 2819 3389 xlv,

594 3432 995 3495 institutione
1033 3434 1141 3505 33,
1173 3450 1236 3494 n.
1292 3429 1421 3512 13.)
1458 3431 1598 3510 Qua
1631 3439 1843 3495 stante
1889 3433 2259 3515 opinionum
2298 3432 2702 3511 diversitate,
2736 3435 2825 3497 sic

603 3542 965 3627 prudenter
991 3542 1208 3627 quoad
1249 3562 1428 3607 suam
1459 3545 1925 3610 Bononiensem
1966 3545 2299 3611 dioecesim
2338 3554 2656 3612 statuerat
2692 3549 2829 3611 lau·

604 3658 796 3722 datus
819 3657 1212 3722 Benedictus
1238 3658 1382 3721 XIV
1413 3679 1425 3719 :
1464 3680 1495 3717 «
1519 3659 1937 3741 Praecipimus
1962 3668 2037 3724 ut
2058 3664 2311 3744 quoties
2340 3660 2476 3725 haec
2502 3663 2823 3733 eveniant,

610 3794 644 3832 «
674 3772 886 3836 statim
916 3790 1032 3835 nos
1062 3768 1146 3833 de
1183 3790 1364 3835 more
1407 3773 1723 3837 certiores
1766 3773 2025 3850 faciant,
2066 3783 2137 3839 ut
2177 3782 2533 3839 statuamus
2562 3777 2674 3860 qui
2700 3794 2830 3837 ma-

609 3909 641 3945 «
674 3887 981 3950 trimonio
1016 3884 1409 3951 celebrando
1438 3888 1713 3951 intersit.
1765 3913 1795 3947 »
1827 3890 2259 3974 (Institutione
2289 3893 2397 3968 33,
2435 3910 2500 3953 n.
2546 3887 2676 3970 13.)

699 4002 807 4062 10⁰
839 3998 1112 4079 Quando
1152 4002 1630 4067 matrimonium
1662 4009 2094 4067 contracturae
2128 4011 2277 4067 sunt
2317 4004 2567 4086 puellm,
2596 4022 2737 4087 quoe
2768 4005 2828 4066 in

602 4113 881 4199 hospitio
914 4117 1279 4196 spuriarum
1312 4115 1713 4193 detinentur,
1760 4117 2279 4184 contrahendum
2320 4124 2419 4182 est
2460 4138 2677 4183 coram
2726 4137 2831 4200 pa·

605 4228 826 4305 rocho,
879 4230 945 4293 in
994 4228 1180 4313 cujus
1230 4230 1561 4294 territorio
1617 4232 1809 4295 situm
1866 4239 1964 4296 est
2014 4232 2386 4314 hospitium,
2444 4251 2569 4296 non
2613 4238 2827 4297 autem

601 4361 817 4409 coram
843 4344 1008 4408 illius
1026 4344 1354 4425 hospitalis
1375 4344 1756 4426 cappellano
1783 4365 1897 4410 seu
1915 4355 2198 4413 rectore.
2228 4345 2819 4430 (BenedictusXIv‚

593 4449 998 4522 'institutione
1029 4460 1134 4533 33,
1172 4476 1234 4519 n.
1276 4456 1404 4537 14.)
