3146 4973
563 372 646 434 42
1238 385 1619 434 moruus
1663 386 1754 434 nn
1797 384 2126 434 ranocuo.

563 533 596 571 α
630 512 940 578 braretur
955 510 1272 595 baptisma
1288 510 1353 575 ia
1374 510 1610 594 insigni
1631 509 2022 576 monasterio
2033 508 2244 575 sancti
2277 506 2617 591 Martialis3
2645 523 2798 573 con-

493 646 496 649 ·
562 649 595 686 «
631 625 1054 693 tendentibus
1079 645 1211 692 non
1239 625 1394 691 alibi
1420 643 1618 712 quam
1643 626 1712 691 in
1739 624 2104 693 cathedrali
2130 623 2485 690 ministrari
2509 621 2794 708 debere3

562 764 595 801 «
628 743 947 808 sancicum
979 740 1104 807 fuit
1130 749 1206 807 ut
1233 742 1302 806 in
1329 740 1510 808 dicto
1530 742 1946 817 monasterio,
1980 747 2051 806 et
2079 743 2147 806 in
2171 740 2312 806 aliis
2338 739 2650 818 ecclesiis,
2683 739 2799 805 ubi

563 881 595 917 «
630 877 771 926 mos
796 859 918 925 iste
955 866 1262 926 recenter
1291 857 1709 926 introductus
1739 860 1957 927 fuerat
1971 905 1988 938 ‚
2022 861 2090 925 in
2121 858 2435 925 Paschate
2467 866 2535 925 et
2566 858 2803 924 Pente-

561 996 594 1035 «
632 981 809 1041 coste
859 976 1333 1056 celebraretur,
1386 982 1479 1040 itu
1529 984 1729 1040 tamen
1781 983 1853 1040 ut
1905 982 2099 1061 major
2147 991 2431 1040 numerus
2482 978 2800 1057 baptizan-

562 1115 594 1153 α
629 1096 845 1157 dmm
898 1098 980 1158 sit
1026 1096 1195 1174 apud
1247 1100 1536 1177 majorem
1582 1097 1890 1157 eocloeiom
1906 1141 1929 1175 ,
1985 1096 2093 1156 ubi
2146 1094 2451 1156 honestius
2495 1092 2801 1172 paschalis

562 1232 593 1267 a
629 1214 775 1274 ordo
800 1212 1140 1290 perfieimr.
1178 1208 1429 1276 Deinde
1457 1209 1661 1276 iidem
1690 1210 1911 1276 cler-lei
1939 1209 2279 1294 conquesti
2304 1215 2457 1296 sunt
2481 1210 2558 1272 de
2580 1210 2802 1290 puali-

561 1348 595 1386 «
628 1332 861 1390 catione
900 1327 983 1390 αἱ
1022 1330 1312 1407 populu-m
1350 1334 1422 1392 et
1453 1325 1538 1392 de
1569 1330 1915 1391 indicandis
1945 1331 2206 1410 jejuniis
2247 1333 2304 1388 et
2352 1327 2613 1403 litaniis,
2654 1342 2802 1388 con·

563 1464 595 1502 α
630 1440 978 1508 vendentes
1005 1442 1180 1527 quod
1214 1442 1351 1508 haec
1377 1441 1555 1527 apud
1590 1441 2039 1509 cathedralem
2082 1440 2428 1508 dumtaxat
2476 1439 2799 1507 deberent

564 1580 596 1618 α
630 1559 857 1642 peragi
881 1564 952 1624 et
978 1556 1173 1625 edici.
1206 1558 1633 1627 Nihilominus
1667 1577 1856 1625 secus
1892 1560 2126 1625 Patres
2172 1557 2266 1624 illi
2312 1555 2789 1632 decreverunt,

561 1698 594 1735 α
630 1693 779 1741 cum
806 1675 979 1743 hisce
1009 1681 1231 1741 tamen
1259 1676 1747 1744 limitationibus
1782 1698 1795 1741 :
1829 1681 1901 1742 Sc·
1933 1679 2085 1741 talia
2112 1677 2243 1739 sine
2274 1678 2449 1740 Sedis
2476 1676 2752 1737 consultu
2770 1723 2786 1750 ‚

561 1814 592 1851 ι(
627 1797 994 1871 necessitate,
1039 1813 1161 1856 non
1203 1798 1536 1856 temeritate
1579 1796 1674 1856 vel
1717 1793 1907 1880 (quod
1934 1790 2128 1878 absit)
2177 1799 2319 1876 typo
2359 1793 2676 1873 superbae,
2719 1794 2797 1854 ab

562 1929 593 1967 (ι
626 1911 755 1971 alia
784 1910 1026 1970 ecclesia
1059 1913 1342 1973 instituta
1372 1911 1627 1990 fuerint,
1667 1910 1826 1973 nihil
1854 1917 1941 1973 est
1971 1911 2130 1991 quod
2175 1911 2566 1990 intimentur
2592 1909 2796 1970 clerici

562 2045 592 2081 α
630 2028 827 2089 Sedis.
857 2027 1076 2088 Tamen
1101 2030 1189 2088 ita
1212 2033 1427 2090 cuncta
1455 2029 1883 2090 concordantia
1911 2029 2316 2103 moderentur,
2341 2032 2410 2087 ut
2426 2043 2564 2106 pax
2582 2030 2641 2086 et
2661 2028 2791 2086 uni·

560 2161 591 2199 (ι
632 2149 726 2202 tas
758 2143 968 2205 Sedena
1006 2147 1165 2204 inter
1201 2150 1258 2206 et
1297 2144 1455 2204 alias
1484 2145 1762 2206 eeclesias
1788 2148 2140 2225 permaneat
2178 2141 2640 2204 inconvulsa...
2678 2139 2792 2204 His

560 2280 607 2316 n·
625 2256 846 2340 itaque
879 2256 1303 2342 indulgentiis
1344 2266 1413 2325 et
1445 2258 1968 2326 concessionibus
2007 2258 2290 2342 primum
2329 2257 2399 2321 in
2443 2256 2668 2322 Galliis
2693 2256 2791 2320 vi-

558 2394 591 2431 α
627 2369 828 2437 detur
866 2379 1073 2438 strata
1101 2375 1203 2439 via
1228 2371 1318 2439 ad
1351 2373 1828 2457 parochiarium
1869 2373 1937 2439 in
1972 2372 2173 2439 urbes
2206 2370 2673 2438 inductionem.
2714 2371 2789 2434 In

559 2512 588 2547 «
626 2488 814 2554 Italia
844 2497 1066 2555 autem
1101 2490 1298 2555 etiam
1329 2490 1464 2556 haec
1494 2492 1746 2576 aliaque
1777 2488 2180 2576 hujusmodi,
2215 2486 2336 2556 sed
2365 2488 2561 2572 paulo
2582 2485 2792 2553 serius

559 2628 590 2664 «
623 2605 941 2671 intentata
985 2626 1023 2671 a
1060 2607 1383 2672 minorum
1435 2625 1770 2674 sacrarum
1825 2605 2063 2673 oedium
2123 2604 2527 2690 presbyteris
2572 2601 2783 2668 fuere.

556 2747 588 2783 «
624 2725 870 2789 Verum
896 2722 1368 2789 cathedralium
1394 2721 1820 2789 ecclesiarum
1847 2722 2168 2790 canonicis
2199 2719 2452 2787 enixius
2473 2718 2792 2785 obsisten-

555 2861 589 2897 «
624 2838 798 2905 tibus
815 2888 832 2918 ‚
881 2846 952 2905 et
986 2839 1453 2924 Episcoporum
1503 2856 2037 2924 summorumque
2087 2835 2475 2924 pontificum
2509 2835 2791 2901 auctori-

554 2980 585 3015 «
622 2961 824 3021 tatem
846 2955 1454 3039 implorantibus...‚
1483 2957 1744 3023 illorum
1766 2974 1963 3021 ausus
1981 2953 2512 3021 retunduntur...
2542 2952 2790 3018 Verum
2839 2952 2856 2959 “

555 3092 587 3132 α
620 3072 727 3137 hic
754 3073 952 3138 eu'am
986 3073 1053 3137 in
1095 3072 1421 3158 plerisque
1452 3073 1728 3140 urbibus
1775 3070 2043 3138 tandem
2097 3070 2377 3136 invaluit
2395 3117 2411 3146 ‚
2454 3074 2533 3133 ut
2560 3085 2788 3134 eorum

554 3208 587 3245 c<
625 3188 935 3273 pleraque
977 3196 1165 3255 extra
1203 3188 1648 3256 cathedralem
1691 3196 2194 3273 peraget-eumn
2230 3194 2300 3252 et
2326 3193 2486 3252 tunc
2519 3184 2786 3251 demum

554 3325 586 3361 α
624 3301 918 3387 quaedam
963 3304 1363 3387 parochiales
1411 3316 1683 3371 evasere
1724 3312 1793 3368 et
1833 3303 2170 3387 appellaue
2210 3306 2367 3366 sunt
2408 3300 2780 3367 ecclesiae...

555 3440 587 3476 α
622 3418 1036 3485 Occasionem
1088 3425 1310 3484 autem
1346 3419 1404 3483 si
1436 3435 1689 3503 quaeras
1733 3425 1930 3484 tantae
1981 3415 2387 3500 pedetentim
2422 3422 2787 3482 consecutae

554 3556 585 3593 ι(
619 3535 687 3598 in
725 3536 988 3619 ant-iqua
1022 3533 1362 3618 disciplina
1406 3533 1901 3611 immumtioniS,
1944 3540 2016 3598 et
2068 3533 2531 3617 Episcoporum
2567 3531 2790 3598 conni-

555 3675 586 3712 «
624 3653 879 3729 ventiae,
910 3672 985 3717 ac
1004 3651 1325 3736 majorum
1360 3651 1747 3718 clericorum
1778 3651 2131 3736 patientiae,
2161 3648 2326 3715 hanc
2343 3668 2479 3716 non
2504 3650 2784 3717 multum

553 3790 585 3826 «
620 3766 1072 3833 dissimulem..
1090 3817 1132 3830 ..
1167 3767 1460 3834 Primum
1484 3782 1723 3851 nempe
1754 3765 1989 3833 crebra
2015 3765 2354 3831 schismata
2379 3780 2524 3850 quae
2550 3767 2787 3832 saeculo

554 3906 586 3944 «
622 3885 987 3968 praesertim
1034 3881 1377 3950 undecimo
1404 3892 1474 3949 et
1515 3882 1909 3951 duodecimo
1943 3883 2213 3967 viguere
2232 3930 2250 3959 ,
2284 3882 2379 3947 ita
2421 3888 2580 3946 ut...
2626 3902 2786 3949 non-

554 4024 587 4063 «
624 4001 785 4066 nulli
812 4008 955 4065 tum
986 4000 1211 4066 clerici
1241 4007 1383 4065 tum
1414 4000 1562 4065 laici
1591 4016 1739 4065 cum
1771 3998 2129 4083 Episcopis,
2150 4016 2314 4084 quos
2344 3997 2787 4065 schismaticos

556 4142 588 4178 «
618 4115 1032 4201 judicabant,
1061 4134 1190 4182 non
1220 4117 1775 4183 communicarent
1790 4164 1807 4195 ‚
1836 4114 2117 4200 ideoque
2145 4134 2184 4180 a
2218 4113 2580 4182 cathedrali
2605 4116 2788 4183 refu-

556 4257 589 4293 «
623 4233 910 4317 giebant.
944 4229 1198 4299 Deinde
1225 4240 1385 4299 tunc
1412 4232 1882 4317 Episcoporum
1925 4232 2295 4317 complures
2321 4231 2519 4298 electi
2548 4233 2787 4299 solum-

555 4372 588 4408 1<
622 4346 821 4417 modo
853 4357 921 4416 et
946 4347 1238 4416 nondum
1271 4345 1747 4433 episcopalibus
1783 4348 1982 4415 sacris
2009 4347 2247 4415 initiati
2283 4353 2472 4415 erant
2490 4396 2506 4425 ,
2540 4347 2786 4434 diuque

552 4490 584 4525 α
621 4465 710 4531 ita
748 4464 1254 4551 permanebant,
1299 4470 1413 4535 aut
1449 4483 1485 4529 a
1524 4464 1655 4538 suis
1689 4463 1966 4537 aberant
2004 4463 2322 4547 ecclesiis3
2356 4478 2557 4549 quam
2597 4481 2782 4529 sacra
