3146 4973
1550 429 1631 439 -.
1671 412 1757 471 vuJ
1799 425 1878 439 .-

582 557 1259 661 circumstantias),
1304 553 1517 635 nulla
1575 553 2054 659 scriptorum
2114 558 2472 634 meorum
2537 552 2828 663 pagina

577 700 945 796 negatum
985 689 1356 793 reperies3
1407 687 1584 767 licet
1619 685 1728 784 id,
1769 710 1929 766 non
1973 709 2262 781 meum,
2315 685 2448 766 sed
2499 712 2825 795 compe*-

580 819 808 903 tentis
836 821 1318 902 auctoritatis
1343 818 1724 928 judicium
1760 844 1930 900 esse
1960 816 2255 898 malim.
2287 815 2475 899 ltem
2530 819 2593 898 si
2646 821 2824 925 quis

577 954 1009 1061 optandum
1034 952 1446 1049 existimet,
1475 965 1561 1034 ut
1600 953 1679 1033 in
1714 954 2001 1034 nostris
2032 952 2458 1033 Galliarum
2490 951 2826 1035 ecclesiis

577 1086 806 1167 utiles
849 1084 1222 1194 ejusmodi
1270 1097 1505 1193 atque
1550 1086 1911 1194 praesenti
1951 1110 2208 1165 rerum
2244 1087 2474 1166 statui
2516 1110 2824 1167 accom-

572 1220 907 1301 modatae
964 1220 1561 1302 consuetudines
1615 1219 2126 1314 retineantur,
2168 1217 2690 1326 proindeque,
2757 1219 2821 1299 si

572 1352 919 1433 nondum
960 1351 1326 1460 legitimae
1361 1353 1772 1448 evaserint,
1812 1353 2220 1433 accedente
2255 1352 2659 1459 pontificio
2701 1353 2819 1432 in-

572 1484 789 1567 dulto
828 1485 1057 1567 licitae
1095 1486 1614 1584 declarentur,
1650 1510 2149 1594 nequaquam
2189 1510 2313 1565 me
2351 1484 2498 1567 sibi
2543 1485 2820 1567 adver-

577 1631 875 1701 sautem
904 1618 1249 1702 habebit.
1300 1616 1546 1701 lmmo
1589 1631 1665 1700 et
1700 1619 1782 1698 in
1813 1620 2170 1727 praesenti
2204 1619 2360 1701 hoc
2395 1619 2812 1719 volumine,

571 1753 1011 1859 generalem
1076 1753 1515 1836 dioeceseon
1549 1752 1820 1835 Galliae
1873 1753 2178 1861 praxim
2247 1752 2817 1835 Eucharistiam

569 1883 920 1966 fidelibus
957 1885 1033 1964 in
1078 1883 1369 1968 Natalis
1396 1898 1623 1968 nocte
1651 1885 2205 1979 distribuendi,
2242 1887 2380 1966 etsi
2404 1884 2560 1992 juri
2590 1913 2816 1968 com-

572 2018 790 2099 muni
856 2021 1327 2100 contrariam
1386 2019 1951 2126 reputaverim,
2037 2045 2198 2099 non
2277 2030 2532 2099 tamen
2610 2017 2818 2101 illico¹
2958 2098 2967 2109 ,

570 2152 1107 2233 deserendam.
1159 2151 1308 2234 Sed
1353 2154 1696 2236 rat-iones
1735 2154 2050 2249 deduxi,
2097 2177 2272 2260 quae
2309 2152 2572 2258 potius
2621 2178 2812 2232 sua-

570 2285 833 2383 deant,
871 2298 983 2381 ut,
1017 2286 1335 2369 obtenta
1359 2289 1762 2393 (quatenus
1795 2285 2229 2367 necessaria
2268 2283 2384 2390 sit)
2407 2283 2813 2368 Pontificia

569 2419 1097 2517 concessione,
1126 2419 1544 2503 retineatur
1583 2418 1965 2530 ejusmodi
2001 2419 2289 2527 praxis,
2327 2430 2595 2527 utpote
2637 2446 2812 2529 quae

571 2556 649 2632 in
681 2562 953 2634 nostra
979 2553 1302 2660 regione
1331 2551 1568 2635 nullis
1596 2553 1953 2634 videatur
1990 2550 2366 2633 abusibus
2430 2552 2802 2648 obnoxia,

566 2712 709 2769 nec
746 2686 980 2795 possit
1004 2688 1199 2788 (meo
1240 2687 1552 2794 quidem
1591 2685 1912 2793 judicio)
1953 2685 2249 2793 absque
2287 2710 2574 2794 magna
2603 2686 2803 2769 fide·-

559 2818 755 2908 lium
784 2818 1137 2900 molestia
1170 2827 1246 2899 et
1274 2818 1579 2924 pietatis
1604 2817 2068 2899 detrimento
2089 2819 2500 2926 supprimi.

666 2950 881 3033 Unde
905 2976 1209 3034 merum
1235 2950 1693 3059 figmentum
1723 2961 1862 3047 est,
1886 2951 2101 3059 quod
2126 2951 2512 3059 objicitur,
2549 2975 2804 3034 meum

566 3087 643 3170 in
710 3084 1146 3166 Gallicanas
1218 3084 1830 3166 consuetudines
1903 3084 2202 3166 odium.
2262 3083 2326 3166 A
2383 3085 2808 3168 retinendis

562 3217 943 3327 ejusmodi
1001 3217 1725 3314 consuetudinibuS,
1779 3218 1842 3298 si
1894 3215 2144 3300 visum
2190 3215 2444 3314 fuerit,
2504 3243 2810 3327 nequa-

566 3377 803 3458 quam
842 3351 1170 3462 refugio.
1218 3353 1315 3434 At
1351 3352 1449 3432 de
1486 3350 1583 3431 iis
1629 3351 1787 3431 sint
1828 3377 2030 3459 quae,
2064 3349 2188 3434 vel
2222 3349 2568 3460 legitime
2607 3377 2807 3433 con·-

566 3495 684 3564 tra
748 3484 877 3594 jus
954 3511 1367 3568 commune
1414 3485 2081 3594 praescripserint,
2140 3485 2259 3566 vel
2328 3512 2421 3567 ex
2506 3485 2811 3567 indulto

568 3616 977 3701 Pontificio
1034 3619 1263 3702 lieitae
1316 3618 1734 3702 evaserint.

1428 3899 1950 3932 w
