<?xml version="1.0" encoding="UTF-8"?>
<!DOCTYPE html PUBLIC "-//W3C//DTD XHTML 1.0 Transitional//EN"
    "http://www.w3.org/TR/xhtml1/DTD/xhtml1-transitional.dtd">
<html xmlns="http://www.w3.org/1999/xhtml" xml:lang="en" lang="en">
 <head>
  <title>
</title>
<meta http-equiv="Content-Type" content="text/html;charset=utf-8" />
  <meta name='ocr-system' content='tesseract 3.04.00' />
  <meta name='ocr-capabilities' content='ocr_page ocr_carea ocr_par ocr_line ocrx_word'/>
</head>
<body>
  <div class='ocr_page' id='page_1' title='image "./tractatusdeparo00bouigoog_0220.png"; bbox 0 0 3146 4973; ppageno 0'>
   <div class='ocr_carea' id='block_1_1' title="bbox 586 276 2143 341">
    <p class='ocr_par' dir='ltr' id='par_1_1' title="bbox 586 276 2143 341">
     <span class='ocr_line' id='line_1_1' title="bbox 586 276 2143 341; baseline -0.001 -3"><span class='ocrx_word' id='word_1_1' title='bbox 586 276 714 341; x_wconf 74' lang='lat'>208</span> <span class='ocrx_word' id='word_1_2' title='bbox 1263 291 1640 341; x_wconf 60' lang='lat' dir='ltr'>reserares</span> <span class='ocrx_word' id='word_1_3' title='bbox 1684 294 1773 341; x_wconf 73' lang='lat' dir='ltr'>ne</span> <span class='ocrx_word' id='word_1_4' title='bbox 1816 291 2143 341; x_wconf 61' lang='lat' dir='ltr'>ranocno.</span> 
     </span>
    </p>
   </div>
   <div class='ocr_carea' id='block_1_2' title="bbox 583 413 2839 4420">
    <p class='ocr_par' dir='ltr' id='par_1_2' title="bbox 583 413 2822 1174">
     <span class='ocr_line' id='line_1_2' title="bbox 584 413 2811 503; baseline 0.001 -24"><span class='ocrx_word' id='word_1_5' title='bbox 584 416 737 481; x_wconf 89' lang='lat' dir='ltr'>ctio.</span> <span class='ocrx_word' id='word_1_6' title='bbox 781 413 1029 482; x_wconf 81' lang='lat' dir='ltr'>Atvero</span> <span class='ocrx_word' id='word_1_7' title='bbox 1047 422 1349 497; x_wconf 75' lang='lat' dir='ltr'>posterior</span> <span class='ocrx_word' id='word_1_8' title='bbox 1383 418 1813 501; x_wconf 79' lang='lat' dir='ltr'>perpetuitas,</span> <span class='ocrx_word' id='word_1_9' title='bbox 1851 436 1997 503; x_wconf 82' lang='lat' dir='ltr'>quae</span> <span class='ocrx_word' id='word_1_10' title='bbox 2028 434 2266 500; x_wconf 80' lang='lat' dir='ltr'>nempe</span> <span class='ocrx_word' id='word_1_11' title='bbox 2295 414 2589 482; x_wconf 80' lang='lat' dir='ltr'><strong>excludit</strong></span> <span class='ocrx_word' id='word_1_12' title='bbox 2615 432 2811 481; x_wconf 84' lang='lat' dir='ltr'>revo-</span> 
     </span>
     <span class='ocr_line' id='line_1_3' title="bbox 586 526 2817 611; baseline 0 -17"><span class='ocrx_word' id='word_1_13' title='bbox 586 528 984 595; x_wconf 87' lang='lat' dir='ltr'>cabilitatem</span> <span class='ocrx_word' id='word_1_14' title='bbox 1022 527 1108 595; x_wconf 87' lang='lat' dir='ltr'>ad</span> <span class='ocrx_word' id='word_1_15' title='bbox 1134 538 1392 611; x_wconf 88' lang='lat' dir='ltr'>nutum,</span> <span class='ocrx_word' id='word_1_16' title='bbox 1430 532 1789 598; x_wconf 88' lang='lat' dir='ltr'>essentialis</span> <span class='ocrx_word' id='word_1_17' title='bbox 1833 552 1961 597; x_wconf 94' lang='lat' dir='ltr'>non</span> <span class='ocrx_word' id='word_1_18' title='bbox 2006 539 2109 597; x_wconf 91' lang='lat' dir='ltr'>est</span> <span class='ocrx_word' id='word_1_19' title='bbox 2158 529 2245 596; x_wconf 93' lang='lat' dir='ltr'>ad</span> <span class='ocrx_word' id='word_1_20' title='bbox 2288 526 2817 596; x_wconf 88' lang='lat' dir='ltr'>constituendum</span> 
     </span>
     <span class='ocr_line' id='line_1_4' title="bbox 585 643 2820 727; baseline -0 -16"><span class='ocrx_word' id='word_1_21' title='bbox 585 662 820 711; x_wconf 81' lang='lat' dir='ltr'>verum</span> <span class='ocrx_word' id='word_1_22' title='bbox 850 643 1267 711; x_wconf 87' lang='lat' dir='ltr'>beneficium.</span> <span class='ocrx_word' id='word_1_23' title='bbox 1309 647 1396 712; x_wconf 88' lang='lat' dir='ltr'>Et</span> <span class='ocrx_word' id='word_1_24' title='bbox 1433 666 1669 715; x_wconf 88' lang='lat' dir='ltr'>revera</span> <span class='ocrx_word' id='word_1_25' title='bbox 1707 666 1877 727; x_wconf 91' lang='lat' dir='ltr'>cum,</span> <span class='ocrx_word' id='word_1_26' title='bbox 1913 655 2125 713; x_wconf 89' lang='lat' dir='ltr'>amoto</span> <span class='ocrx_word' id='word_1_27' title='bbox 2154 645 2238 713; x_wconf 89' lang='lat' dir='ltr'>ad</span> <span class='ocrx_word' id='word_1_28' title='bbox 2275 655 2511 711; x_wconf 87' lang='lat' dir='ltr'>nutum</span> <span class='ocrx_word' id='word_1_29' title='bbox 2540 663 2672 711; x_wconf 91' lang='lat' dir='ltr'>uno</span> <span class='ocrx_word' id='word_1_30' title='bbox 2704 643 2820 710; x_wconf 92' lang='lat' dir='ltr'>be-</span> 
     </span>
     <span class='ocr_line' id='line_1_5' title="bbox 583 757 2817 848; baseline -0 -25"><span class='ocrx_word' id='word_1_31' title='bbox 583 757 905 837; x_wconf 84' lang='lat' dir='ltr'>neficiato,</span> <span class='ocrx_word' id='word_1_32' title='bbox 933 767 1123 825; x_wconf 81' lang='lat' dir='ltr'>vacet</span> <span class='ocrx_word' id='word_1_33' title='bbox 1150 759 1567 841; x_wconf 84' lang='lat' dir='ltr'>beneficium,</span> <span class='ocrx_word' id='word_1_34' title='bbox 1596 768 1666 827; x_wconf 92' lang='lat' dir='ltr'>et</span> <span class='ocrx_word' id='word_1_35' title='bbox 1703 763 1902 848; x_wconf 81' lang='lat' dir='ltr'><strong>possit</strong></span> <span class='ocrx_word' id='word_1_36' title='bbox 1936 761 2133 828; x_wconf 89' lang='lat' dir='ltr'>alteri</span> <span class='ocrx_word' id='word_1_37' title='bbox 2164 760 2493 844; x_wconf 81' lang='lat' dir='ltr'>conferri3</span> <span class='ocrx_word' id='word_1_38' title='bbox 2533 766 2604 825; x_wconf 90' lang='lat' dir='ltr'>et</span> <span class='ocrx_word' id='word_1_39' title='bbox 2628 760 2720 823; x_wconf 90' lang='lat' dir='ltr'>sic</span> <span class='ocrx_word' id='word_1_40' title='bbox 2755 760 2817 823; x_wconf 87' lang='lat' dir='ltr'>in</span> 
     </span>
     <span class='ocr_line' id='line_1_6' title="bbox 586 874 2821 962; baseline 0 -24"><span class='ocrx_word' id='word_1_41' title='bbox 586 880 983 956; x_wconf 90' lang='lat' dir='ltr'>perpetuum</span> <span class='ocrx_word' id='word_1_42' title='bbox 1015 874 1359 959; x_wconf 81' lang='lat' dir='ltr'>perduret,</span> <span class='ocrx_word' id='word_1_43' title='bbox 1397 878 1501 943; x_wconf 80' lang='lat' dir='ltr'>vel</span> <span class='ocrx_word' id='word_1_44' title='bbox 1544 878 1628 943; x_wconf 87' lang='lat' dir='ltr'>ab</span> <span class='ocrx_word' id='word_1_45' title='bbox 1668 877 1883 962; x_wconf 87' lang='lat' dir='ltr'>aliquo</span> <span class='ocrx_word' id='word_1_46' title='bbox 1912 895 2301 961; x_wconf 89' lang='lat' dir='ltr'>possessum,</span> <span class='ocrx_word' id='word_1_47' title='bbox 2343 875 2451 943; x_wconf 81' lang='lat' dir='ltr'>vel</span> <span class='ocrx_word' id='word_1_48' title='bbox 2482 894 2723 940; x_wconf 80' lang='lat' dir='ltr'>vacans</span> <span class='ocrx_word' id='word_1_49' title='bbox 2753 882 2821 939; x_wconf 89' lang='lat' dir='ltr'>et</span> 
     </span>
     <span class='ocr_line' id='line_1_7' title="bbox 589 988 2822 1077; baseline -0 -23"><span class='ocrx_word' id='word_1_50' title='bbox 589 988 1012 1074; x_wconf 81' lang='lat' dir='ltr'>conferihile3</span> <span class='ocrx_word' id='word_1_51' title='bbox 1045 1009 1177 1057; x_wconf 89' lang='lat' dir='ltr'>non</span> <span class='ocrx_word' id='word_1_52' title='bbox 1205 997 1308 1057; x_wconf 89' lang='lat' dir='ltr'>est</span> <span class='ocrx_word' id='word_1_53' title='bbox 1342 1010 1460 1058; x_wconf 90' lang='lat' dir='ltr'>cur</span> <span class='ocrx_word' id='word_1_54' title='bbox 1494 1011 1617 1077; x_wconf 90' lang='lat' dir='ltr'>pro</span> <span class='ocrx_word' id='word_1_55' title='bbox 1646 1012 1809 1062; x_wconf 80' lang='lat' dir='ltr'>vero</span> <span class='ocrx_word' id='word_1_56' title='bbox 1847 990 2169 1059; x_wconf 89' lang='lat' dir='ltr'>beneficio</span> <span class='ocrx_word' id='word_1_57' title='bbox 2208 1011 2335 1059; x_wconf 93' lang='lat' dir='ltr'>non</span> <span class='ocrx_word' id='word_1_58' title='bbox 2374 990 2716 1069; x_wconf 87' lang='lat' dir='ltr'>habeatur,</span> <span class='ocrx_word' id='word_1_59' title='bbox 2751 993 2822 1054; x_wconf 91' lang='lat' dir='ltr'>et</span> 
     </span>
     <span class='ocr_line' id='line_1_8' title="bbox 589 1103 1348 1174; baseline 0.007 -5"><span class='ocrx_word' id='word_1_60' title='bbox 589 1103 711 1172; x_wconf 93' lang='lat' dir='ltr'>hoc</span> <span class='ocrx_word' id='word_1_61' title='bbox 741 1105 999 1172; x_wconf 89' lang='lat' dir='ltr'>nomine</span> <span class='ocrx_word' id='word_1_62' title='bbox 1039 1105 1348 1174; x_wconf 90' lang='lat' dir='ltr'>donetur.</span> 
     </span>
    </p>

    <p class='ocr_par' dir='ltr' id='par_1_3' title="bbox 591 1218 2832 2901">
     <span class='ocr_line' id='line_1_9' title="bbox 678 1218 2823 1308; baseline 0.001 -25"><span class='ocrx_word' id='word_1_63' title='bbox 678 1218 822 1299; x_wconf 87' lang='lat' dir='ltr'>Quo</span> <span class='ocrx_word' id='word_1_64' title='bbox 866 1227 1090 1287; x_wconf 89' lang='lat' dir='ltr'>autem</span> <span class='ocrx_word' id='word_1_65' title='bbox 1131 1239 1326 1287; x_wconf 89' lang='lat' dir='ltr'>sensu</span> <span class='ocrx_word' id='word_1_66' title='bbox 1357 1241 1590 1288; x_wconf 83' lang='lat' dir='ltr'>vacare</span> <span class='ocrx_word' id='word_1_67' title='bbox 1630 1222 1759 1289; x_wconf 90' lang='lat' dir='ltr'>dici</span> <span class='ocrx_word' id='word_1_68' title='bbox 1806 1224 2056 1308; x_wconf 82' lang='lat' dir='ltr'>possint</span> <span class='ocrx_word' id='word_1_69' title='bbox 2094 1221 2417 1289; x_wconf 86' lang='lat' dir='ltr'>beneficia</span> <span class='ocrx_word' id='word_1_70' title='bbox 2455 1223 2650 1287; x_wconf 88' lang='lat' dir='ltr'>etiam</span> <span class='ocrx_word' id='word_1_71' title='bbox 2688 1240 2823 1287; x_wconf 89' lang='lat' dir='ltr'>ma·</span> 
     </span>
     <span class='ocr_line' id='line_1_10' title="bbox 591 1334 2825 1424; baseline 0.001 -23"><span class='ocrx_word' id='word_1_72' title='bbox 591 1334 827 1414; x_wconf 86' lang='lat' dir='ltr'>nualia,</span> <span class='ocrx_word' id='word_1_73' title='bbox 865 1335 1071 1403; x_wconf 88' lang='lat' dir='ltr'>tradit</span> <span class='ocrx_word' id='word_1_74' title='bbox 1106 1338 1344 1403; x_wconf 89' lang='lat' dir='ltr'>citatus</span> <span class='ocrx_word' id='word_1_75' title='bbox 1376 1340 1734 1406; x_wconf 86' lang='lat' dir='ltr'>Leurenius</span> <span class='ocrx_word' id='word_1_76' title='bbox 1768 1339 2057 1422; x_wconf 89' lang='lat' dir='ltr'>(ibidem,</span> <span class='ocrx_word' id='word_1_77' title='bbox 2085 1340 2438 1424; x_wconf 64' lang='lat' dir='ltr'>quaestione</span> <span class='ocrx_word' id='word_1_78' title='bbox 2477 1336 2584 1423; x_wconf 86' lang='lat'>83)</span> <span class='ocrx_word' id='word_1_79' title='bbox 2619 1358 2634 1401; x_wconf 89' lang='lat'>:</span> <span class='ocrx_word' id='word_1_80' title='bbox 2666 1359 2699 1399; x_wconf 72' lang='lat' dir='ltr'>a</span> <span class='ocrx_word' id='word_1_81' title='bbox 2728 1339 2825 1403; x_wconf 84' lang='lat' dir='ltr'>An</span> 
     </span>
     <span class='ocr_line' id='line_1_11' title="bbox 598 1449 2827 1539; baseline 0.002 -26"><span class='ocrx_word' id='word_1_82' title='bbox 598 1473 632 1510; x_wconf 75' lang='grc' dir='ltr'>α</span> <span class='ocrx_word' id='word_1_83' title='bbox 666 1449 983 1516; x_wconf 85' lang='lat' dir='ltr'>beneficia</span> <span class='ocrx_word' id='word_1_84' title='bbox 1020 1453 1340 1518; x_wconf 78' lang='lat' dir='ltr'>manualia</span> <span class='ocrx_word' id='word_1_85' title='bbox 1369 1452 1671 1520; x_wconf 89' lang='lat' dir='ltr'>dicantur</span> <span class='ocrx_word' id='word_1_86' title='bbox 1728 1474 1886 1522; x_wconf 80' lang='lat' dir='ltr'>vere</span> <span class='ocrx_word' id='word_1_87' title='bbox 1910 1473 2189 1534; x_wconf 58' lang='lat' dir='ltr'>vacare,</span> <span class='ocrx_word' id='word_1_88' title='bbox 2248 1454 2627 1539; x_wconf 81' lang='lat' dir='ltr'>possintque</span> <span class='ocrx_word' id='word_1_89' title='bbox 2674 1453 2827 1518; x_wconf 90' lang='lat' dir='ltr'>resi-</span> 
     </span>
     <span class='ocr_line' id='line_1_12' title="bbox 599 1566 2827 1653; baseline 0.004 -26"><span class='ocrx_word' id='word_1_90' title='bbox 599 1589 632 1626; x_wconf 82' lang='lat'>«</span> <span class='ocrx_word' id='word_1_91' title='bbox 670 1566 901 1649; x_wconf 79' lang='lat' dir='ltr'>gnari?</span> <span class='ocrx_word' id='word_1_92' title='bbox 929 1603 1019 1616; x_wconf 93' lang='lat'><strong>—</strong></span> <span class='ocrx_word' id='word_1_93' title='bbox 1048 1566 1432 1651; x_wconf 84' lang='lat' dir='ltr'>Respondet</span> <span class='ocrx_word' id='word_1_94' title='bbox 1463 1567 1848 1637; x_wconf 80' lang='lat' dir='ltr'>affirmative</span> <span class='ocrx_word' id='word_1_95' title='bbox 1881 1571 2268 1649; x_wconf 90' lang='lat' dir='ltr'>Lotterus..,</span> <span class='ocrx_word' id='word_1_96' title='bbox 2301 1572 2506 1635; x_wconf 89' lang='lat' dir='ltr'>citans</span> <span class='ocrx_word' id='word_1_97' title='bbox 2541 1588 2663 1653; x_wconf 88' lang='lat' dir='ltr'>pro</span> <span class='ocrx_word' id='word_1_98' title='bbox 2705 1570 2827 1635; x_wconf 87' lang='lat' dir='ltr'>hoc</span> 
     </span>
     <span class='ocr_line' id='line_1_13' title="bbox 600 1682 2829 1765; baseline 0.001 -19"><span class='ocrx_word' id='word_1_99' title='bbox 600 1704 632 1739; x_wconf 76' lang='grc' dir='ltr'>α</span> <span class='ocrx_word' id='word_1_100' title='bbox 670 1687 910 1764; x_wconf 80' lang='lat' dir='ltr'>praeter</span> <span class='ocrx_word' id='word_1_101' title='bbox 935 1682 1221 1748; x_wconf 85' lang='lat' dir='ltr'>Glossam</span> <span class='ocrx_word' id='word_1_102' title='bbox 1255 1691 1326 1749; x_wconf 91' lang='lat' dir='ltr'>et</span> <span class='ocrx_word' id='word_1_103' title='bbox 1353 1685 1608 1765; x_wconf 86' lang='lat' dir='ltr'>Rotam,</span> <span class='ocrx_word' id='word_1_104' title='bbox 1646 1686 2046 1751; x_wconf 87' lang='lat' dir='ltr'>Gonzalem..</span> <span class='ocrx_word' id='word_1_105' title='bbox 2065 1736 2080 1751; x_wconf 92' lang='lat'><strong>.</strong></span> <span class='ocrx_word' id='word_1_106' title='bbox 2111 1686 2162 1751; x_wconf 92' lang='lat' dir='ltr'><strong>E</strong></span> <span class='ocrx_word' id='word_1_107' title='bbox 2187 1694 2418 1751; x_wconf 91' lang='lat' dir='ltr'>contra</span> <span class='ocrx_word' id='word_1_108' title='bbox 2448 1686 2649 1751; x_wconf 87' lang='lat' dir='ltr'>sentit</span> <span class='ocrx_word' id='word_1_109' title='bbox 2680 1682 2829 1749; x_wconf 89' lang='lat' dir='ltr'>Car·</span> 
     </span>
     <span class='ocr_line' id='line_1_14' title="bbox 600 1793 2829 1884; baseline 0.002 -26"><span class='ocrx_word' id='word_1_110' title='bbox 600 1818 632 1856; x_wconf 78' lang='grc' dir='ltr'><strong><em>α</em></strong></span> <span class='ocrx_word' id='word_1_111' title='bbox 670 1793 899 1863; x_wconf 87' lang='lat' dir='ltr'>dinalis</span> <span class='ocrx_word' id='word_1_112' title='bbox 920 1795 1004 1863; x_wconf 90' lang='lat' dir='ltr'>de</span> <span class='ocrx_word' id='word_1_113' title='bbox 1035 1797 1210 1863; x_wconf 87' lang='lat' dir='ltr'>Luca</span> <span class='ocrx_word' id='word_1_114' title='bbox 1240 1796 1337 1884; x_wconf 83' lang='lat' dir='ltr'>(de</span> <span class='ocrx_word' id='word_1_115' title='bbox 1367 1800 1704 1879; x_wconf 77' lang='lat' dir='ltr'>Beneficiis,</span> <span class='ocrx_word' id='word_1_116' title='bbox 1750 1798 2047 1866; x_wconf 84' lang='lat' dir='ltr'>discursu</span> <span class='ocrx_word' id='word_1_117' title='bbox 2071 1804 2180 1878; x_wconf 88' lang='grc'>97,</span> <span class='ocrx_word' id='word_1_118' title='bbox 2215 1820 2284 1866; x_wconf 90' lang='lat' dir='ltr'>n.</span> <span class='ocrx_word' id='word_1_119' title='bbox 2339 1796 2469 1883; x_wconf 87' lang='lat'>18),</span> <span class='ocrx_word' id='word_1_120' title='bbox 2511 1817 2661 1864; x_wconf 90' lang='lat' dir='ltr'>cum</span> <span class='ocrx_word' id='word_1_121' title='bbox 2699 1817 2829 1863; x_wconf 91' lang='lat' dir='ltr'>non</span> 
     </span>
     <span class='ocr_line' id='line_1_15' title="bbox 600 1909 2831 2000; baseline 0.004 -29"><span class='ocrx_word' id='word_1_122' title='bbox 600 1933 631 1971; x_wconf 78' lang='grc' dir='ltr'>α</span> <span class='ocrx_word' id='word_1_123' title='bbox 664 1909 908 1978; x_wconf 87' lang='lat' dir='ltr'>dentur</span> <span class='ocrx_word' id='word_1_124' title='bbox 940 1913 1009 1976; x_wconf 91' lang='lat' dir='ltr'>in</span> <span class='ocrx_word' id='word_1_125' title='bbox 1042 1911 1335 1991; x_wconf 90' lang='lat' dir='ltr'>titulum,</span> <span class='ocrx_word' id='word_1_126' title='bbox 1365 1932 1484 1979; x_wconf 90' lang='lat' dir='ltr'>seu</span> <span class='ocrx_word' id='word_1_127' title='bbox 1499 1915 1767 1980; x_wconf 88' lang='lat' dir='ltr'>titulum</span> <span class='ocrx_word' id='word_1_128' title='bbox 1790 1934 1920 1981; x_wconf 92' lang='lat' dir='ltr'>non</span> <span class='ocrx_word' id='word_1_129' title='bbox 1944 1914 2226 1982; x_wconf 85' lang='lat' dir='ltr'>habeant</span> <span class='ocrx_word' id='word_1_130' title='bbox 2263 1914 2584 2000; x_wconf 87' lang='lat' dir='ltr'>(quamvis</span> <span class='ocrx_word' id='word_1_131' title='bbox 2614 1932 2831 1980; x_wconf 87' lang='lat' dir='ltr'>corra-</span> 
     </span>
     <span class='ocr_line' id='line_1_16' title="bbox 601 2025 2827 2115; baseline 0.002 -27"><span class='ocrx_word' id='word_1_132' title='bbox 601 2050 633 2088; x_wconf 77' lang='lat'>«</span> <span class='ocrx_word' id='word_1_133' title='bbox 675 2025 800 2093; x_wconf 91' lang='lat' dir='ltr'>dus</span> <span class='ocrx_word' id='word_1_134' title='bbox 825 2026 1000 2092; x_wconf 87' lang='lat' dir='ltr'>dicat</span> <span class='ocrx_word' id='word_1_135' title='bbox 1020 2046 1207 2111; x_wconf 86' lang='lat' dir='ltr'>posse</span> <span class='ocrx_word' id='word_1_136' title='bbox 1229 2027 1514 2095; x_wconf 84' lang='lat' dir='ltr'>conferri</span> <span class='ocrx_word' id='word_1_137' title='bbox 1530 2030 1599 2094; x_wconf 92' lang='lat' dir='ltr'>in</span> <span class='ocrx_word' id='word_1_138' title='bbox 1620 2030 1908 2108; x_wconf 90' lang='lat' dir='ltr'>titulum,</span> <span class='ocrx_word' id='word_1_139' title='bbox 1944 2049 2179 2115; x_wconf 89' lang='lat' dir='ltr'>nempe</span> <span class='ocrx_word' id='word_1_140' title='bbox 2210 2027 2670 2113; x_wconf 86' lang='lat' dir='ltr'>amovibilem),</span> <span class='ocrx_word' id='word_1_141' title='bbox 2697 2047 2827 2093; x_wconf 90' lang='lat' dir='ltr'>non</span> 
     </span>
     <span class='ocr_line' id='line_1_17' title="bbox 603 2141 2823 2229; baseline 0 -22"><span class='ocrx_word' id='word_1_142' title='bbox 603 2164 635 2198; x_wconf 78' lang='grc' dir='ltr'><strong>α</strong></span> <span class='ocrx_word' id='word_1_143' title='bbox 677 2158 863 2224; x_wconf 89' lang='lat' dir='ltr'>posse</span> <span class='ocrx_word' id='word_1_144' title='bbox 893 2141 1023 2208; x_wconf 90' lang='lat' dir='ltr'>dici</span> <span class='ocrx_word' id='word_1_145' title='bbox 1057 2161 1286 2211; x_wconf 85' lang='lat' dir='ltr'>vacare</span> <span class='ocrx_word' id='word_1_146' title='bbox 1311 2152 1379 2210; x_wconf 89' lang='lat' dir='ltr'>et</span> <span class='ocrx_word' id='word_1_147' title='bbox 1410 2146 1727 2229; x_wconf 82' lang='lat' dir='ltr'>conferri3</span> <span class='ocrx_word' id='word_1_148' title='bbox 1765 2144 2195 2229; x_wconf 84' lang='lat' dir='ltr'>intelligendo</span> <span class='ocrx_word' id='word_1_149' title='bbox 2222 2143 2344 2211; x_wconf 89' lang='lat' dir='ltr'>hoc</span> <span class='ocrx_word' id='word_1_150' title='bbox 2368 2143 2454 2210; x_wconf 93' lang='lat' dir='ltr'>de</span> <span class='ocrx_word' id='word_1_151' title='bbox 2484 2143 2823 2209; x_wconf 83' lang='lat' dir='ltr'>vacatione</span> 
     </span>
     <span class='ocr_line' id='line_1_18' title="bbox 602 2257 2829 2345; baseline 0.001 -24"><span class='ocrx_word' id='word_1_152' title='bbox 602 2280 635 2315; x_wconf 74' lang='lat' dir='ltr'>a</span> <span class='ocrx_word' id='word_1_153' title='bbox 672 2276 827 2324; x_wconf 88' lang='lat' dir='ltr'>vera</span> <span class='ocrx_word' id='word_1_154' title='bbox 861 2265 933 2325; x_wconf 88' lang='lat' dir='ltr'>et</span> <span class='ocrx_word' id='word_1_155' title='bbox 961 2260 1227 2344; x_wconf 89' lang='lat' dir='ltr'>propria</span> <span class='ocrx_word' id='word_1_156' title='bbox 1264 2257 1349 2325; x_wconf 87' lang='lat' dir='ltr'>ad</span> <span class='ocrx_word' id='word_1_157' title='bbox 1380 2258 1651 2326; x_wconf 80' lang='lat' dir='ltr'>effectus</span> <span class='ocrx_word' id='word_1_158' title='bbox 1683 2259 1869 2345; x_wconf 87' lang='lat' dir='ltr'>juris,</span> <span class='ocrx_word' id='word_1_159' title='bbox 1913 2262 2093 2326; x_wconf 90' lang='lat' dir='ltr'>illum</span> <span class='ocrx_word' id='word_1_160' title='bbox 2138 2261 2501 2344; x_wconf 82' lang='lat' dir='ltr'>praesertim</span> <span class='ocrx_word' id='word_1_161' title='bbox 2537 2275 2829 2323; x_wconf 85' lang='lat' dir='ltr'>reserva·</span> 
     </span>
     <span class='ocr_line' id='line_1_19' title="bbox 605 2371 2830 2460; baseline 0.002 -26"><span class='ocrx_word' id='word_1_162' title='bbox 605 2396 637 2433; x_wconf 89' lang='lat'>«</span> <span class='ocrx_word' id='word_1_163' title='bbox 673 2372 864 2438; x_wconf 90' lang='lat' dir='ltr'>tionis</span> <span class='ocrx_word' id='word_1_164' title='bbox 892 2379 961 2439; x_wconf 93' lang='lat' dir='ltr'>et</span> <span class='ocrx_word' id='word_1_165' title='bbox 985 2371 1371 2458; x_wconf 74' lang='lat' dir='ltr'>affectioni53</span> <span class='ocrx_word' id='word_1_166' title='bbox 1420 2393 1608 2458; x_wconf 86' lang='lat' dir='ltr'>posse</span> <span class='ocrx_word' id='word_1_167' title='bbox 1650 2374 2062 2441; x_wconf 89' lang='lat' dir='ltr'>nihilominus</span> <span class='ocrx_word' id='word_1_168' title='bbox 2089 2376 2274 2460; x_wconf 83' lang='lat' dir='ltr'>largo</span> <span class='ocrx_word' id='word_1_169' title='bbox 2315 2373 2513 2441; x_wconf 92' lang='lat' dir='ltr'>modo</span> <span class='ocrx_word' id='word_1_170' title='bbox 2561 2371 2694 2438; x_wconf 85' lang='lat' dir='ltr'>dici</span> <span class='ocrx_word' id='word_1_171' title='bbox 2725 2391 2830 2438; x_wconf 78' lang='lat' dir='ltr'>va·</span> 
     </span>
     <span class='ocr_line' id='line_1_20' title="bbox 603 2490 2831 2573; baseline 0.002 -24"><span class='ocrx_word' id='word_1_172' title='bbox 603 2511 635 2548; x_wconf 74' lang='lat' dir='ltr'>a</span> <span class='ocrx_word' id='word_1_173' title='bbox 675 2506 825 2554; x_wconf 89' lang='lat' dir='ltr'>care</span> <span class='ocrx_word' id='word_1_174' title='bbox 863 2506 984 2571; x_wconf 86' lang='lat' dir='ltr'>per</span> <span class='ocrx_word' id='word_1_175' title='bbox 1025 2496 1305 2556; x_wconf 89' lang='lat' dir='ltr'>mortem</span> <span class='ocrx_word' id='word_1_176' title='bbox 1332 2492 1723 2567; x_wconf 85' lang='lat' dir='ltr'>naturalem,</span> <span class='ocrx_word' id='word_1_177' title='bbox 1759 2490 1866 2556; x_wconf 80' lang='lat' dir='ltr'>vel</span> <span class='ocrx_word' id='word_1_178' title='bbox 1917 2490 2197 2569; x_wconf 85' lang='lat' dir='ltr'>civilem,</span> <span class='ocrx_word' id='word_1_179' title='bbox 2259 2491 2361 2557; x_wconf 82' lang='lat' dir='ltr'>vel</span> <span class='ocrx_word' id='word_1_180' title='bbox 2432 2508 2554 2573; x_wconf 87' lang='lat' dir='ltr'>per</span> <span class='ocrx_word' id='word_1_181' title='bbox 2606 2507 2831 2554; x_wconf 89' lang='lat' dir='ltr'>remo-</span> 
     </span>
     <span class='ocr_line' id='line_1_21' title="bbox 603 2602 2832 2689; baseline 0.002 -25"><span class='ocrx_word' id='word_1_182' title='bbox 603 2626 636 2664; x_wconf 79' lang='grc' dir='ltr'>α</span> <span class='ocrx_word' id='word_1_183' title='bbox 675 2602 1000 2669; x_wconf 80' lang='lat' dir='ltr'>tionem.»</span> <span class='ocrx_word' id='word_1_184' title='bbox 1037 2605 1131 2670; x_wconf 76' lang='lat' dir='ltr'>Ex</span> <span class='ocrx_word' id='word_1_185' title='bbox 1180 2622 1310 2689; x_wconf 90' lang='lat' dir='ltr'>quo</span> <span class='ocrx_word' id='word_1_186' title='bbox 1353 2611 1537 2688; x_wconf 90' lang='lat' dir='ltr'>patet</span> <span class='ocrx_word' id='word_1_187' title='bbox 1587 2623 1820 2672; x_wconf 82' lang='lat' dir='ltr'>vacare</span> <span class='ocrx_word' id='word_1_188' title='bbox 1866 2603 1997 2669; x_wconf 83' lang='lat' dir='ltr'>dici</span> <span class='ocrx_word' id='word_1_189' title='bbox 2030 2622 2219 2689; x_wconf 89' lang='lat' dir='ltr'>posse</span> <span class='ocrx_word' id='word_1_190' title='bbox 2257 2602 2576 2671; x_wconf 84' lang='lat' dir='ltr'>beneficia</span> <span class='ocrx_word' id='word_1_191' title='bbox 2631 2604 2832 2669; x_wconf 86' lang='lat' dir='ltr'>etiam</span> 
     </span>
     <span class='ocr_line' id='line_1_22' title="bbox 603 2716 2831 2805; baseline 0 -22"><span class='ocrx_word' id='word_1_192' title='bbox 603 2718 944 2798; x_wconf 86' lang='lat' dir='ltr'>manualia,</span> <span class='ocrx_word' id='word_1_193' title='bbox 981 2717 1139 2784; x_wconf 88' lang='lat' dir='ltr'>licet</span> <span class='ocrx_word' id='word_1_194' title='bbox 1154 2736 1286 2784; x_wconf 88' lang='lat' dir='ltr'>non</span> <span class='ocrx_word' id='word_1_195' title='bbox 1307 2738 1386 2785; x_wconf 90' lang='lat' dir='ltr'>eo</span> <span class='ocrx_word' id='word_1_196' title='bbox 1410 2720 1727 2803; x_wconf 83' lang='lat' dir='ltr'>peculiari</span> <span class='ocrx_word' id='word_1_197' title='bbox 1763 2739 1979 2800; x_wconf 86' lang='lat' dir='ltr'>sensu,</span> <span class='ocrx_word' id='word_1_198' title='bbox 2009 2720 2125 2805; x_wconf 86' lang='lat' dir='ltr'>qui</span> <span class='ocrx_word' id='word_1_199' title='bbox 2146 2726 2364 2786; x_wconf 89' lang='lat' dir='ltr'>certos</span> <span class='ocrx_word' id='word_1_200' title='bbox 2392 2717 2705 2805; x_wconf 81' lang='lat' dir='ltr'>quosdam</span> <span class='ocrx_word' id='word_1_201' title='bbox 2725 2716 2831 2803; x_wconf 88' lang='lat' dir='ltr'>ju-</span> 
     </span>
     <span class='ocr_line' id='line_1_23' title="bbox 603 2832 1505 2901; baseline 0.001 -1"><span class='ocrx_word' id='word_1_202' title='bbox 603 2835 691 2900; x_wconf 90' lang='lat' dir='ltr'>ris</span> <span class='ocrx_word' id='word_1_203' title='bbox 719 2832 989 2900; x_wconf 82' lang='lat' dir='ltr'>effectus</span> <span class='ocrx_word' id='word_1_204' title='bbox 1013 2851 1237 2900; x_wconf 90' lang='lat' dir='ltr'>secum</span> <span class='ocrx_word' id='word_1_205' title='bbox 1266 2834 1505 2901; x_wconf 88' lang='lat' dir='ltr'>trahat.</span> 
     </span>
    </p>

    <p class='ocr_par' dir='ltr' id='par_1_4' title="bbox 599 2948 2839 4420">
     <span class='ocr_line' id='line_1_24' title="bbox 690 2948 2834 3035; baseline 0 -22"><span class='ocrx_word' id='word_1_206' title='bbox 690 2952 761 3013; x_wconf 79' lang='lat'>2⁰</span> <span class='ocrx_word' id='word_1_207' title='bbox 792 2948 961 3014; x_wconf 86' lang='lat' dir='ltr'>Item</span> <span class='ocrx_word' id='word_1_208' title='bbox 994 2948 1230 3015; x_wconf 86' lang='lat' dir='ltr'>falsum</span> <span class='ocrx_word' id='word_1_209' title='bbox 1260 2956 1362 3015; x_wconf 87' lang='lat' dir='ltr'>est</span> <span class='ocrx_word' id='word_1_210' title='bbox 1393 2948 1479 3016; x_wconf 89' lang='lat' dir='ltr'>ad</span> <span class='ocrx_word' id='word_1_211' title='bbox 1506 2949 2043 3016; x_wconf 88' lang='lat' dir='ltr'>constituendum</span> <span class='ocrx_word' id='word_1_212' title='bbox 2069 2969 2300 3018; x_wconf 80' lang='lat' dir='ltr'>verum</span> <span class='ocrx_word' id='word_1_213' title='bbox 2338 2949 2695 3035; x_wconf 89' lang='lat' dir='ltr'>parochum</span> <span class='ocrx_word' id='word_1_214' title='bbox 2734 2967 2834 3014; x_wconf 90' lang='lat' dir='ltr'>re·</span> 
     </span>
     <span class='ocr_line' id='line_1_25' title="bbox 602 3063 2832 3149; baseline 0.001 -21"><span class='ocrx_word' id='word_1_215' title='bbox 602 3063 795 3149; x_wconf 81' lang='lat' dir='ltr'>quiri,</span> <span class='ocrx_word' id='word_1_216' title='bbox 835 3082 965 3129; x_wconf 92' lang='lat' dir='ltr'>non</span> <span class='ocrx_word' id='word_1_217' title='bbox 1010 3070 1263 3130; x_wconf 88' lang='lat' dir='ltr'>tantum</span> <span class='ocrx_word' id='word_1_218' title='bbox 1309 3083 1543 3130; x_wconf 79' lang='lat' dir='ltr'>verum</span> <span class='ocrx_word' id='word_1_219' title='bbox 1588 3064 2000 3143; x_wconf 88' lang='lat' dir='ltr'>beneficium,</span> <span class='ocrx_word' id='word_1_220' title='bbox 2043 3064 2162 3130; x_wconf 89' lang='lat' dir='ltr'>sed</span> <span class='ocrx_word' id='word_1_221' title='bbox 2200 3066 2400 3130; x_wconf 91' lang='lat' dir='ltr'>etiam</span> <span class='ocrx_word' id='word_1_222' title='bbox 2436 3063 2832 3130; x_wconf 87' lang='lat' dir='ltr'>beneficium</span> 
     </span>
     <span class='ocr_line' id='line_1_26' title="bbox 604 3179 2834 3246; baseline -0.001 0"><span class='ocrx_word' id='word_1_223' title='bbox 604 3179 1088 3246; x_wconf 88' lang='lat' dir='ltr'>manualitatem</span> <span class='ocrx_word' id='word_1_224' title='bbox 1125 3179 1506 3246; x_wconf 85' lang='lat' dir='ltr'>excludens.</span> <span class='ocrx_word' id='word_1_225' title='bbox 1547 3182 1710 3246; x_wconf 88' lang='lat' dir='ltr'>Nam</span> <span class='ocrx_word' id='word_1_226' title='bbox 1740 3179 1878 3246; x_wconf 85' lang='lat' dir='ltr'>haec</span> <span class='ocrx_word' id='word_1_227' title='bbox 1916 3181 2203 3246; x_wconf 83' lang='lat' dir='ltr'>exclusio</span> <span class='ocrx_word' id='word_1_228' title='bbox 2241 3179 2669 3246; x_wconf 87' lang='lat' dir='ltr'>manualitalis</span> <span class='ocrx_word' id='word_1_229' title='bbox 2727 3197 2834 3243; x_wconf 85' lang='lat' dir='ltr'>re-</span> 
     </span>
     <span class='ocr_line' id='line_1_27' title="bbox 602 3293 2831 3379; baseline -0.001 -20"><span class='ocrx_word' id='word_1_230' title='bbox 602 3295 998 3379; x_wconf 86' lang='lat' dir='ltr'>quireretur,</span> <span class='ocrx_word' id='word_1_231' title='bbox 1043 3295 1152 3362; x_wconf 83' lang='lat' dir='ltr'>vel</span> <span class='ocrx_word' id='word_1_232' title='bbox 1186 3295 1272 3363; x_wconf 92' lang='lat' dir='ltr'>ob</span> <span class='ocrx_word' id='word_1_233' title='bbox 1314 3296 1659 3361; x_wconf 85' lang='lat' dir='ltr'>essentiam</span> <span class='ocrx_word' id='word_1_234' title='bbox 1687 3294 1877 3361; x_wconf 87' lang='lat' dir='ltr'>officii</span> <span class='ocrx_word' id='word_1_235' title='bbox 1902 3294 2299 3378; x_wconf 88' lang='lat' dir='ltr'>parochialis,</span> <span class='ocrx_word' id='word_1_236' title='bbox 2344 3294 2453 3360; x_wconf 80' lang='lat' dir='ltr'>vel</span> <span class='ocrx_word' id='word_1_237' title='bbox 2494 3293 2578 3359; x_wconf 89' lang='lat' dir='ltr'>ob</span> <span class='ocrx_word' id='word_1_238' title='bbox 2608 3312 2831 3359; x_wconf 88' lang='lat' dir='ltr'>essen-</span> 
     </span>
     <span class='ocr_line' id='line_1_28' title="bbox 600 3407 2834 3495; baseline -0 -21"><span class='ocrx_word' id='word_1_239' title='bbox 600 3410 757 3475; x_wconf 88' lang='lat' dir='ltr'>tiam</span> <span class='ocrx_word' id='word_1_240' title='bbox 790 3411 1129 3495; x_wconf 89' lang='lat' dir='ltr'>ipsiusmet</span> <span class='ocrx_word' id='word_1_241' title='bbox 1160 3408 1463 3474; x_wconf 83' lang='lat' dir='ltr'>beneficii</span> <span class='ocrx_word' id='word_1_242' title='bbox 1504 3409 1669 3495; x_wconf 79' lang='lat' dir='ltr'>(quae</span> <span class='ocrx_word' id='word_1_243' title='bbox 1708 3409 1961 3474; x_wconf 88' lang='lat' dir='ltr'>scilicet</span> <span class='ocrx_word' id='word_1_244' title='bbox 2002 3429 2130 3476; x_wconf 92' lang='lat' dir='ltr'>non</span> <span class='ocrx_word' id='word_1_245' title='bbox 2160 3409 2572 3493; x_wconf 88' lang='lat' dir='ltr'>reperiretur</span> <span class='ocrx_word' id='word_1_246' title='bbox 2620 3408 2686 3471; x_wconf 93' lang='lat' dir='ltr'>in</span> <span class='ocrx_word' id='word_1_247' title='bbox 2722 3407 2834 3473; x_wconf 86' lang='lat' dir='ltr'>be-</span> 
     </span>
     <span class='ocr_line' id='line_1_29' title="bbox 602 3520 2831 3610; baseline -0.001 -23"><span class='ocrx_word' id='word_1_248' title='bbox 602 3523 835 3591; x_wconf 87' lang='lat' dir='ltr'>neficio</span> <span class='ocrx_word' id='word_1_249' title='bbox 855 3521 1180 3607; x_wconf 87' lang='lat' dir='ltr'>manuali),</span> <span class='ocrx_word' id='word_1_250' title='bbox 1200 3524 1308 3589; x_wconf 82' lang='lat' dir='ltr'>vel</span> <span class='ocrx_word' id='word_1_251' title='bbox 1339 3543 1421 3590; x_wconf 81' lang='lat' dir='ltr'>ex</span> <span class='ocrx_word' id='word_1_252' title='bbox 1442 3523 1591 3608; x_wconf 86' lang='lat' dir='ltr'>jure</span> <span class='ocrx_word' id='word_1_253' title='bbox 1626 3524 1943 3607; x_wconf 84' lang='lat' dir='ltr'>positivo:</span> <span class='ocrx_word' id='word_1_254' title='bbox 1977 3526 2157 3610; x_wconf 88' lang='lat' dir='ltr'>atqui</span> <span class='ocrx_word' id='word_1_255' title='bbox 2188 3524 2438 3592; x_wconf 86' lang='lat' dir='ltr'>nullum</span> <span class='ocrx_word' id='word_1_256' title='bbox 2467 3544 2550 3590; x_wconf 84' lang='lat' dir='ltr'>ex</span> <span class='ocrx_word' id='word_1_257' title='bbox 2574 3522 2676 3587; x_wconf 88' lang='lat' dir='ltr'>his</span> <span class='ocrx_word' id='word_1_258' title='bbox 2708 3520 2831 3587; x_wconf 86' lang='lat' dir='ltr'>dici</span> 
     </span>
     <span class='ocr_line' id='line_1_30' title="bbox 605 3637 2829 3724; baseline -0 -21"><span class='ocrx_word' id='word_1_259' title='bbox 605 3645 826 3723; x_wconf 88' lang='lat' dir='ltr'>potest</span> <span class='ocrx_word' id='word_1_260' title='bbox 858 3661 872 3704; x_wconf 91' lang='lat'>:</span> <span class='ocrx_word' id='word_1_261' title='bbox 911 3657 1042 3704; x_wconf 90' lang='lat' dir='ltr'>non</span> <span class='ocrx_word' id='word_1_262' title='bbox 1077 3637 1211 3704; x_wconf 92' lang='lat' dir='ltr'>duo</span> <span class='ocrx_word' id='word_1_263' title='bbox 1243 3639 1485 3722; x_wconf 89' lang='lat' dir='ltr'>priora,</span> <span class='ocrx_word' id='word_1_264' title='bbox 1521 3647 1600 3703; x_wconf 91' lang='lat' dir='ltr'>ut</span> <span class='ocrx_word' id='word_1_265' title='bbox 1628 3638 1824 3706; x_wconf 92' lang='lat' dir='ltr'>modo</span> <span class='ocrx_word' id='word_1_266' title='bbox 1861 3639 2283 3724; x_wconf 87' lang='lat' dir='ltr'>probavimus</span> <span class='ocrx_word' id='word_1_267' title='bbox 2312 3662 2325 3705; x_wconf 74' lang='grc' dir='ltr'><strong><em>ε</em></strong></span> <span class='ocrx_word' id='word_1_268' title='bbox 2361 3657 2492 3703; x_wconf 91' lang='lat' dir='ltr'>non</span> <span class='ocrx_word' id='word_1_269' title='bbox 2522 3637 2829 3719; x_wconf 88' lang='lat' dir='ltr'>tertium;</span> 
     </span>
     <span class='ocr_line' id='line_1_31' title="bbox 602 3753 2835 3842; baseline -0.001 -22"><span class='ocrx_word' id='word_1_270' title='bbox 602 3753 926 3842; x_wconf 81' lang='lat' dir='ltr'>siquidem</span> <span class='ocrx_word' id='word_1_271' title='bbox 975 3753 1219 3823; x_wconf 80' lang='lat' dir='ltr'>nedum</span> <span class='ocrx_word' id='word_1_272' title='bbox 1265 3755 1445 3838; x_wconf 81' lang='lat' dir='ltr'>leges</span> <span class='ocrx_word' id='word_1_273' title='bbox 1492 3756 1946 3822; x_wconf 78' lang='lat' dir='ltr'>ecclesiasticae</span> <span class='ocrx_word' id='word_1_274' title='bbox 1992 3756 2230 3823; x_wconf 90' lang='lat' dir='ltr'>alicubi</span> <span class='ocrx_word' id='word_1_275' title='bbox 2285 3754 2666 3832; x_wconf 87' lang='lat' dir='ltr'>decernant,</span> <span class='ocrx_word' id='word_1_276' title='bbox 2704 3770 2835 3818; x_wconf 90' lang='lat' dir='ltr'>non</span> 
     </span>
     <span class='ocr_line' id='line_1_32' title="bbox 604 3868 2835 3956; baseline -0.002 -20"><span class='ocrx_word' id='word_1_277' title='bbox 604 3889 791 3956; x_wconf 90' lang='lat' dir='ltr'>posse</span> <span class='ocrx_word' id='word_1_278' title='bbox 829 3888 1027 3955; x_wconf 85' lang='lat' dir='ltr'>quem</span> <span class='ocrx_word' id='word_1_279' title='bbox 1056 3888 1196 3935; x_wconf 89' lang='lat' dir='ltr'>esse</span> <span class='ocrx_word' id='word_1_280' title='bbox 1238 3868 1597 3954; x_wconf 89' lang='lat' dir='ltr'>parochum</span> <span class='ocrx_word' id='word_1_281' title='bbox 1656 3871 1776 3935; x_wconf 91' lang='lat' dir='ltr'>nisi</span> <span class='ocrx_word' id='word_1_282' title='bbox 1832 3870 2335 3948; x_wconf 83' lang='lat' dir='ltr'>inamovibilem,</span> <span class='ocrx_word' id='word_1_283' title='bbox 2389 3874 2746 3954; x_wconf 85' lang='lat' dir='ltr'>agnoscunt</span> <span class='ocrx_word' id='word_1_284' title='bbox 2797 3885 2835 3932; x_wconf 87' lang='lat' dir='ltr'>e</span> 
     </span>
     <span class='ocr_line' id='line_1_33' title="bbox 599 3983 2837 4069; baseline -0.003 -16"><span class='ocrx_word' id='word_1_285' title='bbox 599 3992 831 4053; x_wconf 82' lang='lat' dir='ltr'>contra</span> <span class='ocrx_word' id='word_1_286' title='bbox 863 3991 935 4051; x_wconf 89' lang='lat' dir='ltr'>et</span> <span class='ocrx_word' id='word_1_287' title='bbox 962 3992 1338 4068; x_wconf 88' lang='lat' dir='ltr'>supponunt</span> <span class='ocrx_word' id='word_1_288' title='bbox 1360 3984 1507 4051; x_wconf 88' lang='lat' dir='ltr'>dari</span> <span class='ocrx_word' id='word_1_289' title='bbox 1537 4003 1724 4069; x_wconf 85' lang='lat' dir='ltr'>posse</span> <span class='ocrx_word' id='word_1_290' title='bbox 1767 3984 2083 4051; x_wconf 85' lang='lat' dir='ltr'>beneficia</span> <span class='ocrx_word' id='word_1_291' title='bbox 2109 3991 2337 4052; x_wconf 86' lang='lat' dir='ltr'>curata</span> <span class='ocrx_word' id='word_1_292' title='bbox 2360 3983 2702 4050; x_wconf 89' lang='lat' dir='ltr'>manualia.</span> <span class='ocrx_word' id='word_1_293' title='bbox 2757 3983 2837 4046; x_wconf 88' lang='lat' dir='ltr'>Et</span> 
     </span>
     <span class='ocr_line' id='line_1_34' title="bbox 607 4097 2838 4185; baseline -0.003 -19"><span class='ocrx_word' id='word_1_294' title='bbox 607 4101 815 4185; x_wconf 88' lang='lat' dir='ltr'>primo</span> <span class='ocrx_word' id='word_1_295' title='bbox 838 4106 1092 4166; x_wconf 85' lang='lat' dir='ltr'>certum</span> <span class='ocrx_word' id='word_1_296' title='bbox 1119 4107 1219 4165; x_wconf 88' lang='lat' dir='ltr'>est</span> <span class='ocrx_word' id='word_1_297' title='bbox 1253 4098 1406 4165; x_wconf 88' lang='lat' dir='ltr'>talia</span> <span class='ocrx_word' id='word_1_298' title='bbox 1450 4117 1592 4164; x_wconf 85' lang='lat' dir='ltr'>esse</span> <span class='ocrx_word' id='word_1_299' title='bbox 1617 4097 1947 4165; x_wconf 82' lang='lat' dir='ltr'>ordinarie</span> <span class='ocrx_word' id='word_1_300' title='bbox 1984 4099 2301 4165; x_wconf 87' lang='lat' dir='ltr'>beneficia</span> <span class='ocrx_word' id='word_1_301' title='bbox 2331 4105 2564 4164; x_wconf 89' lang='lat' dir='ltr'>curata</span> <span class='ocrx_word' id='word_1_302' title='bbox 2596 4099 2838 4180; x_wconf 67' lang='lat' dir='ltr'>requia-</span> 
     </span>
     <span class='ocr_line' id='line_1_35' title="bbox 604 4213 2839 4296; baseline -0.002 -14"><span class='ocrx_word' id='word_1_303' title='bbox 604 4224 724 4296; x_wconf 80' lang='lat' dir='ltr'>ria,</span> <span class='ocrx_word' id='word_1_304' title='bbox 763 4216 835 4282; x_wconf 92' lang='lat' dir='ltr'>id</span> <span class='ocrx_word' id='word_1_305' title='bbox 873 4224 995 4294; x_wconf 88' lang='lat' dir='ltr'>est,</span> <span class='ocrx_word' id='word_1_306' title='bbox 1024 4214 1295 4282; x_wconf 87' lang='lat' dir='ltr'>fundata</span> <span class='ocrx_word' id='word_1_307' title='bbox 1327 4214 1413 4281; x_wconf 89' lang='lat' dir='ltr'>ad</span> <span class='ocrx_word' id='word_1_308' title='bbox 1444 4213 1904 4281; x_wconf 88' lang='lat' dir='ltr'>sustentandos</span> <span class='ocrx_word' id='word_1_309' title='bbox 1947 4223 2243 4282; x_wconf 87' lang='lat' dir='ltr'>rectores</span> <span class='ocrx_word' id='word_1_310' title='bbox 2271 4234 2500 4281; x_wconf 90' lang='lat' dir='ltr'>earum</span> <span class='ocrx_word' id='word_1_311' title='bbox 2537 4214 2839 4281; x_wconf 87' lang='lat' dir='ltr'>ecclesia-</span> 
     </span>
     <span class='ocr_line' id='line_1_36' title="bbox 607 4328 2830 4420; baseline -0.003 -20"><span class='ocrx_word' id='word_1_312' title='bbox 607 4351 787 4415; x_wconf 87' lang='lat' dir='ltr'>rum,</span> <span class='ocrx_word' id='word_1_313' title='bbox 826 4350 968 4420; x_wconf 80' lang='lat' dir='ltr'>quae</span> <span class='ocrx_word' id='word_1_314' title='bbox 1023 4349 1107 4397; x_wconf 83' lang='lat' dir='ltr'>ex</span> <span class='ocrx_word' id='word_1_315' title='bbox 1158 4331 1302 4417; x_wconf 76' lang='lat' dir='ltr'>lege</span> <span class='ocrx_word' id='word_1_316' title='bbox 1341 4328 1739 4396; x_wconf 87' lang='lat' dir='ltr'>fundationis</span> <span class='ocrx_word' id='word_1_317' title='bbox 1770 4329 2071 4414; x_wconf 65' lang='lat' dir='ltr'>regendae</span> <span class='ocrx_word' id='word_1_318' title='bbox 2124 4332 2255 4396; x_wconf 89' lang='lat' dir='ltr'>sint</span> <span class='ocrx_word' id='word_1_319' title='bbox 2310 4349 2432 4416; x_wconf 88' lang='lat' dir='ltr'>per</span> <span class='ocrx_word' id='word_1_320' title='bbox 2466 4331 2830 4416; x_wconf 73' lang='lat' dir='ltr'>religiosoS,</span> 
     </span>
    </p>
   </div>
  </div>
 </body>
</html>
