3146 4973
1259 376 1419 424 mus
1460 376 1689 425 rium.
2462 368 2589 435 1⁰9

377 498 744 582 parochialis
775 496 958 566 officii
1002 506 1261 579 natura,
1288 507 1358 566 et
1381 500 1687 566 Ecclesiae
1718 498 2153 569 definitiones.
2179 503 2372 590 Atqui
2396 506 2589 572 nulloe

373 634 448 679 ex
478 614 794 700 ejusmodi
821 614 1321 700 probationibus
1348 616 1478 681 vim
1517 615 1785 682 habent.

459 735 522 795 1⁰
551 732 688 798 Non
711 732 889 798 valet
913 731 1430 815 parochistarum
1469 732 1770 814 probatio
1800 750 1885 798 ex
1911 734 2250 819 evangelio
2274 735 2582 804 deducta.

366 848 532 913 Totis
556 847 822 935 quidem
863 847 1164 914 faucibus
1196 845 1569 914 clamitabat
1602 867 1751 913 cum
1785 868 1903 916 suo
1947 851 2238 919 Ger-sone
2271 853 2583 934 sorbonn,

365 968 728 1047 evanqelium
773 986 898 1029 esse
948 967 1176 1028 bullam
1205 965 1606 1048 parochorum
1616 988 1648 1044 ,·
1696 963 1768 1029 id
1814 969 1937 1043 est,
1982 966 2048 1030 in
2079 968 2413 1052 evangelio
2449 971 2591 1054 ipso

363 1081 635 1165 reperiri
664 1079 975 1147 divinitus
1003 1081 1338 1147 institutos
1378 1080 1719 1164 paroch08,
1758 1087 1829 1145 et
1868 1081 1935 1146 in
1980 1083 2183 1150 tertio
2213 1082 2588 1151 hierarchia}

360 1195 565 1281 gradu
617 1197 984 1264 collocatos.
1026 1195 1155 1263 Sed
1211 1214 1479 1280 prorsus
1538 1195 1913 1262 hallucinati
1969 1205 2120 1263 sunt
2178 1200 2291 1284 qui
2340 1198 2588 1268 bullam

359 1313 538 1378 istam
579 1314 1013 1397 evangelicam
1058 1312 1180 1379 sibi
1206 1312 1433 1378 videre
1475 1312 1594 1379 visi
1631 1319 1805 1378 sunt.
1850 1314 2006 1379 Eam
2050 1314 2220 1379 enim
2272 1317 2591 1383 contineri

358 1428 727 1493 existimant
755 1429 966 1512 capite
1003 1430 1085 1493 10
1126 1428 1443 1513 evangelii
1479 1428 1686 1494 sancti
1714 1429 1930 1506 Lucae,
1960 1428 2078 1495 ubi
2097 1439 2404 1497 narratur
2429 1450 2591 1517 quo-

357 1544 546 1610 modo
571 1543 867 1611 Christus
892 1546 973 1610 72
998 1542 1350 1628 discipulos
1376 1545 1658 1628 elegerit
1686 1552 1756 1611 et
1780 1545 2028 1611 miserit
2055 1548 2121 1611 in
2149 1566 2406 1613 omnem
2438 1548 2590 1613 civi-

355 1669 554 1728 tatem
596 1669 666 1727 et
705 1662 946 1740 locum,
982 1680 1111 1747 quo
1151 1668 1294 1727 erat
1328 1663 1465 1744 ipse
1496 1667 1836 1728 venturus.
1876 1663 2087 1729 Porro
2123 1665 2446 1747 superiori
2483 1684 2591 1731 se-

355 1778 566 1844 ctione
594 1777 740 1844 fuse
757 1777 1196 1861 probavimus,
1232 1794 1345 1842 eos
1371 1778 1452 1842 72
1480 1775 1832 1860 discipulos
1848 1796 2255 1864 nequaquam
2276 1779 2592 1863 parochos

353 1890 574 1973 fuisse,
620 1913 739 1960 nec
769 1892 1205 1977 parochorum
1235 1892 1803 1978 praedecessore83
1837 1895 1967 1960 imo
1997 1914 2117 1961 nec
2150 1896 2217 1960 in
2244 1896 2342 1962 eis
2367 1894 2592 1962 adum-

357 2007 580 2074 bratos
617 2006 816 2073 fuisse
843 2008 1191 2093 parochos;
1226 2015 1297 2074 et
1337 2006 1496 2074 dum
1524 2007 1593 2072 iu
1627 2010 2060 2075 monumentis
2091 2007 2454 2075 traditionis
2483 2029 2591 2075 ex-

357 2122 671 2191 hibentur
709 2126 791 2191 72
839 2131 1151 2209 tanquam
1199 2125 1402 2207 fiyura
1439 2126 1949 2207 presbyterorum,
1996 2123 2068 2189 id
2096 2123 2587 2209 intelligendum

356 2259 510 2320 esse,
545 2247 620 2305 et
663 2239 749 2306 de
781 2240 955 2306 facto
987 2241 1143 2306 olim
1175 2240 1587 2306 intellectum
1619 2240 1841 2318 fuisse,
1879 2238 1966 2306 de
1998 2238 2406 2324 presbyteris
2433 2260 2591 2326 qua-

353 2363 543 2423 tenus
583 2357 1004 2442 presbyteriS,
1059 2375 1188 2421 non
1224 2364 1547 2441 quatenus
1586 2356 1886 2441 parochis
1923 2378 1938 2422 t
1976 2357 2217 2423 invicte
2269 2364 2590 2440 praeterea

352 2472 722 2540 confirmari
749 2471 919 2538 hanc
966 2478 1188 2538 textus
1222 2472 1580 2557 evangelici
1622 2472 2225 2556 interpretationem
2265 2492 2348 2539 ex
2384 2470 2583 2552 facto,

349 2609 546 2675 snpra
572 2591 769 2657 etiam
805 2610 842 2655 a
881 2588 1069 2655 nobis
1094 2587 1396 2674 probato,
1435 2587 1616 2674 quod
1647 2589 1896 2655 scilicet
1930 2589 2261 2674 prioribus
2286 2589 2587 2656 Ecclesiae

349 2706 608 2772 soeculis
631 2706 863 2772 nullibi
892 2703 1155 2789 parochi
1185 2705 1577 2782 exstiterint,
1607 2713 1675 2771 et
1705 2704 1774 2768 in
1804 2703 2174 2769 civitatibus
2201 2722 2325 2788 per
2353 2702 2585 2771 decem

349 2821 587 2887 saecula
634 2820 883 2887 fuerint
930 2819 1321 2904 desiderati;
1374 2819 1610 2905 quibus
1656 2819 1959 2902 profecto
2000 2818 2252 2885 tamdiu
2297 2819 2589 2885 Ecclesia

350 2955 476 3002 non
509 2938 847 3014 caruisset,
879 2935 1197 3022 siquidem
1239 2935 1513 3001 fuissent
1543 2955 1581 3000 a
1619 2934 1875 3000 Christo
1917 2935 2063 3018 ipso
2099 2953 2249 3000 cum
2292 2936 2375 3000 72
2403 2933 2588 3000 disci-

350 3052 522 3134 pulis
579 3052 879 3117 instituti.
951 3049 1142 3116 Unde
1193 3057 1540 3135 tantopere
1609 3050 2002 3134 proclamata
2051 3050 2426 3134 evangelica
2474 3048 2583 3113 illa

348 3166 781 3251 parochorum
840 3167 1039 3245 bulla,
1094 3164 1287 3245 idest,
1339 3165 1652 3250 praefatus
1703 3167 1905 3230 sancti
1961 3166 2148 3229 Lucae
2199 3172 2443 3242 textus,
2501 3183 2587 3229 ne

348 3284 565 3349 verbo
600 3282 865 3368 quidem
895 3281 1211 3367 parochos
1241 3282 1501 3363 attingit
1531 3287 1647 3344 aut
1678 3279 1967 3363 respicit.
1998 3277 2139 3344 Alia
2168 3286 2411 3357 autem,
2445 3296 2587 3363 quae

348 3418 386 3464 e
429 3400 637 3466 sacris
671 3400 1006 3484 scripturis
1035 3420 1072 3465 a
1113 3397 1442 3464 nonnullis
1484 3395 1867 3481 parochistis
1900 3393 2342 3472 adducuntur,
2399 3402 2587 3461 extra

349 3517 776 3602 quaestionem
829 3515 994 3582 adeo
1047 3515 1258 3600 palam
1310 3519 1485 3592 sunt,
1552 3521 1629 3578 ut
1688 3509 2199 3578 confutationem
2254 3530 2380 3578 non
2453 3530 2588 3578 me-

348 3638 647 3696 reantur.

437 3747 514 3809 2⁶
556 3745 782 3830 Neque
822 3747 1042 3812 valent
1087 3743 1605 3829 parochistarum
1642 3748 2023 3827 argumenta
2073 3760 2155 3806 ex
2198 3739 2574 3822 traditione,

352 3879 468 3925 seu
518 3880 601 3926 ex
655 3860 1062 3946 antiquitatis
1101 3858 1533 3926 monumentis
1580 3856 1993 3942 deprompta.
2034 3855 2365 3940 Ejusmodi
2410 3859 2584 3924 enim

355 3984 736 4060 argumenta
784 3974 869 4042 ad
914 3973 1239 4060 duplicem
1292 3975 1560 4040 classem
1611 3971 1848 4039 referri
1882 3980 2155 4056 possunt
2191 3994 2206 4039 ε
2256 3978 2320 4038 1⁰
2352 3972 2588 4059 quibus

355 4090 636 4174 probare
672 4097 932 4158 tentant
983 4092 1263 4176 viguisse
1319 4090 1471 4156 olim
1530 4088 2015 4175 persuasionem
2066 4087 2152 4155 de
2199 4089 2497 4173 parochis
2548 4109 2584 4154 a

361 4205 613 4274 Christo
661 4208 974 4274 institutis
1013 4227 1135 4293 per
1182 4209 1523 4292 ipsammet
1578 4207 1661 4272 72
1718 4203 2185 4289 discipulorum
2236 4201 2586 4271 institutioss

361 4339 544 4409 nem;
580 4328 650 4390 2⁰
690 4324 924 4409 quibus
953 4323 1388 4391 demonstrari
1419 4340 1610 4407 posse
1649 4321 2042 4399 existimant,
2069 4319 2386 4405 parochos
2420 4339 2585 4385 sem-

362 4451 483 4523 per
511 4440 588 4506 ab
621 4441 918 4509 Ecclesiae
951 4440 1236 4508 exordiis
1264 4440 1608 4508 exstitisse.
1646 4439 1851 4506 Porro
1876 4438 2107 4504 falsum
2133 4445 2236 4504 est
2264 4437 2400 4503 ullo
2428 4438 2586 4504 anti-
