3146 4973
625 345 754 408 416
1303 353 1679 402 meru-us
1724 353 1811 399 ur:
1857 351 2183 400 ranocno.

619 485 853 568 gratia,
893 480 1011 546 tibi
1051 476 1625 555 commodaverim,
1666 495 1927 560 possum
1952 477 2160 553 illum,
2196 473 2459 559 quando
2491 472 2782 550 libuerit,
2819 490 2858 534 a

618 607 686 665 te
718 604 1049 681 repetere.
1078 595 1305 659 Statim
1333 597 1556 658 autem
1580 612 1657 658 ac
1679 593 1938 675 repetii,
1976 589 2201 657 finitur
2252 589 2360 673 jus
2390 595 2579 654 tuum
2608 586 2854 652 librum

620 715 898 780 ulterius
921 708 1273 776 retinendi.
1305 707 1619 775 Accidere
1655 716 1878 774 autem
1906 714 2148 790 potest,
2187 712 2261 770 ut
2285 705 2529 771 librum
2558 710 2852 788 repetam

618 829 862 913 absque
891 826 1024 891 ulla
1058 823 1425 890 rationabili
1451 842 1681 905 causa3
1714 823 1846 888 imo
1876 842 1961 889 ex
1990 840 2193 905 pravo
2226 820 2381 900 fine,
2405 818 2589 885 verbi
2619 818 2849 901 gratia,

620 963 703 1008 ex
740 941 890 1007 odio
934 942 1187 1006 interea
1236 944 1466 1004 contra
1516 946 1585 1003 te
1635 944 1990 1020 concepto;
2048 945 2117 1003 et
2172 942 2328 1002 tunc
2369 933 2601 1019 procul
2648 931 2852 998 dubio

618 1057 908 1143 peccabo
941 1078 955 1121 ε
985 1055 1057 1121 id
1090 1063 1309 1121 tamen
1334 1074 1462 1122 non
1491 1053 1769 1136 impedit
1797 1054 1954 1138 quin
1990 1060 2140 1118 utar
2162 1053 2312 1137 jure
2351 1070 2531 1135 meo;
2578 1069 2702 1115 nec
2731 1046 2850 1113 tibi

619 1174 915 1258 injuriam
956 1171 1122 1237 facio
1157 1172 1396 1237 librum
1449 1168 1934 1235 commodatum
1972 1167 2362 1252 repetend0,
2400 1167 2525 1232 etsi
2560 1166 2714 1230 alias
2767 1163 2852 1227 ob

618 1308 893 1375 pravum
935 1310 973 1355 a
1024 1307 1127 1353 me
1164 1289 1490 1353 intentum
1534 1286 1735 1351 finem
1783 1304 1999 1352 coram
2048 1287 2194 1350 Deo
2232 1302 2384 1350 reus
2430 1283 2642 1348 factus
2699 1282 2840 1347 sim.

621 1403 938 1490 Equidem
989 1401 1477 1469 similitudinem
1521 1402 1697 1468 illam
1724 1450 1740 1479 ,
1803 1422 1886 1467 ex
1936 1400 2348 1468 commodato
2401 1398 2845 1481 desumptam,

618 1539 748 1585 nou
779 1526 968 1601 putat
1010 1520 1315 1584 Lotterus
1358 1517 1482 1583 sub
1528 1518 1704 1582 omni
1739 1524 2045 1600 respectu
2088 1515 2410 1600 quadrare
2445 1513 2851 1580 revocationi

616 1637 698 1696 ad
720 1640 954 1710 nutum,
988 1630 1073 1696 de
1104 1650 1232 1716 qua
1266 1631 1517 1714 agimus
1559 1652 1573 1695 ε
1608 1629 1749 1708 sed,
1790 1634 1959 1696 sicut
1986 1630 2285 1714 pluribus
2320 1628 2725 1704 doctoribuS,
2760 1628 2850 1690 ita

622 1755 692 1811 et
712 1747 864 1812 mihi
896 1745 1161 1814 videtur
1181 1755 1366 1813 recte
1389 1745 1660 1812 adduci.

709 1865 1105 1931 Pnorosmo
1131 1865 1270 1929 Ivn.
1305 1900 1396 1912 -
1431 1866 1712 1929 Gener-ali
1742 1866 1985 1944 remam,
2017 1867 2174 1944 quod
2204 1883 2485 1928 revocans
2516 1868 2646 1925 sine
2669 1880 2855 1924 causa

617 1987 829 2044 utatur
864 1986 1011 2061 jure
1043 1998 1171 2056 sue,
1219 1982 1572 2061 apponenda
1619 1986 1708 2042 est
1751 1986 2023 2060 exceptio
2051 1981 2197 2056 laaec,
2245 1984 2368 2042 nisi
2405 1982 2478 2041 ob
2507 1979 2859 2060 peculiares

618 2100 1104 2160 circumstantias
1123 2101 1322 2159 amoto
1349 2098 1490 2158 inde
1513 2097 1790 2160 obveniat
1807 2098 2072 2158 notabile
2090 2099 2401 2174 damnum,
2433 2098 2509 2158 ab
2536 2098 2860 2158 amissione

621 2211 891 2288 beneficii
925 2212 1254 2273 diversum.
1299 2243 1387 2256 —
1431 2208 1763 2274 Probatur
1814 2212 1877 2273 1⁰
1911 2208 2256 2275 doctorum
2290 2208 2710 2275 auctoritate.
2745 2205 2859 2269 Su·

621 2327 863 2408 periori
917 2324 1237 2410 siquidem
1282 2323 1689 2408 paragrapho
1733 2323 2016 2391 vidimus
2032 2373 2050 2401 ,
2092 2315 2558 2408 ‘exceptionem
2607 2323 2770 2388 hanc
2822 2342 2860 2387 a

622 2440 839 2506 multis
864 2437 1125 2506 adduci.
1158 2440 1220 2506 Si
1255 2458 1493 2524 nempe
1528 2441 1766 2507 amotio
1792 2440 1929 2506 sine
1962 2458 2156 2506 causa
2183 2440 2329 2506 fieri
2360 2444 2667 2524 nequeat,
2702 2438 2857 2523 quin

621 2554 951 2622 redundet
989 2556 1058 2619 in
1101 2562 1392 2621 amotum
1423 2554 1688 2620 infamia
1725 2553 1991 2620 aliudve
2022 2555 2307 2621 notabile
2350 2552 2684 2632 damnum,
2723 2554 2857 2619 exi-

622 2673 882 2737 stimant
909 2689 1161 2737 cessare
1193 2673 1260 2735 in
1286 2672 1626 2753 superiore
1650 2669 1756 2755 jus
1779 2669 1903 2737 hoc
1928 2670 2133 2739 modo
2152 2671 2532 2755 amovendi3
2572 2678 2642 2735 et
2677 2690 2714 2734 a
2744 2669 2857 2734 tali

620 2785 945 2852 amotione
968 2794 1195 2869 patere
1228 2803 1593 2851 recursum.
1620 2786 1699 2850 Et
1722 2784 1860 2850 hoec
1881 2787 2101 2869 opinio
2121 2787 2530 2854 communior
2560 2784 2850 2851 videtur.

616 2901 946 2967 Probatur
975 2904 1044 2965 2⁰
1082 2902 1354 2967 ratione.
1396 2902 1649 2967 Etenim
1675 2900 1782 2985 jus
1811 2901 2009 2969 habet
2033 2903 2481 2981 beneficiatuS,
2525 2921 2608 2967 ne
2664 2919 2860 2983 supe-

620 3018 754 3081 rior
788 3015 933 3101 ejus
960 3018 1196 3082 famam
1224 3015 1445 3093 loedat,
1483 3015 1744 3083 aliudve
1774 3036 1974 3101 grave
2015 3018 2325 3084 damnum
2352 3020 2416 3085 ei
2448 3017 2689 3082 inferat
2717 3016 2856 3081 sine

620 3149 835 3196 causa.
872 3131 935 3195 Si
971 3150 1129 3215 ergo
1166 3130 1333 3197 tales
1372 3132 1501 3198 sint
1549 3133 2047 3199 circumstantia}
2064 3180 2079 3210 ‚
2129 3139 2205 3197 ut
2242 3134 2372 3198 tale
2402 3128 2855 3215 praejudicium

620 3266 702 3312 ex
744 3247 1066 3313 amotione
1099 3247 1369 3325 oriatur,
1403 3245 1512 3329 jus
1536 3247 1892 3330 superioris
1930 3246 2277 3313 amovendi
2318 3248 2453 3312 sine
2501 3264 2697 3310 causa
2738 3263 2860 3328 per

621 3361 922 3428 accidens
961 3360 1384 3446 suspenditur
1419 3368 1488 3425 et
1539 3369 1774 3427 cessat.
1797 3361 2081 3429 Eliditur
2132 3363 2381 3428 scilicet
2436 3360 2849 3444 obligatione,

619 3499 748 3563 qua
782 3478 1212 3561 adstringitur
1252 3478 1549 3561 superior
1604 3477 1803 3542 hocce
1848 3477 2161 3544 damnum
2217 3478 2454 3543 clerico
2514 3497 2644 3543 non
2694 3475 2857 3539 infe-

619 3592 829 3671 rendi,
854 3593 1102 3676 absque
1126 3591 1470 3657 sufficienti
1497 3610 1711 3657 causa.
1737 3590 1931 3673 Quod
1963 3595 2161 3659 etiam
2187 3613 2268 3660 ex
2294 3611 2491 3677 supra
2524 3593 2725 3658 allato
2757 3592 2851 3655 rei

620 3707 1041 3774 commodatae
1086 3707 1387 3792 exemplo
1434 3708 1644 3790 palam
1693 3709 1842 3775 fleri
1896 3717 2135 3794 potest.
2206 3710 2513 3792 Quamvis
2564 3708 2853 3793 pecuniae

618 3841 958 3901 summam,
991 3824 1195 3890 amico
1236 3841 1380 3888 meo
1414 3822 1894 3890 commodatam
1941 3845 2091 3891 cum
2129 3826 2417 3891 clausula
2461 3828 2645 3889 donec
2689 3843 2857 3903 repe·

620 3950 768 4019 tam,
803 3940 1042 4025 possim
1068 3960 1189 4025 pro
1214 3939 1406 4006 libitu
1435 3946 1504 4006 et
1522 3941 1662 4007 sine
1689 3961 1883 4009 causa
1920 3940 2182 4026 quando
2211 3941 2486 4008 voluero
2518 3947 2846 4023 repetere,

619 4065 688 4123 et
712 4058 802 4123 sic
830 4056 1190 4141 repetendo
1234 4065 1384 4122 utar
1414 4054 1566 4139 jure
1612 4077 1781 4135 mec,
1838 4057 2251 4124 nihilominus
2295 4058 2347 4123 si
2376 4058 2541 4123 tales
2573 4073 2855 4122 emerse-

619 4178 750 4242 rint
806 4176 1325 4251 circumstantiae,
1400 4184 1473 4240 ut
1542 4175 2031 4241 commodatum
2102 4178 2316 4243 statim
2390 4173 2674 4241 reddere
2726 4190 2850 4236 non

618 4291 819 4375 possit
847 4291 1000 4376 quin
1031 4290 1205 4355 fame
1237 4301 1488 4373 pereat,
1522 4293 1649 4358 hoc
1680 4293 1827 4376 ipso
1870 4291 2275 4376 praepeditur
2317 4298 2384 4357 et
2425 4289 2849 4373 suspenditur

619 4423 835 4473 meum
868 4405 974 4489 jus
1009 4406 1356 4489 repetendi
1393 4409 1529 4473 sine
1572 4426 1803 4492 causa3
1845 4408 1998 4491 quia
2044 4427 2278 4493 nempe
2331 4427 2415 4473 ex
2458 4407 2604 4487 lege
2644 4402 2856 4471 chari·
