3146 4973
1235 422 1557 471 Arruumx
1605 425 1649 469 1.
2405 410 2534 476 667

304 558 461 619 runt
504 573 518 616 ε
548 573 581 615 «
614 550 850 617 Merito
878 567 996 632 per
1030 547 1263 615 sedem
1299 548 1732 632 Apostolieam
1761 550 2068 617 omnibus
2092 551 2238 618 fere
2266 551 2544 637 hospita-

309 686 342 725 α
376 666 570 747 libne,
616 667 980 751 praesertim
1036 684 1417 750 magnarum
1460 667 1800 732 civitatum
1846 686 2150 733 concessa
2190 674 2363 743 sunt,
2397 674 2540 731 tum

309 802 342 841 α
385 780 470 846 ob
498 788 855 847 cessantem
895 782 1211 847 rationem
1247 780 1484 846 laboris
1513 790 1583 846 et
1609 779 2023 859 incommodi,
2043 789 2121 847 nt
2153 800 2373 866 snpra3
2399 789 2542 846 tum

310 919 344 958 α
385 898 581 962 etiam
616 896 700 962 oh
744 915 1041 980 magnam
1096 895 1541 962 confusionem
1572 897 1727 961 alias
1760 897 2187 963 resultantem
2226 898 2397 962 circa
2443 916 2546 961 sa·-

307 1033 339 1072 α
380 1020 865 1079 eramentorum
909 1009 1567 1089 administrationem,
1611 1031 1806 1095 quam
1842 1011 2256 1096 frequentius
2299 1031 2382 1077 ex
2431 1012 2544 1076 im·

309 1150 342 1189 ιι
380 1129 637 1211 proviso
660 1135 729 1190 et
748 1145 1159 1212 quacumque
1191 1127 1373 1203 hora,
1403 1127 1603 1192 etiam
1634 1125 1719 1192 de
1759 1135 1976 1203 nocte,
1998 1126 2216 1193 facere
2246 1104 2533 1212 oportet,

310 1265 342 1303 (ι
376 1242 431 1306 si
466 1260 590 1324 pro
627 1241 893 1324 siugulis
934 1240 1204 1307 infirmis
1234 1240 1640 1307 diversarum
1681 1241 2130 1325 parochiarum
2153 1289 2172 1320 ‚
2210 1243 2403 1307 etiam
2445 1239 2546 1306 di-

309 1382 341 1420 «
379 1359 710 1438 stantium,
737 1376 1099 1423 convocare
1123 1364 1465 1440 oporteret
1482 1358 1783 1441 proprios
1809 1357 2142 1443 parochos3
2162 1355 2341 1443 quod
2367 1362 2540 1423 esset

310 1497 342 1535 «
383 1473 958 1558 impracticabile.»

392 1591 695 1671 QUAESTio
742 1593 833 1655 2³¹.
890 1593 1352 1672 *Quomplici
1401 1592 1573 1654 modo
1626 1596 1967 1670 continqere
2014 1593 2208 1671 possit
2257 1595 2327 1650 ut
2375 1590 2543 1651 dicta

300 1709 865 1789 quasi-parochialis
875 1710 1232 1789 jurisdictio
1259 1708 1652 1788 hospitalium
1681 1708 2050 1787 cappellanis
2075 1711 2371 1785 competat
2393 1707 2423 1765 Ρ
2453 1739 2542 1751 -——

310 1828 372 1886 1⁰
411 1822 490 1889 Id
523 1823 896 1905 contingere
940 1829 1157 1905 potest
1187 1840 1307 1904 per
1338 1820 1747 1903 privilegium
1777 1818 2264 1902 Apostolicum3
2313 1824 2385 1882 et
2418 1816 2544 1882 hoe

303 1938 498 2006 modo
562 1939 1036 2022 quamplurima
1098 1937 1441 2020 hospitalia
1505 1936 1701 2002 hodie
1757 1936 1825 2000 in
1892 1935 2113 2001 multis
2170 1931 2548 2016 regionibus

307 2056 528 2141 (prout
557 2055 711 2121 olim
741 2056 940 2119 etiam
967 2055 1033 2119 in
1062 2050 1286 2136 Gallia)
1322 2053 1710 2136 cappellano
1755 2070 1894 2129 suo,
1936 2069 2063 2116 non
2102 2058 2321 2116 autem
2361 2065 2546 2132 paro·

302 2170 446 2247 cho,
476 2169 909 2255 subjiciuntur
941 2168 1155 2253 quoad
1185 2169 1541 2234 animarum
1580 2186 1826 2234 curam.

393 2288 460 2348 2⁰
503 2284 579 2349 Id
629 2286 825 2349 etiam
885 2283 1366 2349 consuetudine
1423 2282 1642 2347 induci
1697 2291 1934 2366 potest.
1989 2307 2018 2343 «
2055 2280 2542 2363 Praesupposita

308 2426 339 2461 «
380 2400 851 2467 consuetudine
892 2400 1004 2485 (ait
1051 2401 1472 2483 Pignatellus‚
1509 2408 1686 2467 tomo
1727 2404 1787 2476 9,
1842 2397 2337 2465 consultatione-
2380 2397 2528 2471 152,

308 2542 341 2575 α
378 2540 444 2581 n.
496 2518 621 2601 17),
649 2515 817 2582 dixit
841 2517 1031 2582 Sacra
1058 2516 1507 2599 Congregatio,
1528 2534 1715 2598 posse
1754 2514 2094 2598 proprium
2125 2510 2539 2580 sacerdotem

308 2658 339 2693 «
378 2633 727 2716 hospitalia,
760 2633 841 2697 ab
881 2630 1224 2697 ordinario
1252 2632 1706 2716 approbatum,
1754 2629 2151 2714 pauperibus
2178 2628 2270 2694 ibi
2297 2627 2546 2711 degen-

307 2774 341 2809 «
381 2749 555 2816 tibus
591 2754 992 2814 sacramenta
1021 2750 1411 2823 ministrare,
1430 2747 1650 2833 ibique
1674 2746 1942 2814 eosdem
1971 2746 2271 2829 sepelire,
2299 2744 2543 2828 absque

311 2889 345 2927 «
379 2865 755 2932 interventu
783 2863 1068 2947 parochi.
1099 2888 1131 2924 »

393 2988 464 3049 3⁰
487 2983 614 3049 Ubi
661 3001 791 3046 non
847 2982 1201 3046 intervenit
1245 2981 1652 3063 privilegium
1702 2978 2174 3061 Apostolicum,
2234 2996 2356 3042 nec
2394 2995 2547 3044 con-

301 3094 609 3174 suetudo,
658 3092 727 3158 id
757 3092 978 3158 induci
1014 3099 1233 3175 potest
1282 3101 1350 3157 et
1410 3092 1576 3156 solet
1612 3111 1696 3156 ex
1730 3089 2151 3173 dispositione
2190 3086 2540 3164 ordinarii,

302 3212 758 3297 cappellanum
813 3229 960 3276 cum
1012 3209 1186 3275 dicta
1232 3208 1791 3293 quasi-parochiali
1828 3205 2283 3291 jurisdictione
2336 3204 2546 3287 depu-

302 3329 524 3394 tantis.
566 3327 821 3391 Etenim
857 3323 1119 3410 quando
1154 3325 1433 3407 primum
1476 3321 1550 3387 fit
1578 3321 1902 3407 ejusmodi
1939 3321 2305 3404 cappellani
2341 3319 2549 3403 depu-

300 3445 466 3511 tatio
505 3441 589 3506 ad
640 3440 912 3525 alicujus
965 3442 1180 3523 magni
1240 3440 1573 3522 hospitalis
1613 3439 2014 3523 spiritualem
2049 3456 2294 3516 curam,
2329 3437 2548 3504 nunus

302 3559 669 3626 reclamare
702 3557 871 3620 solet
908 3556 1252 3637 parochus.
1292 3556 1370 3619 Et
1416 3556 1617 3620 stulte
1661 3555 2074 3618 reclamaret.
2129 3554 2292 3620 Nam
2339 3551 2546 3618 recla-

301 3682 589 3740 mantem
640 3672 995 3756 parochum
1061 3679 1276 3754 posset
1329 3690 1565 3753 eogere
1616 3667 2018 3747 OrdinariuS,
2057 3675 2130 3736 ut
2181 3666 2301 3732 sibi
2349 3666 2436 3736 ad
2476 3665 2545 3734 id

302 3791 597 3856 muneris
637 3789 917 3873 aliquem
956 3787 1345 3872 adjungeret
1389 3786 1762 3870 adjutorem
1802 3785 2141 3861 vicarium,
2181 3791 2250 3850 et
2291 3781 2378 3848 de
2413 3783 2546 3848 sru-

305 3908 525 3974 ctibus
554 3905 869 3990 parochiae
900 3906 1051 3971 huie
1081 3905 1322 3970 vicario
1346 3922 1700 3986 congruam
1717 3903 2028 3984 solveret3
2062 3902 2114 3966 si
2137 3899 2404 3984 quidem
2429 3918 2548 3981 per

304 4045 377 4089 se
418 4022 738 4106 parochus
783 4022 1010 4104 nequit
1035 4021 1101 4084 in
1134 4019 1438 4101 hospitali
1473 4019 1692 4102 (prout
1729 4012 2015 4098 oportet)
2052 4013 2166 4078 diu
2211 4021 2542 4099 noctuque

305 4139 554 4222 degere
593 4146 662 4202 et
714 4133 982 4202 infirmis
1032 4135 1322 4221 qualibet
1355 4133 1511 4198 hora
1548 4139 1787 4214 praesto
1821 4150 1987 4210 esse,
2027 4149 2102 4195 ae
2133 4130 2322 4208 simul
2353 4138 2544 4194 caete-

307 4276 447 4324 ram
490 4274 671 4322 suam
712 4252 1081 4336 parochiam
1128 4251 1479 4334 diligenter
1529 4267 1783 4314 curare.
1831 4249 2184 4326 Praeterea,
2227 4246 2546 4330 parochus

305 4375 481 4436 intra
511 4369 696 4454 eujus
725 4370 889 4434 fines
923 4374 1135 4434 exstat
1176 4366 1513 4449 hospitale,
1541 4385 1671 4434 non
1697 4372 1914 4448 posset
1939 4364 2046 4449 (ex
2083 4363 2273 4432 dictis
2317 4360 2535 4444 supra)

309 4488 692 4564 reclamare,
734 4485 853 4550 uisi
884 4483 1103 4568 quoad
1131 4483 1418 4552 infirmos
1452 4480 1776 4570 parochiae
1815 4500 1944 4548 suae
1975 4501 1991 4544 ε
2028 4488 2097 4546 et
2125 4478 2300 4548 idem,
2331 4477 2562 4548 ‹licea--
