3146 4973
1201 381 1362 432 rans
1405 382 1675 445 Qnmtra.
2412 378 2527 441 551

319 533 353 573 α
385 515 608 576 autem
644 508 956 573 vicarium
989 505 1296 573 idoneum
1345 507 1413 572 in
1451 507 1560 574 illa
1592 508 1867 576 ecclesia
1896 512 2254 581 constituat
2284 516 2546 599 Episco-

317 646 351 688 «
391 643 535 709 pus,
573 624 893 707 assignata
920 624 982 689 ei
1013 640 1300 707 congrua
1343 626 1641 707 portione
1680 645 1761 691 ex
1789 624 2161 694 redditibus
2204 629 2541 715 Ecclesiae3

317 764 349 802 α
384 747 453 805 et
481 747 703 825 partes
729 742 920 804 etiam
945 758 1096 804 suas
1120 740 1520 824 interponat,
1556 747 1625 805 et
1662 758 1918 806 omnem
1942 739 2340 826 diligentiam
2364 744 2545 811 adhi-

316 878 351 916 «
382 856 559 934 beat,
614 863 689 920 ut
715 861 862 920 tuto
901 855 1101 938 possit
1154 854 1444 921 residere
1489 856 1836 940 parochus.
1887 856 2076 937 Quod
2119 860 2173 923 si
2222 861 2392 926 intra
2427 880 2543 927 sex

315 993 350 1033 α
386 989 644 1038 menses
676 967 965 1034 necdum
1004 967 1244 1036 sedatae
1277 971 1411 1036 sint
1448 971 1821 1049 inimicitiae,
1859 972 2161 1040 rescribit
2196 973 2534 1058 Episcopo,

317 1113 344 1144 «
383 1092 458 1150 ut
487 1083 605 1150 det
645 1084 741 1149 illi
779 1104 894 1150 sex
929 1063 1244 1150 mensium
1281 1088 1830 1168 prorogationem,
1872 1087 2175 1170 repetitis
2213 1089 2534 1167 omnibuS,

316 1224 349 1264 α
382 1219 524 1285 quae
553 1202 619 1264 in
649 1200 975 1283 prioribus
990 1199 1225 1264 litteris
1245 1199 1771 1278 continebantur,
1806 1206 1876 1266 et
1900 1202 2037 1267 sine
2066 1220 2182 1285 spe
2210 1203 2540 1269 ulterioris

313 1337 348 1376 «
382 1316 873 1399 prorogationis,
924 1331 1067 1399 quoe
1103 1314 1424 1380 rarissime
1455 1313 1862 1380 conceditur.
1906 1316 2065 1380 Nam
2103 1335 2255 1382 cum
2289 1315 2541 1384 indulta

310 1452 344 1490 α
380 1435 702 1513 perpetua
731 1426 815 1492 de
843 1445 970 1493 non
997 1425 1370 1504 residendo,
1406 1427 1602 1492 etiam
1631 1447 1713 1492 ex
1738 1426 1930 1513 justis
1954 1437 2024 1495 et
2053 1431 2543 1499 rationabilibus

306 1566 342 1606 «
373 1543 602 1620 causis,
626 1541 762 1627 jam
788 1540 1044 1606 sublata
1072 1540 1321 1606 suerint
1349 1539 1623 1607 decreto
1661 1542 1891 1625 capitis
1926 1545 1967 1608 2
1997 1544 2294 1612 sessionis
2330 1549 2395 1622 6,
2425 1546 2539 1612 ubi

309 1681 341 1719 «
375 1658 717 1724 inimicitiae
765 1664 919 1722 sunt
953 1657 1391 1722 verisimiliter
1422 1654 1776 1735 duraturae,
1826 1663 1901 1721 ut
1948 1660 2325 1725 consulatur
2361 1680 2535 1728 curae

309 1797 343 1836 α
377 1775 755 1850 animarum,
797 1771 1209 1838 inducendus
1254 1779 1357 1837 est
1409 1771 1733 1856 parochus
1780 1771 1866 1837 ad
1921 1773 2379 1858 resignandum
2429 1777 2535 1842 vel

311 1911 346 1949 a
385 1885 977 1972 permutandum...
1013 1888 1095 1952 Et
1126 1887 1218 1952 ita
1249 1887 1572 1971 parochus
1628 1888 1900 1972 punitur
1948 1888 2091 1953 sine
2139 1890 2353 1974 culpa,
2413 1890 2533 1956 sed

308 2024 344 2063 α
380 2020 510 2067 non
544 2002 682 2067 sine
727 2019 940 2079 causa,
982 2007 1057 2065 ut
1084 2005 1266 2066 notat
1314 2000 1524 2083 glossa
1564 1999 1659 2086 (in
1691 2010 1891 2085 caput
1928 2007 2054 2066 Tua
2088 2023 2220 2082 nos,
2259 2006 2334 2066 de
2363 2007 2523 2067 cler.

304 2140 336 2178 α
368 2114 638 2200 oeqroc.);
679 2114 765 2182 ad
805 2114 1180 2198 exemplum
1231 2115 1498 2200 parochi
1530 2114 1799 2200 leprosi,
1846 2117 1959 2202 qui
2001 2115 2086 2182 ab
2128 2115 2531 2184 administra-

306 2259 336 2290 «
370 2233 564 2297 tionis
590 2231 802 2298 officio
829 2238 1232 2308 removetur,
1266 2229 1383 2296 sed
1428 2227 1514 2294 de
1556 2229 1743 2295 bonis
1784 2230 2071 2296 ecclcsioe
2100 2238 2525 2310 sustentatur,

304 2370 336 2410 α
371 2354 447 2413 nt
475 2348 543 2412 in
571 2345 893 2431 praedicto
931 2344 1203 2413 decreto
1247 2351 1376 2410 Tua
1411 2366 1542 2410 nos.
1573 2369 1606 2406 »

383 2464 779 2533 Psorosmo
808 2464 946 2531 lx·.
989 2499 1079 2511 —-
1114 2466 1448 2529 Servitium
1489 2466 1782 2546 Episcopo
1806 2465 2244 2547 proestamlum,
2290 2483 2410 2529 non
2439 2471 2527 2527 est

289 2586 564 2666 leqitima
590 2601 772 2645 causa
806 2600 927 2645 non
964 2581 1290 2657 residendi,
1327 2584 1449 2644 nisi
1477 2599 1595 2662 per
1624 2582 1777 2644 duos
1820 2598 2046 2643 menses
2083 2600 2123 2642 α
2170 2584 2220 2644 Τ
2218 2583 2527 2645 ridentina

287 2701 516 2780 synodo
540 2716 859 2761 concessos.
892 2731 978 2742 -
1012 2716 1045 2756 (ι
1075 2697 1213 2760 Nec
1231 2695 1589 2779 Episcopus
1619 2693 1732 2779 (ait
1763 2695 2076 2772 Ferrari8‚
2107 2694 2312 2761 verbo
2340 2700 2526 2759 Paro-
2634 2724 2644 2731 ·

294 2833 330 2873 a
360 2813 528 2889 chus,
575 2818 700 2875 art.
738 2813 803 2887 2,
835 2829 906 2873 n.
934 2806 1046 2892 44)
1089 2816 1306 2892 potest
1345 2810 1442 2873 uti
1470 2826 1671 2892 opera
1714 2808 1980 2892 parochi
2015 2810 2081 2873 in
2120 2808 2510 2887 visitatione,

300 2953 331 2984 α
372 2926 478 2991 vel
530 2927 655 2992 alio
698 2925 966 2991 servitio
1017 2942 1148 2989 suae
1199 2924 1510 3003 ecclcsiae,
1563 2924 1687 2989 nisi
1722 2943 1842 3008 pro
1881 2932 2183 3009 tempore
2235 2925 2518 2991 duorum

297 3063 329 3101 c«
367 3041 739 3107 mensiuma
761 3039 1030 3105 concilio
1052 3037 1432 3105 Tridentino
1461 3038 2008 3121 permissorum...
2041 3039 2145 3105 Sic
2163 3036 2525 3104 declaravit

295 3180 330 3219 α
361 3157 554 3223 Sacra
586 3155 1014 3239 Congregatio
1040 3153 1383 3220 Concilii...
1417 3156 1586 3220 Item
1628 3172 1760 3219 non
1795 3159 2013 3239 potest
2038 3153 2364 3236 parochus
2400 3172 2520 3236 per

293 3297 326 3335 α
363 3272 752 3356 Episcopum
784 3270 1088 3353 occupari
1109 3270 1174 3335 in
1195 3271 1317 3347 sui,
1350 3270 1455 3337 vel
1481 3270 1773 3336 ecclesiae
1803 3267 2195 3337 cathedralis
2223 3270 2511 3346 servitio,

295 3413 328 3450 α
365 3395 437 3454 ut
471 3406 707 3473 nempe
748 3387 832 3453 sit
871 3385 1183 3463 vicariuS,
1235 3385 1550 3463 visitator,
1602 3386 2030 3462 secretarius,
2074 3384 2337 3462 fiscalis,
2381 3392 2513 3450 etc.

294 3528 326 3567 α
362 3504 466 3569 Sic
515 3502 716 3569 decre
725 3503 892 3569 visse
941 3501 1202 3568 Sacram
1263 3501 1845 3585 Congregationem
1902 3500 2171 3566 Concilii
2216 3499 2518 3567 referunt

293 3642 327 3683 «ι
360 3618 798 3695 Gonzalez...,
838 3617 1213 3694 Garcias...,
1253 3614 1731 3699 PignatelluS...
1772 3639 1804 3674 »

377 3739 562 3801 Nota.
604 3772 692 3783 --
719 3735 854 3799 Nec
881 3733 1015 3803 voti
1042 3739 1158 3797 aut
1191 3731 1734 3815 peregrinationis
1755 3749 1951 3797 causa
1975 3731 2263 3815 legitime
2291 3730 2516 3796 abesse

283 3856 504 3934 potest
540 3849 862 3935 parochus
907 3850 1086 3915 ultra
1122 3847 1246 3913 sibi
1289 3864 1666 3912 concessum
1697 3846 2033 3914 bimestre.
2073 3844 2235 3912 Vide
2275 3847 2520 3913 Leure-

282 3967 466 4033 nium
501 3966 742 4051 (Forum
773 3966 1135 4045 beneficiate,
1171 3970 1360 4049 parte
1405 3966 1464 4039 ι,
1495 3980 1564 4046 q.
1592 3961 1772 4045 387).
