3146 4973
1160 373 1315 420 nas
1360 370 1621 420 Tum-u.
2371 359 2501 422 ³⁶5

1205 658 1472 727 CAPUT
1510 663 1560 725 Ι.

407 914 633 960 NORMA
670 916 1134 965 nam-:mmxros
1190 918 1575 967 Removssnm
1620 919 1745 966 PER
1807 919 2366 969 DEGRADA'HOREM

1203 1034 1578 1083 AGTUALEM.

356 1305 663 1386 Qumio
702 1309 783 1368 1¹.
819 1341 908 1353 -
930 1308 1094 1385 Quid
1120 1313 1205 1369 sit
1227 1309 1588 1387 aequ-adano
1611 1308 1878 1369 actualis
1899 1325 2002 1369 seu
2028 1307 2236 1369 realis.
2273 1342 2358 1354 —--
2393 1308 2504 1372 Est

270 1418 373 1484 illa
408 1437 541 1503 qua
582 1418 878 1496 clericus,
913 1438 1045 1484 non
1088 1421 1300 1488 solum
1342 1421 1645 1504 privatur
1674 1419 1902 1498 officio,
1939 1418 2279 1498 beneflcio,
2313 1427 2384 1487 et
2409 1439 2503 1487 sa·

270 1552 529 1600 crorum
576 1533 881 1602 ordinum
915 1538 1266 1622 exerciti03
1318 1536 1439 1603 aed
1485 1538 1755 1621 insuper
1803 1536 2124 1621 spoliatur
2159 1535 2502 1620 privilegio

269 1648 411 1726 fori,
441 1650 852 1718 clericalibus
878 1652 1234 1736 insignibus
1257 1671 1406 1718 cum
1434 1653 1816 1737 praescripta
1847 1672 1885 1718 a
1907 1651 2056 1737 jure
2092 1651 2501 1722 solemnitate

270 1769 553 1844 exuitur,
592 1773 662 1834 et
708 1768 975 1835 brachio
1023 1770 1335 1848 saeculari,
1397 1768 1757 1835 secundum
1801 1770 2147 1836 saeculares
2183 1769 2366 1853 leges
2394 1786 2506 1852 pu·

272 1882 570 1961 mendae,
624 1882 933 1950 traditur.
984 1885 1083 1951 Ita
1128 1884 1345 1971 quoad
1395 1904 1657 1951 sensum
1708 1884 2018 1952 doctores
2072 1884 2503 1951 communiter

276 1997 447 2083 (vide
478 2001 851 2066 Ferrarium
875 2001 1080 2068 verbo
1108 2004 1501 2084 mor-adalia,
1538 2021 1608 2065 n.
1653 2003 1693 2067 6
1719 2022 1735 2085 ;
1767 2019 2018 2068 necnon
2051 1999 2496 2078 Reiffenstuel‚

272 2116 334 2179 in
358 2116 463 2179 tit.
492 2119 607 2192 37,
635 2114 785 2180 libri
819 2117 857 2180 5
887 2115 1169 2193 decret„
1203 2137 1270 2181 n.
1304 2115 1441 2200 32).
1476 2115 1712 2182 Differt
1742 2135 1780 2181 a
1809 2119 2243 2199 dem-adauctae
2271 2116 2503 2179 verbali

272 2248 384 2296 seu
434 2230 893 2315 depositione:
945 2232 1081 2297 haec
1125 2233 1299 2299 enim
1355 2231 1568 2316 privat
1631 2230 1896 2318 quidem
1948 2231 2153 2299 officio
2197 2236 2266 2296 et
2305 2230 2505 2296 bene-

274 2343 435 2424 flcio,
469 2354 542 2413 et
574 2346 798 2413 reddit
827 2347 1177 2416 inhabilem
1242 2347 1328 2414 ad
1359 2347 1485 2414 alia
1514 2347 1863 2432 beneficia3
1896 2347 2015 2414 sed
2042 2367 2166 2432 per
2197 2366 2340 2413 eam
2373 2365 2503 2412 non

272 2463 503 2531 amittit
553 2462 833 2531 clericus
862 2464 1275 2550 privilegium
1316 2463 1467 2542 fori,
1514 2483 1641 2530 nec
1676 2464 1942 2533 brachio
1977 2463 2274 2531 ,saeculari
2300 2461 2503 2531 tradi-

272 2584 399 2659 tur,
436 2597 568 2644 nec
595 2578 911 2646 obnoxius
938 2588 1043 2646 est
1068 2579 1259 2646 dictae
1286 2579 1699 2658 solemnitati,
1733 2599 1862 2665 qua
1881 2580 2153 2665 insignia
2179 2578 2502 2645 clericalia

272 2690 730 2761 detrahuntur.

354 2807 663 2890 QUAEs'rlo
698 2812 786 2875 2⁸.
819 2848 910 2860 -—
935 2816 1330 2893 Quaandonam
1363 2817 1634 2877 devenir-i
1663 2817 1861 2894 possit
1890 2815 1974 2876 ad
2003 2813 2496 2893 demadationeaen

272 2926 487 2988 realem
510 2930 545 2989 ?
572 2960 663 2973 —
693 2930 756 2989 1⁰
785 2925 1171 2994 Adhibenda
1203 2947 1335 2994 non
1363 2934 1463 2994 est
1490 2945 1682 3011 poena
1709 2926 1868 3004 hoec,
1896 2926 2016 2990 nisi
2048 2943 2169 3007 pro
2194 2924 2326 2991 illis
2351 2924 2502 2992 solis

274 3034 547 3121 flagitiis,
594 3057 737 3124 quae
768 3039 876 3124 jus
904 3060 1209 3127 expresse
1241 3041 1544 3108 decrevit
1571 3041 1694 3105 hoc
1718 3039 1916 3107 modo
1949 3040 2150 3124 plecti
2181 3059 2370 3123 posse
2392 3039 2500 3105 vel

273 3154 539 3226 dehere.
581 3156 660 3223 Id
696 3158 841 3225 fuse
879 3159 1115 3243 probat
1158 3160 1501 3242 Fagnanus
1543 3158 1632 3243 (in
1675 3162 1876 3241 caput
1923 3160 2074 3220 Cum
2122 3175 2243 3220 non
2284 3159 2362 3221 ab
2397 3158 2503 3219 lw-

270 3280 448 3355 mine‚
487 3279 568 3340 de
594 3273 906 3359 ludia-mk
935 3282 1005 3341 et
1036 3281 1138 3341 est
1174 3275 1496 3341 sententia
1545 3273 1953 3341 communius
1983 3279 2273 3356 recepta,
2306 3273 2502 3356 Equi-

274 3386 423 3454 dem
466 3390 766 3457 nonnulli
796 3396 1056 3458 veteres
1086 3390 1456 3466 canoniatae,
1492 3395 1810 3473 putarunt
1842 3406 1983 3453 ease
2020 3388 2239 3452 locum
2265 3385 2501 3470 degra-

272 3502 514 3573 dationi
554 3506 718 3571 reali
750 3507 817 3570 in
863 3506 1159 3571 omnihus
1200 3504 1479 3582 delictiS,
1526 3522 1649 3588 pro
1691 3504 1930 3589 quibus
1955 3504 2138 3588 leges
2161 3503 2503 3569 saecularea

274 3621 497 3686 mortis
524 3639 784 3704 poenam
809 3628 1106 3687 statuunt
1149 3644 1163 3686 :
1198 3619 1316 3687 sed
1359 3621 1496 3688 hoec
1520 3621 1740 3704 opinio
1767 3619 2258 3706 quamplurimis
2284 3617 2504 3685 docto-

276 3733 454 3800 ribus
482 3733 839 3819 rejicienda
862 3735 1001 3801 visa
1029 3742 1152 3800 est.
1192 3734 1393 3819 Cujus
1423 3735 1937 3801 confutationem
1965 3732 2115 3799 vide
2166 3731 2346 3815 apud
2385 3733 2503 3798 Fa-

275 3863 583 3929 gnanum,
619 3849 767 3916 loco
803 3851 1026 3916 citato.
1073 3849 1193 3916 Adi
1212 3851 1409 3916 etiam
1435 3849 1868 3917 Benedictum
1914 3848 2084 3925 xlv,
2143 3851 2219 3912 de
2264 3851 2503 3930 syuodo

280 3963 633 4043 ἀιάοεεαπα,
674 3965 723 4030 l.
757 3970 823 4044 9,
866 3984 926 4032 c.
961 3969 1026 4032 6.

364 4081 433 4143 2⁰
486 4081 755 4166 Flagitia
801 4088 1042 4160 autem,
1093 4084 1179 4151 ob
1230 4100 1371 4169 quoe
1419 4083 1600 4166 leges
1643 4081 2091 4147 ecclesiasticae
2151 4084 2504 4150 voluerunt

277 4197 487 4265 locum
523 4217 667 4265 esse
702 4196 1150 4283 degradationi
1177 4200 1368 4279 reali,
1409 4203 1559 4263 sunt
1608 4197 1941 4283 sequentia
1971 4216 1985 4258 :
2033 4201 2096 4260 1⁰
2123 4195 2385 4264 haereais
2406 4200 2505 4285 (ut

281 4319 537 4381 constat
573 4333 655 4380 ex
681 4312 1002 4397 capitibus
1029 4317 1636 4378 Eoecmnmnnicamus
1658 4319 1729 4378 et
1747 4315 1844 4377 Ad
1863 4314 2238 4391 abolendam,
2259 4315 2336 4377 de
2367 4315 2505 4376 Πω-

280 4428 532 4515 remim
570 4432 639 4495 2⁰
667 4429 1031 4497 falsificatio
1051 4431 1417 4497 litterarum
1443 4430 1960 4515 Apostolicarum
1989 4430 2267 4515 (constat
2286 4446 2368 4493 ex
2401 4446 2505 4493 ca-
