3146 4973
1214 381 1370 429 mas
1415 380 1686 441 Qmwra.
2425 369 2551 431 589

321 512 563 587 excepto
593 523 736 567 casu
765 523 919 567 verce
948 509 1344 583 necessitatis,
1377 513 1436 568 et
1464 512 1850 570 concurrente
1890 524 2070 569 causa
2108 511 2414 570 canonica.
2455 508 2553 591 (In

323 622 521 685 citato
555 618 726 684 libro
752 622 828 683 de
847 624 1049 683 Praxi
1072 640 1112 683 a
1129 621 1413 703 parochis
1444 622 1766 698 servanda,
1806 638 1951 704 pag.
1985 619 2077 705 4.)

409 733 727 819 Equidem
760 733 866 801 die
895 737 976 801 27
1008 735 1324 800 februarii
1361 738 1552 814 1847,
1592 756 1629 801 a
1660 736 1852 801 Sacra
1896 737 2414 820 congregatione
2446 738 2554 803 Ri-

319 856 504 915 tuum
534 850 857 915 emanavit
886 847 1259 928 declaratio,
1304 870 1446 936 quae
1489 852 1839 935 praemissis
1872 851 2275 936 aliquatenus
2301 860 2553 917 contra-

320 968 414 1030 ria
458 964 669 1031 videri
723 972 965 1049 posset.
1023 964 1121 1031 Ad
1173 965 1446 1032 dubium
1491 986 1729 1049 nempe
1780 987 1817 1032 a
1868 965 2421 1033 Ruremondensis
2462 968 2549 1053 (iu

321 1079 680 1166 Hollandia)
728 1083 1055 1146 seminarii
1106 1085 1444 1165 superiore
1492 1085 1584 1148 sic
1628 1083 2032 1167 propositum
2077 1105 2090 1148 :
2148 1085 2217 1148 4⁰
2244 1084 2550 1147 Perochus

321 1198 418 1260 bic
452 1204 510 1260 et
550 1217 709 1261 nunc
752 1200 1013 1278 aliquem
1055 1201 1391 1276 substituit,
1427 1205 1533 1279 qui
1567 1200 1668 1261 die
1696 1201 1993 1262 dominica
2022 1205 2231 1262 cantat
2260 1219 2549 1262 summum

320 1332 554 1376 sacrum
602 1313 781 1397 (quod
823 1315 919 1376 hic
959 1334 1134 1395 posse
1179 1322 1449 1378 censetur
1485 1335 1595 1396 per
1641 1313 2143 1399 consuetudinem)
2196 1336 2210 1379 :
2260 1335 2341 1378 an
2374 1335 2553 1397 paro-

316 1429 462 1490 chus
495 1434 796 1509 privatim
842 1430 1144 1492 celebrans
1176 1436 1373 1510 possit
1417 1433 1728 1511 applicare
1763 1450 1881 1512 pro
1916 1436 2066 1510 suis,
2109 1437 2414 1495 teneturve
2449 1451 2553 1494 cu-

319 1564 456 1607 rare
503 1552 574 1607 ut
605 1564 722 1626 pro
742 1546 968 1626 populo
1000 1547 1338 1626 applicetur
1381 1565 1675 1609 summum
1721 1566 1958 1610 sacrum
1981 1552 2011 1609 ‚⁹
2039 1584 2129 1596 -—-
2160 1530 2348 1612 Sacra
2386 1547 2551 1613 Con·

319 1661 631 1744 gregatio.
652 1708 691 1726 ..
735 1659 1229 1726 rescribendum
1283 1663 1534 1726 censuit
1579 1683 1593 1726 ε
1630 1665 1727 1726 Ad
1755 1663 1790 1725 4
1838 1683 2006 1744 posse
2052 1665 2149 1725 vel
2184 1683 2297 1744 per
2332 1683 2416 1743 se,
2453 1666 2553 1727 vel

311 1795 426 1857 per
461 1777 671 1855 alium,
722 1782 869 1857 quin
914 1782 1259 1857 requiratur
1308 1784 1491 1841 missa
1530 1780 1829 1842 solemnis.
1865 1782 2055 1860 Atque
2100 1786 2189 1842 ita
2231 1781 2551 1842 rescribere

324 1898 462 1954 rata
505 1899 614 1954 est.
677 1895 788 1956 Die
825 1894 905 1958 27
955 1872 1253 1973 februarii
1299 1895 1487 1959 1847.
1531 1894 1628 1979 (ln
1666 1893 2047 1961 collectione
2097 1893 2505 1960 Gardellania
2528 1943 2544 1974 ,

322 2025 385 2072 n.
432 2006 659 2092 4926.)
1007 2005 1016 2014 '

413 2121 541 2188 Sed
589 2122 784 2208 hujus
819 2142 949 2189 suae
990 2123 1443 2191 declarationis
1484 2145 1741 2192 sensum
1790 2125 2103 2210 patefecit
2140 2127 2413 2211 ipsamet
2450 2147 2552 2194 ea·

322 2235 472 2304 dem
529 2240 721 2304 Sacra
768 2238 1224 2324 Congregati03
1281 2246 1350 2306 et
1406 2240 1669 2326 quidem
1724 2262 1804 2306 co
1854 2260 2084 2320 sensu,
2134 2244 2243 2326 qui
2295 2243 2550 2307 conclu-

324 2352 488 2418 sioni
513 2361 746 2418 nostrae
787 2357 1051 2420 omnino
1086 2363 1418 2421 consonet.
1469 2357 1562 2420 En
1615 2355 1808 2441 hujus
1856 2357 2234 2440 posterioris
2261 2356 2550 2423 declara-

319 2469 511 2534 tionis
561 2469 762 2536 verba
815 2494 827 2536 :
891 2493 922 2533 a
973 2473 1143 2537 Dum
1187 2473 1506 2556 superiori
1552 2493 1719 2539 anno
1775 2475 1964 2549 1847,
2000 2474 2201 2539 tertio
2245 2473 2549 2539 calendas

323 2609 355 2643 «ι
397 2585 640 2662 martii,
687 2588 1030 2654 Sacrorum
1077 2588 1342 2653 Rituum
1395 2590 1856 2672 congregatio,
1894 2589 1961 2652 in
2018 2608 2142 2654 una
2188 2589 2547 2654 Ruremon-

325 2725 350 2754 t«
396 2697 613 2765 densis
654 2701 1006 2767 vicariatus
1055 2705 1120 2767 in
1166 2702 1539 2780 Hollandia‚
1575 2703 1660 2768 ad
1699 2701 1972 2768 dubium
2013 2704 2103 2767 lv
2149 2702 2541 2780 declaravit,

324 2835 356 2873 a
393 2814 742 2896 parochum
783 2835 969 2899 posse
995 2838 1105 2899 per
1141 2839 1202 2880 se
1237 2822 1332 2881 vel
1357 2839 1473 2901 per
1506 2821 1695 2882 alium
1742 2818 1810 2882 in
1846 2816 2182 2883 dominicis
2221 2816 2545 2900 applicare

325 2952 356 2988 a
399 2948 515 3013 pro
555 2932 796 3015 populo
833 2934 1242 2997 sanctissimae
1280 2935 1481 2999 missae
1533 2932 1955 3009 sacrificium,
2001 2934 2194 2999 etiam
2240 2932 2545 3017 privatim

322 3068 354 3104 a
403 3045 832 3126 celebrando,
888 3050 1042 3134 quin
1095 3056 1402 3114 teneatur
1464 3049 1794 3132 applicare
1840 3047 2099 3113 missam
2151 3047 2539 3125 solemnem,

319 3185 352 3221 a
393 3162 578 3248 cujus
622 3163 1132 3230 celebrationem
1176 3165 1283 3230 alii
1323 3164 1444 3230 sibi
1479 3165 1790 3231 beneviso
1840 3161 2165 3229 sacerdoti
2212 3162 2545 3229 interdum

320 3302 353 3339 α
389 3279 734 3345 committit
789 3301 803 3344 :
855 3298 1052 3362 super
1105 3280 1224 3345 hac
1280 3279 1416 3364 ipsa
1460 3278 1901 3345 declaratione
1950 3278 2013 3342 in
2060 3276 2546 3362 praesentiarum

321 3419 354 3454 «
390 3414 628 3461 novum
681 3399 1069 3481 proponitur
1113 3395 1418 3473 dubium,
1460 3395 1638 3482 quod
1693 3395 2010 3461 fundatur
2053 3395 2118 3459 in
2163 3393 2549 3461 declaratio-

321 3534 354 3571 «
391 3511 583 3577 nibus
639 3521 706 3577 et
759 3512 1044 3580 decretis
1086 3534 1123 3579 a
1178 3515 1383 3579 Sacris
1435 3513 2056 3597 congregationibus
2122 3511 2316 3577 Urbis
2363 3512 2539 3588 latis,

320 3646 354 3685 a
390 3634 458 3691 et
513 3648 550 3693 a
607 3628 842 3711 quibus
904 3631 1163 3695 omnino
1228 3630 1531 3713 exigitur,
1571 3635 1647 3694 ut
1706 3626 2026 3711 parochus
2086 3628 2154 3691 in
2212 3626 2546 3693 dominicis

317 3763 351 3801 α
387 3740 695 3827 festisque
740 3762 858 3828 pro
903 3744 1146 3828 populo
1196 3744 1499 3828 applicet.
1538 3744 1788 3809 Iterum
1837 3761 1996 3827 ergo
2036 3742 2224 3807 Sacra
2261 3743 2544 3825 Congre-

316 3880 349 3917 α
388 3860 564 3940 gatio
609 3856 692 3924 de
735 3861 1054 3925 sententia
1090 3860 1508 3944 requisita...‚
1547 3856 2039 3924 rescribendum
2071 3857 2326 3922 censuit
2369 3880 2382 3921 ε
2432 3861 2542 3922 Re-

314 3996 348 4037 a
384 3982 754 4058 sponsionem
791 3977 1000 4039 datam
1031 3978 1110 4041 27
1146 3978 1442 4056 februarii
1478 3977 1671 4053 1847,
1708 3975 2169 4054 intelliqendam
2197 3993 2320 4035 esse
2347 3977 2545 4054 quoad

315 4111 349 4151 α
386 4096 630 4155 missam
669 4095 1007 4171 solennem,
1034 4094 1110 4155 de
1146 4111 1263 4172 qua
1295 4093 1694 4172 quaerebatur.
1726 4092 1882 4155 Nam
1910 4093 2165 4170 propius
2197 4089 2281 4150 ad
2309 4107 2532 4168 casum,

316 4229 349 4266 α
391 4225 511 4269 non
553 4208 925 4272 obstantibus
969 4208 1128 4270 alias
1181 4210 1466 4287 decretis,
1511 4213 1570 4269 et
1618 4211 1684 4269 in
1726 4206 1889 4286 facto
1929 4204 2288 4282 declaratis,
2323 4210 2541 4267 rescri-

316 4341 349 4381 α
388 4322 520 4384 bere
551 4329 690 4386 rata
725 4329 835 4401 est,
861 4343 1037 4406 posse
1079 4325 1396 4404 quemlibet
1431 4321 1781 4405 parochum,
1820 4320 2130 4383 accedente
2152 4322 2333 4401 justa
2365 4325 2424 4381 et
2458 4320 2543 4383 le-

311 4457 346 4499 «
383 4443 601 4520 yiti-ma
629 4458 830 4519 causa,
853 4441 1379 4523 adimplementum
1410 4445 1612 4504 missoe
1628 4457 1745 4520 pro
1777 4436 1997 4520 populo
2023 4436 2402 4517 applicanda·
2427 4437 2541 4499 alii
