3146 4973
1210 342 1370 394 nans
1420 344 1739 394 sucu-nm.
2455 335 2584 399 287

1382 584 1552 659 511.

805 808 873 857 Bc
895 813 1124 869 potestate
1144 807 1367 872 Episcopi
1393 807 1548 872 quoad
1570 808 1900 871 parochiarum
1921 809 2137 860 uniones.

446 1034 842 1102 Pnorosmo
874 1037 951 1102 1⁴.
983 1074 1075 1085 —
1108 1041 1369 1102 Possunt
1408 1041 1692 1120 Episcopi
1726 1043 1903 1102 mire
1938 1040 2258 1121 parochias
2299 1044 2460 1107 inter
2495 1061 2579 1105 se.

356 1183 447 1195 —
469 1147 730 1214 Constat
759 1169 841 1215 ex
869 1152 1084 1234 capite
1118 1154 1155 1216 5
1193 1153 1487 1217 sessionis
1531 1155 1605 1216 21
1650 1152 1899 1219 concilii
1938 1152 2321 1231 bidentini,
2351 1155 2418 1219 in
2457 1170 2587 1239 quo

356 1260 451 1325 sic
479 1258 901 1328 decernitur:
940 1287 973 1327 α
1002 1265 1258 1330 Possint
1287 1264 1605 1349 Episcopi,
1633 1266 1833 1331 etiam
1865 1273 2176 1351 tanquam
2205 1266 2585 1349 Apostolicoe

360 1398 395 1438 a
424 1374 611 1441 Sedis
644 1377 923 1463 delegati
944 1429 961 1459 ‚
1000 1379 1187 1466 juxta
1223 1379 1499 1446 formam
1536 1380 1733 1465 juris,
1772 1383 1910 1449 sine
1950 1389 2174 1448 tamen
2209 1380 2587 1467 praejudicio

360 1512 395 1552 a
428 1490 856 1559 obtinentium
873 1542 889 1571 ,
923 1495 1142 1561 facere
1180 1496 1451 1562 uniones
1488 1504 1846 1580 perpetuas
1888 1515 2442 1581 quarumcumque
2480 1517 2587 1563 ec-

358 1628 393 1669 «
424 1608 769 1675 clesiarum
806 1610 1262 1693 parochialium
1290 1619 1363 1676 et
1386 1611 1868 1694 baptismalium
1883 1660 1900 1690 ,
1934 1620 2006 1678 et
2033 1613 2308 1678 aliorum
2337 1611 2586 1679 benefl-

358 1743 392 1783 «
427 1725 676 1789 ciorum
707 1731 1084 1792 curatorum
1108 1727 1214 1795 vel
1240 1745 1371 1793 non
1397 1735 1809 1804 curatorum,
1840 1747 1988 1794 cum
2018 1729 2280 1806 curatis,
2312 1734 2587 1812 propter

357 1859 391 1899 α
424 1857 649 1904 earum
686 1847 1139 1924 paupertatem
1158 1889 1174 1918 ,
1208 1847 1278 1908 et
1308 1844 1375 1906 in
1402 1842 1657 1907 caeteris
1698 1842 1955 1909 casibus
1981 1863 2019 1908 a
2042 1842 2191 1928 jure
2223 1844 2575 1927 permissis,

357 1977 391 2015 a
425 1957 675 2021 etiamsi
709 1956 899 2022 dictae
946 1958 1235 2024 ecclesiae
1281 1959 1388 2024 vel
1432 1957 1747 2025 beneficia
1784 1967 2003 2026 essent
2038 1960 2434 2043 generaliter
2479 1959 2586 2025 vel

357 2094 391 2130 α
424 2072 791 2154 specialiter
838 2079 1207 2152 reservata,
1262 2082 1377 2139 aut
1425 2075 1987 2158 qualitercumque
2042 2074 2294 2141 affecta.
2351 2096 2385 2137 »
2444 2077 2584 2141 ,lam

350 2196 504 2255 ante
536 2188 977 2256 'tridentinam
1012 2190 1336 2276 synoclum
1375 2189 1460 2256 de
1493 2190 1646 2275 jure
1681 2191 2009 2257 communi
2041 2192 2372 2276 Episcopis
2409 2210 2584 2259 com-

348 2305 620 2388 petebat
650 2313 960 2389 potestaS,
1004 2311 1144 2370 tum
1174 2305 1491 2372 beneficia
1535 2313 1795 2383 caetera,
1829 2313 1972 2370 tum
2015 2307 2213 2371 etiam
2247 2308 2584 2389 parochias

346 2418 615 2484 uniendi
633 2468 651 2498 ,
702 2419 894 2506 justis
934 2440 1016 2486 ex
1050 2422 1277 2500 causis,
1330 2425 1398 2485 et
1429 2426 1688 2485 servata
1731 2420 2037 2485 canonica
2070 2419 2300 2485 forma.
2339 2420 2583 2488 Atvero

349 2554 471 2618 per
512 2536 783 2602 citatum
822 2536 1268 2603 'tridentinum
1302 2536 1677 2613 decretum,
1713 2535 1786 2602 id
1832 2544 2103 2621 possunt
2147 2538 2413 2620 insuper
2445 2546 2583 2603 tan-

347 2671 527 2732 quam
553 2656 908 2732 Apostolicoe
934 2655 1111 2718 Sedis
1135 2655 1400 2734 deleqati
1416 2676 1443 2731 ,·
1481 2659 1553 2717 et
1583 2653 1778 2717 etiam
1809 2653 1877 2716 in
1908 2669 2062 2716 casu
2091 2670 2222 2736 quo
2263 2652 2579 2719 beneficia

348 2768 672 2850 parochiis
705 2766 991 2834 unienda
1025 2767 1174 2834 Sedi
1201 2769 1584 2853 Apostolicae
1621 2775 1928 2831 reservata
1962 2767 2072 2833 vel
2106 2772 2326 2849 affecta
2361 2768 2584 2838 forent
2687 2803 2706 2816 ·

346 2888 645 2966 tempore
692 2883 981 2968 unionis;
1030 2884 1097 2948 in
1142 2901 1271 2968 quo
1320 2901 1472 2948 casu
1510 2889 1704 2948 antea
1752 2884 2056 2948 unionem
2102 2881 2426 2966 perficere
2463 2905 2579 2951 ne-

349 2996 642 3080 quibant.

438 3111 551 3176 Illa
575 3119 795 3178 autem
832 3113 1295 3196 Episcoporum
1335 3118 1625 3196 potestas
1656 3110 1922 3176 uniendi
1946 3112 2284 3194 parochias
2321 3131 2436 3180 seu
2469 3113 2579 3184 be-

346 3223 576 3291 neficia
603 3232 829 3291 curata
856 3227 1031 3292 inter
1057 3246 1127 3291 se
1145 3276 1161 3305 ,
1195 3224 1617 3309 intelligenda
1648 3232 1748 3290 est
1786 3232 1927 3289 tum
1972 3223 2057 3290 de
2102 3228 2341 3293 unione
2369 3235 2577 3294 trans⁴

345 3340 565 3418 Ratira,
613 3347 757 3407 tum
801 3341 886 3409 de
929 3341 1322 3427 subjectiva,
1365 3349 1507 3407 tum
1550 3340 1636 3407 de
1680 3359 1863 3426 oeque
1898 3341 2275 3425 principali3
2332 3344 2396 3407 in
2447 3361 2577 3427 quo

346 3455 684 3537 probando
731 3477 859 3524 non
906 3457 1349 3536 immoramur,
1400 3475 1550 3524 cum
1597 3456 1777 3521 nulla
1827 3453 1911 3522 de
1962 3455 2084 3521 hoc
2130 3459 2574 3524 controversia

348 3578 711 3637 moveatur.

436 3688 831 3755 Pnorosmo
879 3690 989 3754 11⁸.
1044 3724 1136 3737 -
1188 3693 1406 3769 Nequit
1464 3690 1785 3769 Episcqpus
1836 3688 2192 3769 parochiam
2251 3694 2574 3753 accessorie

343 3809 521 3867 mire
567 3808 755 3868 alicui
799 3805 1077 3883 bmefieio
1120 3824 1243 3868 non
1287 3811 1515 3868 curato.
1561 3840 1650 3851 -—
1686 3801 1922 3868 Obstat
1957 3821 2196 3886 nempe
2232 3801 2571 3870 decretum

344 3916 795 3984 'tridentinum
827 3920 908 4006 (c.
950 3923 1052 3999 13,
1085 3937 1241 3986 sess.
1275 3917 1411 4002 24),
1444 3919 1690 3984 tenoris
1721 3916 1990 4001 hujusce
2032 3916 2212 3983 modi
2247 3939 2262 3984 :
2296 3921 2575 3984 Ecclesioe

340 4036 715 4115 parochiales
756 4039 1134 4099 monasteriis
1178 4037 1652 4117 quibusamtqtoe,
1687 4040 1798 4096 aut
1840 4035 2123 4110 abbatiis,
2158 4052 2264 4098 seu
2303 4035 2573 4114 dimita-

348 4152 529 4229 tibus,
555 4157 681 4214 sive
701 4154 1043 4234 proebendis
1067 4153 1324 4214 ecclesia
1350 4151 1741 4229 cathedralis,
1769 4151 1868 4213 vel
1894 4150 2249 4230 eousqiatoe,
2276 4154 2404 4212 sive
2428 4152 2575 4214 aliis

346 4266 646 4342 beneficiis
688 4269 1080 4350 simplicibus,
1125 4272 1232 4330 aut
1276 4266 1695 4346 hospitalibus,
1743 4266 2060 4327 militiisve
2098 4283 2219 4328 non
2250 4269 2566 4329 uniantur.

344 4380 465 4445 ma
499 4399 732 4466 nempe
770 4381 1017 4447 locutio
1042 4386 1220 4445 unire
1248 4381 1599 4463 parochiam
1627 4381 1816 4442 alicui
1845 4379 2123 4456 beneficio
2156 4380 2447 4460 simplici,
2487 4398 2569 4444 ex
