3146 4973
557 376 679 441 534
1229 388 1605 437 TRAc‘rA‘rns
1650 389 1739 436 nn
1782 388 2109 436 maocuo.

549 524 635 583 ad
676 538 970 583 summum
1011 525 1135 580 tres
1167 534 1390 578 menses
1420 518 1734 593 exe-eder&
1772 522 1833 577 et
1858 516 2064 577 haberi
2093 520 2387 577 rationem
2414 520 2486 576 ut
2514 517 2582 577 id
2616 533 2781 594 aqua

549 655 630 698 ex
657 654 838 698 causa
864 635 1002 711 fiat,
1043 640 1102 695 et
1142 635 1359 712 absque
1389 633 1516 693 uuo
1554 636 1756 711 qreqis
1781 633 2140 694 detrimento
2182 649 2203 691 :
2249 633 2407 709 quod
2440 649 2522 692 an
2552 635 2643 691 ita
2668 635 2771 707 sit,

550 755 987 816 abscedentium
1014 754 1385 812 conscientias
1420 750 1732 828 relinquit.

638 872 704 933 3.
739 869 919 933 Anno
955 868 1145 943 1573,
1179 863 1263 929 ad
1294 863 1566 929 dubium
1604 884 1617 927 :
1657 866 1750 926 An
1764 864 2018 944 parochi
2041 866 2117 925 ab
2147 866 2408 925 ecclesiis
2434 868 2562 925 suis
2587 865 2783 924 abesse

545 990 779 1067 possint
819 1003 933 1064 per
980 985 1129 1045 duos
1169 1001 1393 1043 menses
1449 986 1580 1042 sine
1626 982 1870 1043 licentia
1916 982 2360 1060 Episcopi?--
2390 979 2583 1043 Sacra
2618 980 2784 1044 Gon·

545 1100 837 1182 gregatio
895 1097 1162 1162 Concilii
1225 1095 1481 1161 censuit
1539 1114 1553 1159 ε
1611 1114 1732 1158 non
1789 1114 1959 1175 posse
2012 1094 2203 1180 (libro
2260 1099 2283 1157 1
2336 1094 2776 1173 decretorum,

547 1213 704 1281 folio
742 1217 854 1279 131
903 1211 1018 1300 (1).

637 1320 703 1384 4.
737 1321 810 1384 In
841 1320 1147 1384 Toletana
1186 1316 1455 1383 dioecesi
1490 1316 1998 1400 praetendebant
2032 1317 2319 1400 parochi,
2364 1317 2649 1399 plurium
2678 1314 2787 1380 do-

543 1442 802 1500 ctorum
827 1434 1214 1499 auctoritate
1256 1434 1479 1510 innixi,
1521 1434 1949 1498 necessariam
1989 1433 2111 1497 sibi
2133 1448 2263 1495 non
2286 1450 2426 1498 csse
2460 1433 2784 1497 licentiam

551 1550 851 1633 Episcopi
881 1557 958 1614 ut
992 1569 1028 1614 a
1073 1549 1376 1632 parochia
1412 1568 1535 1632 per
1585 1548 1751 1614 duos
1797 1567 2053 1615 menses
2083 1548 2427 1631 abessent3
2473 1547 2590 1613 sed
2632 1549 2787 1613 satis

545 1684 685 1730 esse
725 1667 1115 1749 propositam
1152 1665 1236 1731 ab
1274 1666 1428 1749 ipsis
1458 1666 1776 1749 Episcopo
1838 1665 2038 1730 fuisse
2089 1666 2447 1749 legitimam
2477 1663 2785 1729 absenti&

552 1799 829 1858 causam,
876 1789 943 1847 et
973 1782 1401 1847 substitutum
1428 1781 1628 1846 fuisse
1660 1781 1963 1865 aliquem,
2004 1782 2116 1864 qui
2145 1781 2396 1845 interea
2420 1778 2789 1862 parochiam

548 1905 835 1963 curaret.
870 1899 1027 1978 Quae
1062 1898 1278 1980 praxis
1310 1915 1458 1961 cum
1495 1897 1946 1973 invalesceret,
1984 1914 2152 1960 anno
2208 1898 2374 1960 1573
2416 1894 2503 1959 ad
2530 1896 2788 1959 Sacram

551 2014 821 2079 Concilii
873 2014 1451 2096 congregationem
1507 2011 1729 2077 delata
1792 2012 2143 2096 quaestione
2168 2059 2184 2088 ‚
2246 2030 2328 2075 an
2393 2011 2571 2076 licite
2618 2009 2790 2076 dicto

554 2127 749 2194 modo
796 2127 1023 2193 abesse
1079 2131 1444 2211 potuissent
1492 2128 1780 2211 parochi,
1835 2132 2026 2192 Sacra
2074 2132 2472 2209 Conqreqatio
2530 2134 2782 2205 censuit,

554 2264 677 2307 non
713 2250 1001 2324 potuisse,
1052 2251 1176 2308 nisi
1206 2265 1386 2307 causa
1421 2251 1663 2326 coquita
1708 2252 1765 2307 et
1815 2247 2071 2325 probata
2117 2245 2193 2305 ab
2243 2247 2597 2322 ordinario,
2632 2252 2690 2306 et
2717 2246 2792 2306 ab

555 2363 758 2422 eodem
787 2365 1118 2438 inscriptis
1136 2362 1376 2422 obtenta
1400 2363 1645 2422 lieentia
1665 2358 1855 2445 (libro
1888 2362 1910 2422 l
1951 2357 2399 2435 decretorum,
2427 2359 2583 2422 folio
2609 2356 2787 2441 202).

649 2476 711 2538 5.
746 2474 866 2538 Die
907 2481 942 2539 7
984 2472 1271 2540 octobris
1301 2475 1490 2553 1604,
1514 2475 1707 2539 Sacra
1746 2473 1978 2539 eadem
2024 2473 2461 2558 congregatio
2517 2493 2795 2557 sequen-

556 2597 657 2654 tes
693 2590 910 2655 emisit
946 2588 1436 2668 declarationes»,
1477 2608 1621 2674 quae
1668 2590 1992 2656 habentur
2019 2589 2188 2657 libro
2230 2594 2311 2656 10
2344 2588 2791 2666 decretorum,

560 2704 715 2771 folio
746 2707 894 2770 100.

648 2826 835 2885 Sacra
863 2824 1261 2903 Conqreqatio
1322 2830 1577 2902 emit,
1617 2827 1808 2887 selam
1844 2827 2206 2888 distantiam
2253 2826 2367 2886 lom·
2424 2823 2680 2909 (nempe
2707 2822 2799 2888 di-

556 2937 858 3000 stantiam
876 2956 912 2999 a
940 2937 1204 3002 civitate
1235 2936 1825 3020 episcopali),etiam
1854 2958 1987 3000 cum
2013 2957 2182 3019 oequa
2204 2957 2391 3000 causa
2418 2940 2787 3014 discedendi,

560 3068 683 3112 nen
708 3069 993 3113 excusare
1011 3053 1364 3132 par-ocham,
1402 3059 1471 3114 ut
1493 3058 1690 3133 possit
1721 3055 1920 3115 abesse
1962 3073 2001 3114 a
2037 3072 2149 3115 sua
2180 3055 2426 3116 ecclesia
2462 3058 2593 3115 sine
2612 3055 2798 3114 ticen-

562 3170 653 3227 tia
681 3169 747 3228 in
766 3171 1010 3247 scriptis
1041 3169 1301 3246 obtenta,
1332 3172 1455 3230 nisi
1483 3170 1630 3230 talis
1672 3173 1992 3230 necessitas
2019 3175 2259 3248 repente
2291 3187 2352 3229 se
2383 3171 2622 3247 offerat,
2665 3186 2797 3246 qaoe

563 3301 682 3346 non
706 3288 989 3363 patiatur
1018 3285 1371 3346 dilationem
1423 3285 1765 3366 hujusmodi
1821 3286 2128 3347 licentiam
2174 3287 2418 3362 petendi
2434 3307 2462 3362 ,·
2508 3303 2621 3364 quo
2656 3303 2797 3345 casu

557 3403 1002 3477 quamprimum
1037 3400 1111 3460 de
1151 3401 1417 3460 discessu
1447 3406 1507 3460 et
1546 3401 1621 3461 de
1656 3404 2007 3461 necessitate
2050 3401 2452 3462 ordinarium
2486 3403 2797 3460 certiorave

560 3516 903 3592 faciendum
928 3490 1071 3588 esse,
1108 3521 1177 3575 ut
1202 3516 1277 3576 de
1311 3532 1494 3576 caasa
1538 3533 1880 3594 coqnoscere
1897 3520 2118 3595 possit.

654 3632 777 3693 Nec
795 3621 1148 3710 parochum',
1199 3628 1505 3692 habentem
1545 3634 1785 3711 justam
1838 3649 2084 3694 oausam
2120 3631 2377 3694 abemdi
2415 3636 2593 3693 extra
2617 3648 2802 3710 paro-

630 3892 702 3955 (Ι)
743 3894 976 3944 Vocantur
1009 3891 1132 3943 libri
1158 3894 1481 3943 decretorum
1515 3894 1756 3944 volumina
1783 3894 1863 3942 illa
1890 3894 2235 3956 manuscripta,
2264 3905 2311 3943 et
2335 3896 2539 3944 nondum
2571 3892 2720 3953 edita,
2753 3895 2799 3942 in

562 3989 735 4050 quibus
760 3992 991 4040 habentur
1010 3992 1163 4041 Sacrae
1185 3992 1570 4054 congregationis
1588 3991 1785 4041 concilii
1812 3991 2174 4051 declarationes,
2187 3992 2246 4038 ab
2264 3990 2476 4038 instituta
2493 3991 2580 4038 hae
2601 4000 2799 4050 congre·

557 4083 764 4143 gatiano,
791 4098 939 4145 usque
966 4085 1024 4133 ad
1051 4099 1225 4134 annum
1254 4083 1402 4133 1718.
1433 4087 1471 4134 Α
1497 4085 1623 4134 dicto
1647 4094 1803 4135 autem
1832 4098 1953 4133 anno
1979 4098 2127 4146 usque
2151 4085 2209 4132 ad
2237 4097 2441 4145 praesens
2469 4091 2649 4146 tempus
2669 4096 2798 4130 ema-

561 4183 680 4226 natae
709 4175 1043 4226 declarationes
1070 4177 1234 4226 edictae
1261 4177 1450 4226 suerunt
1475 4178 1521 4226 in
1550 4178 1722 4228 celebri
1752 4178 2048 4238 collectione,
2079 4191 2180 4239 quse
2212 4177 2503 4226 Thesaurus
2527 4175 2798 4225 resolutio-

563 4280 692 4316 num
731 4269 1018 4328 inscribitur,
1056 4272 1221 4331 cuique
1252 4270 1448 4332 singulis
1475 4272 1610 4319 annis
1647 4285 1794 4320 novus
1824 4271 2002 4319 accedit
2030 4277 2201 4319 tomus.
2244 4269 2412 4318 Libris
2453 4268 2793 4322 decretorum,

563 4359 672 4409 dum
702 4364 859 4412 Roma}
884 4363 1118 4424 degerem,
1150 4363 1414 4426 frequenter
1445 4377 1557 4412 usus
1594 4378 1727 4424 sum;
1761 4378 1880 4426 quos
1921 4379 2024 4413 cum
2062 4365 2344 4413 adverterim
2384 4377 2475 4412 non
2504 4376 2667 4427 parum
2699 4364 2798 4424 jam

559 4462 787 4507 vetustate
812 4455 1036 4520 detritos,
1064 4458 1199 4508 enixe
1226 4472 1254 4507 a
1281 4457 1587 4509 sanctissimo
1614 4459 1844 4522 postulavi
1873 4468 1925 4509 ut
1951 4460 2074 4523 typis
2101 4457 2368 4510 ederentur.
