3146 4973
1218 409 1378 457 ems
1422 408 1653 457 raim.
2432 397 2558 461 119

333 560 366 599 α
393 535 632 622 synodi
676 535 905 605 hsseri
959 536 1357 620 potuissent,
1415 554 1454 600 a
1491 532 1736 620 quibus
1772 551 2012 619 nempe
2046 536 2256 603 musto
2284 539 2561 619 maxima

327 675 363 712 a
397 670 547 735 pars
579 670 812 719 eorum
847 650 1180 729 abfuisset.
1212 650 1325 736 qui
1359 648 1507 735 jure
1541 669 1660 715 suo
1692 647 1952 733 judices
1980 659 2202 716 essent
2237 651 2416 719 fidei.
2459 655 2561 720 Sic

329 788 363 827 α
395 786 527 834 uno
563 768 703 833 ictu
738 764 1115 834 concideret
1162 764 1638 833 venerabilium
1680 782 1908 833 earum
1955 772 2238 850 quatuor
2280 768 2565 854 synodo-

329 905 361 944 «
393 902 538 949 rum
572 883 949 960 auctoritas,
998 901 1158 968 quas
1202 882 1379 957 omui
1425 879 1584 959 fide,
1626 882 1804 949 omni
1846 881 2195 950 devotione
2230 887 2561 971 suscipere

321 1021 359 1061 «α
387 999 744 1084 Gregorius
771 1001 1040 1083 Magnus
1063 999 1199 1087 (lib.
1229 1003 1295 1078 3,
1334 999 1527 1084 epist.
1570 996 1701 1081 10),
1744 1017 1825 1064 ac
1852 1000 2020 1064 sicut
2046 1009 2330 1081 quatuor
2359 1003 2565 1070 libros

321 1137 356 1175 ιι
385 1114 596 1180 sancti
627 1114 950 1198 evangelii
974 1115 1270 1198 recipere
1307 1113 1769 1197 profitebatur.
1807 1113 2144 1199 Perempti
2181 1134 2409 1183 earum
2442 1117 2562 1184 de-

324 1254 357 1292 «
387 1233 589 1298 cretis
648 1250 911 1298 errores
978 1233 1286 1298 continuo
1349 1231 1824 1297 reviviscerent
1843 1277 1860 1308 ,
1916 1239 2032 1296 aut
2076 1250 2114 1296 e
2160 1232 2450 1300 latibulis
2494 1237 2561 1303 in

323 1372 355 1410 a
383 1348 629 1433 quibus
677 1348 1004 1433 profligati
1041 1347 1471 1425 delitescunt,
1520 1365 1784 1413 rursum
1829 1356 2274 1433 erumpente&
2339 1350 2560 1418 clades

323 1488 354 1525 α
387 1466 856 1543 instaurarent,
903 1483 1067 1550 quas
1109 1464 1394 1550 primum
1434 1462 1843 1547 prodeuntes
1880 1464 2118 1530 misere
2155 1464 2465 1552 foedeque
2494 1468 2560 1535 in·

321 1603 354 1641 a
392 1580 693 1649 eeclesiis
723 1579 1091 1647 ediderant.

404 1718 437 1758 ι
481 1696 636 1763 Haec
664 1704 796 1762 tam
835 1702 1117 1774 vetusta,
1159 1702 1296 1762 tam
1331 1703 1638 1761 constans
1674 1694 2124 1765 habendnmm
2153 1699 2556 1784 synodorum

317 1836 349 1874 α
383 1813 559 1879 ratio
612 1811 969 1896 persuadet
1018 1812 1280 1879 omnino
1341 1810 1612 1897 hujusce
1664 1811 2081 1879 hierarchicae
2106 1815 2550 1897 ordinationiS,

315 1950 349 1989 α
382 1946 536 2014 qum
577 1926 810 2013 ¹judicii
856 1927 1319 1993 auctoritatem
1362 1928 1431 1992 in
1484 1928 1696 1993 causis
1736 1926 1897 1994 fidei
1925 1930 2258 2014 Episcopis
2288 1930 2551 2011 detulit,

315 2066 349 2103 α
383 2044 570 2110 initia
590 2062 721 2109 non
744 2041 1009 2109 aliunde
1034 2041 1337 2109 ducenda
1355 2061 1523 2121 esse,
1558 2061 1753 2128 quam
1777 2063 1860 2109 ex
1884 2045 2295 2112 institutione
2321 2047 2557 2115 Christi

316 2180 346 2218 α
379 2166 447 2225 et
488 2159 845 2243 apostolica
889 2157 1266 2225 traditione.
1319 2160 1580 2226 Revera
1635 2159 1952 2240 ChristuS,
1991 2166 2068 2229 ut
2099 2182 2182 2227 ex
2210 2164 2426 2230 Marco
2456 2162 2556 2230 di-

316 2296 347 2331 «
381 2274 628 2339 scimus
680 2273 847 2360 (cap.
906 2271 998 2357 3),
1056 2277 1380 2339 “cenam
1437 2281 1509 2339 in
1563 2282 1825 2339 monem
1878 2283 2115 2341 vocavit
2162 2282 2246 2343 ad
2302 2300 2364 2342 se
2409 2295 2555 2362 quos

314 2410 344 2447 α
377 2392 576 2454 veluit
609 2395 818 2470 ipse...
861 2397 922 2453 et
948 2392 1095 2470 fecit
1125 2397 1195 2452 ut
1215 2397 1409 2455 essm
1435 2393 1748 2455 duodecim
1779 2411 1912 2455 cum
1935 2395 2066 2472 illo,
2108 2401 2167 2457 et
2192 2401 2261 2458 ut
2288 2401 2555 2461 mitteret

314 2527 345 2566 α
376 2526 471 2570 eos
512 2508 879 2588 proedicare.
933 2505 1079 2586 Quo
1127 2524 1387 2589 semper
1428 2507 1840 2574 intellectum
1881 2515 2003 2588 est,
2046 2508 2446 2592 praedicandi
2475 2532 2551 2580 ac

312 2641 342 2678 «
374 2618 662 2686 docendi
697 2638 935 2687 munus
981 2629 1051 2686 et
1086 2620 1387 2700 officinm,
1424 2622 1616 2688 simul
1655 2642 1807 2688 cum
1832 2623 1992 2690 fidei
2035 2623 2355 2709 deposito,
2386 2630 2553 2714 Apo-

313 2759 342 2795 «
375 2736 584 2813 stolis.
627 2753 988 2822 eorumque
1036 2737 1515 2805 successoribus
1558 2739 1913 2824 Episcopis,
1946 2745 2245 2823 peculiari
2288 2749 2550 2826 qaudam

312 2873 344 2911 «
370 2860 612 2918 racione
643 2853 736 2918 sic
765 2851 1235 2922 demandatum
1273 2872 1437 2933 esse,
1471 2861 1546 2920 ut
1584 2854 1667 2920 ab
1694 2856 1851 2939 ipsis
1878 2864 2190 2944 tanquam
2215 2867 2547 2944 proeetpuis

311 2990 343 3025 ιι
375 2967 569 3033 verbi
597 2967 1010 3051 praeconibus
1051 2969 1423 3053 evangelica
1459 2967 1781 3048 doctrina,
1818 2990 1968 3036 cum
2008 2991 2162 3040 sana
2194 2975 2545 3043 verborum

311 3103 345 3144 a
377 3083 632 3162 formas
650 3085 719 3149 iu
747 3084 1128 3149 universum
1165 3084 1393 3150 orbem
1431 3093 1500 3151 et
1528 3085 1596 3150 in
1625 3103 1817 3152 omne
1854 3093 2117 3171 tempus
2154 3109 2548 3177 propagare-

311 3223 341 3258 «
381 3207 514 3266 tur.
543 3200 711 3266 Hinc
736 3197 1086 3282 Apostolus
1121 3199 1178 3286 (I
1195 3201 1375 3278 Gor„
1401 3220 1461 3267 v.
1501 3197 1605 3283 17)
1638 3203 1904 3268 missum
1935 3222 2005 3270 se
2034 3207 2146 3282 ait,
2179 3226 2312 3274 non
2338 3208 2547 3292 bapti-

307 3338 339 3373 «
373 3335 549 3394 nam,
581 3314 706 3382 sed
730 3314 1090 3399 praedicare
1121 3338 1134 3381 :
1173 3316 1322 3382 hinc
1345 3317 1735 3400 Episcopum
1774 3321 2073 3384 doctorem
2113 3320 2197 3386 ab
2236 3321 2545 3406 Apostolo

311 3453 341 3488 «
375 3433 706 3500 nominari
732 3431 1043 3498 observat
1087 3433 1541 3517 Hieronymus.
1586 3432 1780 3513 Quod
1814 3442 2035 3500 sancte
2069 3434 2237 3502 adeo
2273 3437 2357 3502 ab
2403 3438 2544 3522 ipso

307 3570 341 3605 a
371 3548 677 3616 Ecclesiae
711 3549 1039 3615 nascentis
1074 3545 1347 3616 exordio
1377 3554 1715 3614 servatum
1751 3556 1874 3630 est,
1917 3558 1995 3616 ut
2038 3570 2170 3618 non
2210 3554 2317 3620 alii
2346 3573 2538 3642 quam

309 3685 340 3722 α
369 3665 675 3749 Episcopi
707 3665 1246 3731 concionarentur
1275 3666 1343 3730 in
1372 3663 1681 3744 ecclesiis,
1706 3685 1835 3732 uec
1860 3667 1983 3732 nisi
2018 3668 2327 3756 Episcopi
2350 3672 2535 3758 jussu

301 3802 341 3838 ..ι
373 3799 447 3846 ac
489 3778 806 3846 mandato
851 3779 1260 3865 preshyteris
1307 3779 1726 3865 postmodnm
1780 3782 2054 3850 facultas
2094 3787 2408 3869 permissa
2459 3791 2542 3856 sit

311 3915 341 3950 α
373 3893 568 3979 hujus
604 3894 893 3962 muneris
922 3893 1249 3980 obeundi5
1289 3897 1401 3974 sic,
1444 3901 1522 3961 nt
1551 3897 1746 3980 plane
1791 3903 2120 3967 constaret
2148 3921 2292 3967 >non
2348 3904 2539 3974 aliam

313 4029 344 4067 α
373 4008 454 4076 ab
483 4009 646 4094 ipsis
677 4008 1050 4076 doctrinam
1094 4010 1275 4095 plebi
1315 4010 1705 4078 tradendam
1740 4012 1974 4108 fuisse,
2031 4033 2225 4101 quam
2260 4036 2404 4103 quoe
2453 4022 2536 4090 ab

314 4144 343 4183 α
375 4124 698 4210 Episcopo
719 4123 985 4204 tradita,
1023 4134 1138 4191 aut
1163 4134 1346 4193 certe
1375 4128 1653 4210 probata
1678 4135 1877 4196 esset.
1900 4129 2064 4196 Hinc
2091 4127 2474 4200 Coelestinus
2502 4138 2537 4206 1

314 4262 341 4294 ι
379 4238 594 4324 (epist.
655 4243 729 4306 21
785 4240 873 4306 ad
917 4241 1266 4326 Episcopos
1308 4243 1684 4326 Galliarum,
1738 4244 1916 4329 apud
1960 4247 2324 4334 Constant),
2385 4269 2532 4322 cum

315 4376 345 4412 a
376 4374 504 4421 non
534 4356 674 4422 sine
709 4376 946 4441 magno
972 4376 1257 4426 moerore
1290 4379 1328 4425 a
1369 4362 1607 4427 sanctis
1644 4361 1801 4428 viris
1835 4361 2157 4447 Prospero
2188 4374 2261 4431 et
2290 4365 2535 4432 Hilario

319 4489 350 4530 α
369 4471 817 4552 intellexisset,
877 4476 1281 4574 presbyteris
1327 4478 1720 4563 quibusdam
1776 4480 1905 4548 illic
1956 4487 2210 4547 tantum
2265 4483 2530 4566 impunc
