3146 4973
592 351 710 415 124
1262 362 1640 410 macutus
1684 361 1775 410 nr.
1814 361 2150 412 rmocno.

589 514 625 553 «
658 499 820 558 tom.
853 494 919 569 2,
953 488 1116 558 edit.
1150 491 1384 555 venet.
1428 483 1650 570 1721),
1692 486 2003 553 Petavius
2032 487 2130 572 (de
2158 491 2523 555 Hier-archia
2551 494 2804 573 Eodem,

590 630 625 669 α
659 609 707 675 l.
741 611 806 686 4,
844 627 904 674 c.
940 610 1002 685 2,
1039 626 1108 672 ιι.
1158 609 1221 683 5,
1262 612 1315 670 t.
1351 608 1393 671 6
1466 622 1616 688 pag.
1671 606 1819 683 178,
1850 603 2017 672 edit.
2055 605 2289 674 Venet.
2321 606 2542 692 1757),
2576 609 2816 676 Natalis

591 747 625 786 «ι
660 722 1029 791 Alexander
1082 721 1381 809 (Historia
1431 722 1655 785 Eccles.
1712 724 1797 785 ad
1843 724 2048 785 soeeul.
2087 741 2177 800 ιν,
2238 721 2495 790 dissert.
2533 725 2713 803 44‚t.
2743 727 2809 803 4,

590 863 625 900 «
659 858 808 925 pag.
850 842 1006 917 618,
1038 836 1204 905 edit.
1225 839 1457 904 Venet.
1490 833 1922 920 1776),Veith
1958 837 2249 924 (Richerii
2274 848 2535 923 systema
2553 844 2811 922 consul„

589 978 625 1017 «
658 962 821 1021 sect.
857 958 921 1033 2,
958 960 991 1033 s
1019 956 1125 1032 54,
1159 973 1226 1018 ιι.
1262 951 1399 1037 46),
1436 953 1787 1037 Bolgenius
1824 953 2064 1039 (Esame
2096 957 2261 1019 della
2301 976 2444 1019 vera
2488 960 2631 1021 idea
2654 960 2820 1021 della

588 1093 621 1130 «
654 1074 841 1135 Sante
865 1073 1038 1149 Sede,
1078 1089 1145 1134 n.
1171 1072 1194 1133 l
1222 1076 1291 1135 et
1307 1086 1473 1152 seq„
1507 1074 1577 1134 et
1614 1069 1681 1133 in
1708 1068 1908 1133 citato
1943 1068 2116 1136 libro
2142 1074 2428 1152 Risposta
2449 1074 2515 1135 al
2536 1078 2808 1153 quasito,

589 1209 626 1247 α
654 1207 790 1251 cosa
822 1192 855 1250 e
881 1207 967 1251 un
986 1189 1349 1269 appellante,
1388 1205 1454 1250 n.
1484 1186 1615 1251 279
1638 1191 1710 1250 et
1738 1182 1926 1269 437).
1949 1186 2114 1251 Sane
2146 1185 2454 1264 docendi,
2480 1186 2812 1270 pascendi,

589 1324 624 1363 α
657 1301 929 1386 regendi
948 1308 1234 1386 potestas
1261 1320 1396 1367 non
1437 1299 1866 1385 presbyteris,
1927 1297 2049 1365 sed
2079 1299 2417 1384 Apostolis‚
2460 1320 2817 1387 eorumque

591 1439 626 1478 «
662 1416 1140 1484 successoribus
1174 1436 1213 1482 a
1243 1415 1496 1481 Christo
1526 1412 1682 1479 data
1714 1419 1841 1479 est.
1891 1414 2165 1498 Semper
2201 1416 2627 1482 ecclesiarum
2655 1418 2820 1501 regi·

591 1554 626 1593 «
660 1534 815 1598 mini
843 1541 912 1599 et
958 1530 1496 1600 administrationi
1535 1531 1836 1614 Episcopi
1876 1536 2029 1596 sunt
2076 1532 2434 1617 praepositi,
2470 1552 2601 1599 non
2628 1550 2819 1617 pres-

592 1672 625 1709 «
661 1649 905 1734 hyteri.
941 1650 1015 1715 In
1041 1647 1329 1713 conciliis
1364 1646 1777 1712 oecumenicis
1805 1645 1889 1711 ab
1928 1647 2260 1731 Episcopis
2299 1645 2553 1714 editum
2588 1655 2690 1714 est
2709 1646 2819 1733 ju-

592 1786 626 1824 «
662 1763 932 1842 dicium,
951 1761 1130 1849 quod
1151 1762 1510 1827 christianis
1533 1761 1834 1828 omnibus
1859 1762 2156 1828 veritatis
2179 1762 2329 1828 loco
2351 1781 2491 1829 esse
2514 1762 2812 1831 deberet.

589 1902 623 1939 «
666 1880 876 1965 Atque
913 1878 985 1944 id
1025 1877 1190 1945 adeo
1242 1895 1476 1944 verum
1533 1882 1658 1955 est,
1709 1883 1787 1942 ut
1837 1895 2100 1960 semper
2156 1878 2447 1944 Ecclesia
2494 1880 2821 1963 generalia

592 2018 625 2055 «
667 1995 941 2061 concilia
953 1993 1395 2078 designaverit
1420 1999 1679 2059 tantum
1700 2010 2010 2076 expresso
2026 2012 2301 2059 numero
2322 1995 2812 2080 Episcoporum,

602 2134 635 2171 «
668 2111 784 2196 qui
809 2111 890 2176 iis
921 2110 1385 2176 interfuerant.
1429 2111 1529 2175 Ita
1556 2125 1706 2174 cum
1743 2115 2062 2174 memorat
2104 2109 2454 2193 Episcopus
2503 2114 2659 2188 318,
2709 2119 2824 2178 aut

597 2250 626 2282 α
667 2226 1024 2309 Episcopos
1055 2227 1209 2303 600,
1237 2224 1549 2308 intelligit
1579 2223 1928 2289 concilium
1953 2224 2293 2290 Nicoenum
2317 2232 2433 2290 aut
2470 2225 2825 2293 Chalcedo-

599 2363 633 2401 «
664 2360 886 2418 nense,
926 2340 1229 2424 quoniam
1258 2359 1296 2404 a
1323 2336 1605 2405 totidem
1625 2338 1958 2422 Episcopis
1991 2337 2125 2405 duo
2160 2339 2269 2405 illa
2307 2341 2573 2406 concilia
2596 2342 2825 2407 consti·

596 2478 630 2518 «
661 2462 963 2522 tuuntur.
1003 2452 1197 2536 Quod
1223 2454 1277 2521 si
1306 2453 1629 2539 aliquibus
1649 2453 1937 2521 conciliis
1953 2455 2147 2521 etiam
2171 2454 2596 2540 presbyteros
2621 2456 2825 2523 inter-

597 2596 630 2635 «
665 2573 863 2640 fuisse
896 2578 1169 2651 constat,
1197 2570 1266 2638 id
1297 2573 1540 2639 factum
1573 2577 1695 2647 est,
1736 2573 1953 2639 velex
1980 2590 2298 2639 consensu
2322 2575 2811 2658 Episcoporum‚

604 2713 637 2752 α
671 2690 907 2776 quibus
935 2697 1154 2756 certos
1190 2689 1614 2774 presbyteros
1641 2707 1880 2755 vocare
1894 2689 2169 2772 placuit,
2194 2690 2310 2773 qui
2329 2690 2642 2773 sapientia
2659 2708 2823 2774 prae·

605 2827 641 2865 «
675 2811 924 2872 starent
943 2853 959 2883 ,
1009 2804 1119 2869 vel
1166 2809 1241 2869 ut
1291 2802 1654 2870 absentium
1700 2805 2166 2887 Episcoporum
2207 2805 2382 2870 vices
2424 2812 2695 2888 agerent
2714 2803 2823 2890 (Ut

597 2945 630 2984 «
663 2925 900 2987 ostendi
923 2927 990 2985 in
1015 2923 1475 3003 proleqomenis,
1515 2939 1576 2985 c.
1602 2924 1668 2998 3,
1708 2926 1740 2998 5
1777 2922 1886 2998 40,
1923 2939 1989 3005 p.
2020 2922 2128 2998 36,
2165 2923 2325 2986 tomi
2359 2918 2446 3005 1).
2474 2921 2640 2987 Hinc
2670 2922 2822 3005 Epi-

596 3063 629 3098 «
665 3039 845 3123 scopi
886 3034 1390 3104 subscribebant
1437 3034 1559 3102 hac
1600 3036 1882 3102 formula
1910 3040 1991 3102 N.
2029 3039 2358 3119 Episcopus
2372 3039 2663 3120 judicans
2693 3040 2825 3101 sab-

597 3179 631 3217 «
665 3159 923 3237 scripsi‚·
967 3151 1087 3219 sed
1138 3171 1178 3217 a
1229 3150 1820 3235 subscriptionibus
1869 3151 2411 3236 presbyterorum
2463 3152 2695 3219 aberat
2754 3163 2821 3223 τὸ

595 3297 629 3335 «
648 3276 968 3357 judieans;
997 3277 1076 3335 ut
1116 3274 1379 3353 pateret
1423 3268 1492 3334 in
1528 3270 1814 3335 conciliis
1858 3269 2214 3354 Episcopos
2263 3271 2528 3354 proprie
2569 3267 2824 3354 judices

597 3413 631 3452 «
666 3408 833 3456 esse.
860 3389 945 3454 Et
967 3388 1036 3452 in
1066 3384 1342 3451 concilio
1369 3382 1883 3450 Chalcedonensi
1922 3385 2074 3471 (act.
2117 3388 2176 3462 1,
2211 3384 2336 3450 col.
2381 3387 2537 3463 886,
2562 3388 2722 3449 tom.
2751 3385 2818 3460 4,

599 3530 633 3566 «
669 3503 1068 3572 collectionis
1101 3496 1381 3583 Labboei)
1417 3499 1747 3565 hahentur
1782 3499 1920 3565 haec
1953 3521 1967 3565 ε
2002 3503 2167 3581 foras
2197 3506 2427 3564 mittite
2458 3501 2815 3582 superfluos,

596 3643 629 3680 «
664 3622 980 3684 concilium
1015 3621 1456 3699 Episcoporum
1498 3622 1612 3678 est.
1641 3613 1804 3680 Rem
1850 3614 2234 3681 concludam
2276 3614 2556 3699 egregiis
2601 3614 2825 3679 verbis

597 3762 627 3796 α
665 3736 824 3802 cleri
849 3734 1139 3818 gallicani
1162 3732 1359 3819 (Actes
1383 3734 1472 3796 du
1487 3733 1684 3814 clerqe
1709 3735 1785 3796 de
1818 3735 2069 3812 Franoe,
2092 3740 2252 3798 tom.
2294 3735 2397 3809 12,
2420 3749 2577 3815 pag.
2614 3733 2812 3807 1760,

595 3874 628 3912 α
663 3849 824 3917 edit.
850 3849 1054 3915 Paris.
1086 3845 1306 3932 1740).
1327 3852 1409 3912 Le
1436 3850 1627 3912 calme
1647 3851 1824 3929 apres
1847 3849 2036 3928 lequel
2064 3867 2212 3910 noue
2243 3852 2559 3929 sonpirons
2580 3865 2655 3909 ne
2678 3865 2820 3908 saw-

597 3990 630 4029 «
665 3973 788 4031 rait
826 3986 888 4030 se
914 3973 1157 4030 trouver
1194 3985 1306 4047 que
1334 3968 1489 4029 dam
1516 3966 1579 4026 la
1603 3968 1957 4027 soumission
1975 3982 2104 4026 aux
2132 3965 2369 4026 deerets
2408 3965 2487 4026 de
2527 3964 2589 4025 la
2620 3964 2731 4041 soi,
2764 3969 2824 4024 et

597 4108 629 4145 «
661 4088 816 4149 dans
844 4084 1226 4147 l'obeissance
1261 4085 1301 4145 ὰ
1343 4100 1495 4145 ceux
1524 4085 1726 4162 quien
1760 4087 1895 4143 sont
1927 4082 2012 4143 les
2027 4084 2247 4162 juqes:
2277 4099 2341 4141 ce
2368 4085 2504 4142 sont
2559 4080 2643 4141 les
2678 4063 2826 4140 Eve-

597 4224 631 4262 «
665 4222 806 4283 ques
832 4207 892 4264 et
923 4203 1008 4263 les
1035 4186 1299 4280 E‘veques
1321 4200 1515 4260 seuls:
1544 4201 1689 4260 c’est
1713 4199 1754 4259 ὰ
1786 4215 1907 4259 etz-v
1936 4198 2089 4277 qu'il
2122 4200 2472 4277 appartient
2493 4196 2635 4257 d'en
2663 4195 2824 4256 deci-

596 4339 632 4377 «
664 4320 774 4382 der
803 4319 889 4380 les
909 4318 1170 4397 domne-3,
1204 4316 1281 4377 de
1307 4315 1392 4376 les
1419 4318 1751 4395 ert-semer,
1779 4314 1856 4375 de
1886 4314 1971 4375 les
2008 4313 2347 4392 expliquer,
2385 4313 2460 4373 de
2489 4311 2575 4372 les
2601 4327 2824 4390 paran-

599 4457 633 4493 «
667 4438 773 4511 cir,
811 4435 951 4496 d’en
980 4432 1209 4494 etablir
1243 4431 1578 4511 e'yalememc
1628 4430 1690 4491 la
1719 4430 2013 4491 certitude
2049 4433 2108 4488 et
2141 4426 2600 4501 l'eemne‘nr'cite',
2634 4431 2691 4485 el
2720 4424 2822 4502 d'y
