3146 4973
1210 310 1368 356 uas
1413 309 1730 358 suenum.
2460 297 2585 359 293

363 458 394 492 α
427 434 925 516 secundarium3
957 442 1027 500 et
1056 436 1148 499 sic
1175 435 1383 500 citare
1414 452 1535 518 per
1552 434 1880 516 proclama
1902 453 2020 500 seu
2052 434 2341 501 edictum
2365 455 2590 503 omnes

363 576 395 611 α
427 558 497 618 et
522 571 965 638 quoscumque
997 570 1111 617 sua
1142 553 1461 618 iuteresse
1493 559 1802 635 putantes
1827 574 1862 614 n
1899 552 1986 638 (in
2014 554 2308 636 regulam
2334 556 2417 619 22
2439 573 2587 619 can-

357 668 538 745 cell„
574 688 642 734 n.
678 666 817 752 39).

446 785 845 851 PnoPoslTlo
876 784 1074 848 VIIP.
1117 820 1199 831 --
1225 788 1297 848 Si
1342 783 1692 861 beneficium
1712 831 1728 860 ‚
1763 784 2069 865 parochiae
2103 786 2430 847 uniendum
2452 833 2467 861 ,
2503 792 2588 848 sit

341 908 509 986 juris
538 906 923 980 patronatus,
952 906 1285 979 requiritur
1304 904 1559 980 patroni
1590 917 1923 962 consensus.
1950 935 2039 945 -—
2056 900 2214 963 Nam
2239 918 2321 963 ex
2346 918 2584 984 praece·

358 1016 545 1081 denti
575 1013 1038 1097 propositione,
1058 1032 1326 1079 necesse
1356 1019 1457 1076 est
1479 1013 1670 1078 citari
1698 1021 1766 1078 et
1790 1014 2106 1078 assentire
2140 1032 2275 1092 eOS,
2305 1033 2583 1099 quorum

357 1132 654 1196 interest.
681 1131 888 1194 Porro
918 1134 1231 1211 patronus
1266 1136 1366 1192 est
1399 1130 1726 1212 praecipue
1758 1127 1841 1193 de
1870 1128 1948 1192 iis
1973 1146 2250 1213 quorum
2279 1130 2581 1213 interest3

358 1242 677 1328 siquidem
701 1261 822 1327 per
851 1241 1150 1308 beneficii
1176 1224 1477 1307 unionem
1508 1243 1748 1307 amittit
1771 1260 1959 1307 suum
1986 1241 2093 1328 jus
2116 1244 2578 1325 praesentandi.

351 1361 594 1425 ‘sextus
638 1366 857 1424 autem
902 1358 1101 1444 juriS,
1145 1357 1382 1442 quibus
1418 1375 1705 1440 praesens
1742 1357 2067 1423 conclusio
2108 1356 2164 1441 (a
2204 1355 2585 1425 doctoribus

349 1474 739 1541 unanimiter
771 1471 1058 1556 recepta)
1095 1471 1360 1557 probari
1391 1472 1579 1548 solet,
1616 1479 1769 1537 sunt
1813 1473 2138 1555 praecipue
2183 1479 2532 1557 sequentes
2563 1493 2575 1536 ε

352 1595 551 1674 caput
602 1593 958 1670 Suqqestum
997 1591 1105 1666 20,
1147 1591 1222 1652 de
1255 1592 1403 1651 lure
1437 1595 1825 1669 patronatus,
1868 1587 1982 1652 ubi
2019 1586 2284 1664 dicitur,
2320 1608 2454 1651 cum
2489 1609 2582 1650 as-

350 1725 525 1769 sensu
551 1709 885 1787 patroni...
931 1723 1215 1766 consensu
1253 1705 1505 1765 domini.
1557 1703 1768 1785 Caput
1799 1705 2136 1765 Pastor-alis
2175 1711 2237 1782 7,
2279 1706 2354 1766 de
2381 1706 2581 1766 Dona-

352 1822 634 1898 tionibus,
675 1818 787 1883 ubi
816 1817 1119 1893 habetur,
1155 1821 1229 1881 de
1268 1836 1551 1880 consensu
1575 1822 1841 1895 patroni.
1895 1816 2105 1899 Caput
2145 1819 2186 1881 6
2218 1816 2515 1883 sessionis
2542 1826 2573 1882 7

350 1934 739 2001 Tridentinae
770 1932 1027 2018 synodi,
1082 1931 1193 1997 ubi
1224 1930 1364 1996 haec
1398 1931 1707 2007 clausula,
1743 1937 1970 1994 vocatis
2007 1952 2258 2012 quorum
2304 1940 2572 1997 interest.

350 2052 432 2117 Et
471 2057 668 2134 caput
704 2052 782 2114 15
820 2042 1120 2115 sessionis
1166 2049 1247 2114 24
1300 2045 1595 2131 ejusdem
1645 2045 1904 2130 synodi,
1944 2045 2055 2111 ubi
2089 2048 2331 2112 iterum
2364 2047 2581 2114 condi-

348 2167 442 2230 tio
470 2164 631 2242 haze,
670 2184 803 2228 cum
826 2171 1223 2245 patronorum
1267 2181 1576 2241 consensu,
1620 2168 1675 2224 si
1712 2164 1787 2225 de
1817 2168 1963 2244 jure
1999 2169 2363 2244 patronatus
2395 2167 2579 2227 laico-

351 2300 486 2343 rum
520 2285 667 2343 sint.

438 2397 613 2460 Dum
645 2400 865 2458 autem
899 2389 1147 2456 dicitur
1188 2391 1430 2475 requiri
1483 2394 1744 2474 patroni
1789 2408 2193 2470 consensum,
2237 2389 2308 2456 id
2341 2391 2579 2457 intelli·

349 2508 633 2595 gendum
659 2509 855 2574 etiam
893 2506 979 2573 de
1004 2506 1152 2591 jure
1176 2514 1558 2590 patronatus
1588 2511 2002 2584 ecclesianam,
2037 2515 2263 2573 tenent
2293 2527 2580 2573 commu-

348 2627 495 2692 nius
518 2624 857 2706 doctores3
895 2629 1124 2687 contra
1157 2641 1417 2706 paucos,
1465 2624 1577 2707 qui
1624 2624 2076 2689 necessitatem
2109 2642 2456 2690 consensus
2492 2623 2578 2690 ad

343 2743 450 2827 jus
480 2747 857 2825 patronatus
884 2738 1108 2804 laicale
1142 2740 1509 2804 restrictam
1555 2740 1802 2805 volunt.
1842 2742 1940 2806 De
1970 2758 2101 2825 quo
2137 2737 2287 2805 vide
2325 2740 2580 2824 Riganti

352 2858 441 2942 (in
463 2855 753 2939 regulam
782 2856 866 2919 22
905 2852 1327 2929 cancellariae,
1365 2873 1430 2917 n.
1460 2855 1534 2917 41
1571 2862 1637 2918 et
1666 2853 1858 2939 seq.).

438 2973 833 3038 Pnoposmo
877 2971 1011 3036 IX2.
1055 3005 1145 3016 -
1174 2975 1245 3035 Si
1290 2973 1535 3033 ecclesia
1573 2973 1946 3052 parochialis
1986 2976 2249 3037 unienda
2295 2980 2378 3036 sit
2409 2979 2577 3057 juris

339 3094 725 3170 patronatus,
761 3093 817 3150 et
844 3093 1148 3168 patronus
1191 3088 1344 3148 nolit
1386 3092 1716 3149 consentire
1747 3093 1980 3166 unioni,
2016 3097 2073 3151 et
2119 3092 2447 3170 Episcopus
2475 3110 2579 3152 ne-

346 3211 524 3286 queat
557 3204 863 3285 parochiae
904 3205 1074 3265 illius
1110 3207 1451 3264 necessitati
1485 3203 1795 3265 subvenire
1839 3206 2116 3267 remediis
2160 3206 2447 3268 indicatis
2483 3226 2578 3268 ca·

339 3326 473 3402 pite
509 3320 586 3385 13
612 3338 756 3382 sess.
796 3319 876 3382 24
911 3320 1277 3404 Triglentinoe
1321 3320 1558 3401 synodi,
1599 3325 1799 3399 potest
1830 3320 1973 3381 talis
2002 3326 2298 3400 patronus
2332 3327 2462 3402 coyt·
2500 3326 2575 3386 ab

348 3440 636 3519 Episcopo
679 3436 763 3499 ad
814 3436 1319 3511 consentiendum,
1386 3435 1483 3496 vel
1547 3436 1631 3497 ad
1684 3437 2063 3499 tribuendum
2105 3441 2459 3499 necessaria.
2487 3471 2576 3484 -·—

352 3573 384 3609 «
416 3548 610 3633 Quod
655 3548 730 3627 si,
764 3549 829 3612 in
878 3566 1030 3614 casu
1084 3546 1391 3630 denegati
1428 3566 1551 3631 pro
1594 3548 1831 3615 unione
1892 3568 2243 3615 consensus
2286 3552 2567 3633 patroni,

353 3688 387 3726 α
415 3662 909 3731 necessitatibus
956 3663 1183 3728 talium
1220 3662 1682 3744 parochialium
1735 3666 2033 3730 succurri
2059 3683 2189 3731 non
2214 3672 2434 3748 potest
2467 3684 2572 3732 re-

354 3799 387 3836 «
419 3775 650 3841 mediis
687 3776 912 3858 positis
948 3775 1159 3859 capite
1205 3776 1280 3839 13
1336 3774 1636 3838 sessionis
1678 3776 1785 3852 24,
1832 3776 2136 3859 compelli
2163 3785 2433 3859 possunt
2458 3797 2572 3861 pa·-

353 3916 385 3953 «
420 3892 596 3957 troni
623 3891 882 3957 illarum
910 3889 1329 3955 ecclesiarum
1362 3887 1447 3953 ad
1476 3888 1910 3972 praestandam
1938 3909 2289 3973 congruam
2317 3900 2570 3959 susten-

353 4031 385 4067 «
428 4008 740 4074 tationem
786 4004 1082 4082 rectoris,
1139 4004 1245 4069 vel
1293 4001 1801 4088 permittendam
1852 4004 2197 4088 unionem3
2239 4010 2314 4070 ut
2370 4004 2568 4073 hahet

354 4149 386 4188 «
423 4124 630 4191 altera
674 4120 970 4207 ejusdem
1009 4122 1214 4186 Sacrae
1259 4117 1790 4205 congregationis
1828 4119 2200 4187 declaratio.
2229 4143 2262 4183 »
2308 4121 2565 4208 (Leute-

347 4243 530 4318 nius‚
569 4245 788 4306 Forum
839 4238 1208 4318 beneficiate,
1251 4245 1439 4321 parte
1484 4240 1538 4315 1,
1579 4256 1642 4322 q.
1695 4240 1851 4315 162,
1883 4258 1951 4303 n.
2002 4235 2088 4319 1.)
2129 4237 2318 4304 Idem
2360 4237 2562 4304 tradit

348 4359 631 4440 Layman
674 4355 779 4440 (ad
817 4361 1013 4439 caput
1051 4356 1115 4432 4,
1149 4358 1222 4417 de
1260 4358 1464 4417 AEtate
1490 4361 1548 4417 et
1570 4357 1735 4435 qual.
1763 4358 1972 4437 praefi,
2005 4374 2071 4420 n.
2113 4352 2201 4440 4).
