3146 4973
1246 405 1577 455 Arnum
1622 405 1694 453 u.
2460 387 2585 451 677

361 532 438 592 de
483 535 650 612 cujus
684 532 973 606 moribus,
1010 537 1069 592 et
1115 532 1464 609 idoneitate,
1495 548 1610 610 per
1638 532 1762 594 Nos
1791 536 1851 592 et
1879 535 2324 595 examinatores
2358 536 2594 593 nostros

362 651 688 726 recoquit&
753 648 1084 727 plurimum
1150 651 1217 708 in
1272 649 1527 709 Domino
1575 646 1958 724 confidimus,
2020 652 2087 709 in
2129 648 2376 709 ecclesia
2419 665 2597 727 paro-

359 763 549 823 chiali
589 764 671 825 Ν.
711 764 827 824 loci
880 765 959 825 Ν.
1004 768 1071 824 in
1123 781 1243 841 qua
1301 764 1382 826 Ν.
1430 761 1772 841 parochus,
1826 763 1965 824 licet
2010 766 2154 824 vitoe
2199 762 2485 837 honestae,
2521 763 2594 824 ob

361 877 532 938 illius
582 881 949 958 imperitiam
986 885 1044 939 et
1080 878 1547 939 illitteraturam
1583 877 1824 939 inutilis
1871 878 2138 939 detectus
2180 878 2327 955 fuit,
2360 878 2598 957 coadju-

364 998 569 1066 torem,
596 1011 698 1053 seu
732 998 1181 1073 procuratorem
1234 992 1429 1069 illius,
1468 996 1706 1072 ejusque
1754 993 2032 1067 ecclesiae,
2068 998 2127 1054 et
2179 1010 2360 1069 curoe,
2397 999 2598 1055 aucto-

361 1111 545 1168 ritate
594 1108 936 1187 Apostolica
977 1108 1162 1170 Nobis
1209 1107 1508 1186 deleqata,
1572 1114 1772 1168 tenore
1812 1112 2227 1187 prementium,
2275 1111 2594 1169 constitui-

359 1240 492 1282 mus
511 1267 528 1296 ,
581 1229 640 1283 et
694 1224 1053 1301 deputamus
1070 1243 1095 1296 ‚·
1147 1240 1280 1284 cum
1340 1240 1604 1301 conqrua
1656 1222 1912 1282 ecclesioe
1968 1224 2272 1300 fructuum
2318 1226 2596 1302 portione

359 1344 772 1415 scutorum...,
799 1343 1115 1400 annuatim-
1161 1339 1273 1399 tibi
1320 1337 1395 1398 ab
1441 1338 1642 1398 eodem
1679 1339 1755 1400 N.
1781 1337 2046 1417 parocho
2086 1339 2269 1399 libere
2300 1356 2417 1417 pro
2454 1344 2594 1400 rata

359 1455 625 1532 qualibet
674 1473 868 1517 mense
887 1455 1318 1535 persolv-maa,-
1345 1471 1478 1514 cum
1521 1454 1882 1532 obliqatione
1930 1459 2129 1516 tamen
2174 1455 2286 1515 tibi
2323 1457 2596 1534 injuncta

360 1570 686 1648 residendi,
731 1589 911 1632 onera
952 1588 1110 1631 curce
1144 1570 1507 1647 sustinendi,
1550 1575 1612 1630 et
1652 1587 1785 1630 cum
1822 1570 2008 1649 plena
2052 1570 2344 1648 facultate
2385 1570 2598 1631 divina

360 1684 558 1762 officia
611 1690 669 1746 et
725 1685 1105 1765 parochiales
1155 1686 1495 1763 functiones
1555 1685 1937 1761 celebrandi,
1993 1690 2368 1746 sacramenta
2417 1688 2603 1746 mini-

361 1801 625 1876 strandi,
671 1805 730 1861 et
775 1800 902 1861 alia
932 1818 1112 1862 onera
1135 1805 1195 1861 et
1222 1803 1430 1861 munia
1472 1799 1749 1876 obeundi,
1798 1817 1930 1879 quat
1964 1804 2308 1861 animarum
2344 1801 2597 1879 quilibet

352 1914 657 1993 parochus
681 1917 866 1993 obire,
902 1922 961 1977 et
982 1920 1275 1994 proesiare
1304 1914 1473 1976 solet.
1504 1915 1911 1976 Praesentibus
1951 1933 2135 1995 usque
2161 1932 2228 1974 eo
2248 1916 2591 1991 duraturis,

357 2031 542 2093 donec
577 2033 776 2094 dictus
812 2032 1111 2111 parochus
1148 2031 1368 2094 habilis
1398 2037 1457 2092 et
1485 2032 1737 2093 idoneus
1771 2034 2054 2111 reqimini
2082 2048 2243 2091 curoe
2272 2032 2588 2094 reddatur.

357 2180 449 2193 —-·
485 2150 563 2210 In
613 2167 902 2228 quorum,
960 2154 1076 2209 etc.
1111 2183 1202 2195 -—
1244 2150 1358 2223 Ν.,
1398 2148 1727 2227 Episcopus
1783 2148 1863 2210 N.
1906 2180 1996 2192 —-
2029 2150 2145 2223 Ν.,
2198 2148 2595 2208 cancellarius

359 2266 746 2343 episcopalis.
786 2298 874 2312 —
914 2263 999 2327 Et
1022 2269 1303 2346 ponatur
1331 2261 1613 2345 sigillum
1642 2268 1955 2327 consueto
1981 2260 2142 2327 loco.

1423 2541 1530 2604 vl.

352 2813 667 2861 PORMULA
744 2811 1078 2860 {Nummum
1147 2809 1515 2858 CONCURSUS
1585 2807 1711 2856 PRO
1783 2805 2128 2854 ECCCLESIA
2195 2805 2590 2854 PAnocnlAm

1308 2923 1627 2971 VACANTE.

446 3196 503 3256 N
507 3238 553 3266 .‚
592 3195 894 3272 episcopus
917 3191 995 3252 N.
1028 3186 1175 3271 (sive
1206 3188 1470 3247 vicarius
1508 3183 1807 3263 qeneralis
1835 3177 1945 3262 N.)
1970 3184 2324 3243 -Vacante
2350 3185 2588 3243 anima-

356 3327 492 3369 rum
534 3325 682 3368 ¹cura
722 3303 1095 3385 parochialis
1135 3301 1390 3363 ecclesiae
1427 3302 1506 3363 N.
1556 3300 1673 3360 loci
1724 3300 1800 3360 N.
1829 3315 1944 3377 per
1991 3297 2220 3358 obitum
2257 3299 2336 3359 N.
2381 3298 2586 3358 ultimi

353 3423 529 3484 illius
559 3425 937 3501 possessoris,
971 3421 1075 3498 qui
1101 3423 1281 3477 extra
1322 3418 1652 3477 Romanam
1689 3416 1922 3474 curiam
1951 3413 2111 3473 diem
2148 3429 2320 3472 suum
2363 3413 2587 3474 clausit

352 3543 686 3599 extremum
720 3553 740 3595 .·
792 3534 1053 3594 volentes
1096 3533 1219 3594 Nos
1266 3530 1342 3591 de
1386 3530 1596 3591 idoneo
1644 3545 1971 3588 successore
2019 3543 2177 3587 curoe
2224 3531 2284 3587 et
2329 3527 2586 3588 ecclesiae

346 3654 682 3734 proed-ictio,
727 3651 811 3712 ad
857 3651 1115 3729 formam
1152 3649 1314 3707 sacri
1357 3645 1599 3706 concilii
1633 3644 1978 3706 Tridentini
2007 3648 2065 3702 et
2092 3646 2586 3704 constitutionum

354 3773 551 3830 sancti
585 3770 690 3830 Pii
724 3768 796 3843 V,
829 3765 1171 3845 providere,
1210 3761 1318 3822 lias
1349 3760 1637 3822 edictales
1676 3760 1912 3820 litteras
1950 3762 2018 3818 in
2052 3758 2250 3835 forma
2275 3760 2575 3837 expediri,

350 3890 412 3946 et
456 3884 540 3944 ad
584 3882 795 3943 valvas
841 3880 1097 3940 ecclesioe
1130 3876 1501 3957 parochialis
1546 3877 1823 3935 vacantis
1853 3877 1912 3932 et
1953 3871 2330 3934 cathedralis
2371 3871 2575 3952 affiyi,

350 4008 413 4063 et
454 4000 757 4078 publicari
786 3996 1243 4070 mndavimus,·
1272 4003 1525 4071 quarum
1556 3992 1710 4050 serie
1735 4006 1932 4050 omnes
1960 3994 2019 4048 et
2049 3989 2343 4067 sinqulos,
2372 3989 2457 4050 ad
2492 4008 2589 4051 cu-

358 4136 493 4180 ram
521 4117 876 4195 praedictam
907 4116 1017 4188 sic,
1054 4115 1123 4172 ut
1163 4128 1369 4189 supra,
1406 4111 1717 4169 vacantem
1757 4122 2104 4165 concurrere
2145 4104 2574 4183 desiderantes,

355 4249 765 4307 convocamus,
793 4231 1173 4308 requirimus,
1202 4230 1261 4287 et
1289 4240 1612 4299 monemus,
1634 4226 1703 4283 ut
1727 4223 2074 4283 intermino
2093 4219 2291 4282 decem
2316 4220 2572 4297 dierum,

351 4370 394 4410 a
442 4350 543 4411 die
586 4346 897 4425 afflationis
940 4345 1255 4424 praesentis
1289 4338 1845 4419 computandorum,
1883 4354 2085 4398 coram
2127 4335 2310 4398 Nobis
2361 4339 2427 4395 in
2474 4334 2585 4396 hac

355 4466 603 4527 civitate
638 4464 723 4526 N.
761 4464 1165 4541 compareant,
1221 4458 1366 4519 dent
1412 4473 1522 4516 saa
1553 4458 1799 4518 nomina
1845 4459 1903 4515 et
1947 4455 2318 4534 coquomina,
2363 4457 2420 4513 et
2460 4469 2585 4512 sese
