3146 4973
1255 366 1415 416 »aas
1459 366 1689 416 emm.
2458 352 2582 418 223

442 486 832 571 Respondeo
854 490 959 555 3⁰2
992 489 1182 574 parvi
1207 487 1294 555 ad
1317 506 1461 555 rem
1481 491 1729 571 facere,
1748 497 2012 557 curatos
2036 489 2124 557 ad
2149 499 2387 558 nutum
2408 508 2591 560 amo-

352 601 582 667 vibiles
620 604 1019 669 vicariorum
1081 606 1345 671 nomine
1404 608 1650 672 rectius
1698 624 1894 691 quam
1943 606 2386 690 parochorum
2416 607 2589 673 desi-

351 719 535 802 gnari
569 739 583 783 :
619 727 762 784 esto
779 767 795 797 ,
845 728 921 785 ut
966 720 1165 785 vultis
1181 770 1197 799 ,
1246 722 1518 787 vicarios
1560 721 1919 789 debeamus
1962 722 2285 807 ejusmodi
2329 731 2588 789 curatos

351 835 639 901 vocitare
679 857 694 901 :
741 835 1093 920 probatum
1144 846 1441 903 remanet
1486 856 1675 920 posse
1728 840 1794 903 in
1838 845 1979 903 tota
2024 837 2294 906 dioecesi
2333 838 2588 905 nullum

351 950 510 1033 erigi
546 959 948 1035 perpetuum
983 951 1378 1018 beneficium
1426 960 1775 1019 curatum:
1816 972 2006 1038 posse
2049 954 2354 1019 omnibus
2391 972 2587 1039 paro·

351 1064 508 1129 chiis
529 1065 614 1131 eb
644 1067 966 1152 Episcopo
997 1067 1243 1152 praefici
1280 1068 1709 1152 presbyteros
1741 1067 1825 1135 ad
1873 1077 2109 1134 nutum
2158 1069 2580 1148 revocabiles,

350 1181 462 1264 qui
492 1196 713 1247 curam
744 1189 1099 1248 exerceant
1139 1205 1153 1247 z
1190 1189 1388 1268 atque
1429 1181 1500 1248 id
1529 1182 1926 1248 Tridentinis
1966 1182 2255 1250 decretis
2288 1185 2585 1268 perfecte

348 1296 696 1393 quadrare.
727 1296 790 1361 Si
826 1297 951 1364 hoc
989 1296 1388 1376 concedatis,
1430 1306 1631 1381 prout
1677 1298 2046 1365 concedere
2100 1294 2392 1380 debetis,
2434 1304 2589 1366 satis

349 1419 450 1476 est
485 1433 499 1476 :
540 1412 733 1479 vobis
782 1415 1239 1497 permittimnS,
1276 1414 1330 1478 si
1382 1416 1474 1479 ita
1509 1413 1751 1497 placet,
1788 1422 1867 1481 ut
1903 1432 2016 1481 eos
2054 1434 2280 1482 omnes
2326 1424 2587 1481 curatos

347 1535 604 1592 vicarios
633 1534 922 1611 Episcopi
943 1531 1266 1608 vocitetis,
1289 1537 1361 1595 et
1388 1548 1803 1615 nequaqnam
1835 1532 2179 1615 parochos.
2201 1532 2583 1617 Quanquam

347 1651 418 1709 et
452 1642 575 1709 hoc
599 1645 925 1711 immerito
958 1667 972 1711 ε
1005 1664 1153 1710 nam
1179 1647 1448 1712 minime
1474 1654 1799 1730 repugnat
1831 1646 1915 1713 ab
1941 1648 2260 1733 Episcopo
2285 1649 2381 1713 eis
2410 1665 2585 1712 com-

349 1758 522 1823 mitti
550 1774 773 1825 curam
801 1766 1053 1841 proprio
1075 1766 1313 1825 nomine
1342 1760 1817 1847 exercendam3
1852 1782 1986 1848 quo
2023 1782 2178 1829 casu
2211 1769 2411 1829 erunt
2441 1766 2584 1830 ven·

346 1877 633 1958 parochi,
659 1878 785 1943 etsi
801 1877 886 1943 ad
913 1877 1398 1961 beneplacitum
1420 1879 1862 1946 revocabiles:
1890 1898 2035 1965 quae
2088 1879 2223 1947 duo
2250 1896 2579 1967 nunqnam

345 1992 736 2074 probabitur
763 2010 904 2060 sese
941 2001 1173 2060 mutuo
1210 1993 1591 2061 excludere.

434 2110 544 2175 lv.
572 2114 769 2192 Neque
798 2112 945 2174 bono
969 2113 1253 2177 Ecclesioe
1272 2130 1388 2194 per
1408 2131 1470 2174 se
1491 2113 1855 2175 adversatur
1874 2117 2231 2174 exercitium
2256 2130 2419 2175 curce
2447 2118 2583 2176 ani—

342 2245 601 2307 marum,
637 2246 753 2308 per
784 2229 1156 2310 presbyteros
1185 2230 1270 2291 ad
1291 2234 1506 2291 nubum
1536 2230 1822 2310 Episcopi
1857 2230 2247 2292 revocabiles.
2284 2264 2373 2276 -
2410 2228 2584 2292 Dici—

344 2360 489 2406 mus
517 2362 627 2425 per
653 2363 747 2423 se,·
774 2341 844 2408 id
874 2351 997 2423 est,
1033 2342 1507 2409 considerando
1538 2342 1705 2408 hanc
1735 2349 2115 2408 curatorum
2144 2343 2581 2409 amovibilinm

343 2457 811 2525 institutionem
874 2457 1090 2545 quoad
1143 2456 1414 2525 effectus
1465 2476 1546 2523 ex
1610 2457 1748 2542 ipsa
1793 2464 2128 2523 necessario
2176 2466 2529 2543 sequentes
2556 2507 2575 2536 ,

342 2577 413 2634 et
448 2570 691 2638 bonum
728 2572 1032 2656 generale
1063 2572 1364 2638 Ecclesiae
1402 2572 1855 2656 respicientes
1888 2572 1951 2636 si
1987 2589 2224 2656 nempe
2250 2589 2336 2638 ex
2367 2571 2579 2657 aliqua

343 2687 746 2754 institutione
783 2695 1116 2753 necessario
1141 2705 1273 2754 non
1315 2695 1674 2774 sequantur
1715 2688 1905 2772 pravi
1951 2687 2257 2768 effectus,
2294 2690 2416 2754 etsi
2457 2706 2581 2772 per

343 2801 647 2869 accidens
705 2809 776 2870 et
845 2824 928 2870 ex
988 2803 1196 2869 abusu
1263 2805 1446 2889 sequi
1516 2805 1797 2888 possint,
1862 2802 2140 2868 dicimus
2203 2821 2345 2869 eam
2407 2803 2580 2870 bono
2643 2806 2652 2817 '

343 2918 645 2985 Ecclesiae
672 2940 788 3003 per
815 2941 877 2984 se
906 2939 1036 2986 nou
1071 2919 1427 2985 adversari.
1467 2921 1607 2985 Imo
1636 2920 1690 2985 si
1721 2918 1806 2985 de
1848 2937 1916 2985 se
1951 2926 2102 3003 apta
2133 2920 2218 2985 sit
2253 2919 2340 2987 ad
2376 2919 2581 2986 bonos

343 3034 800 3117 producendos
826 3036 1127 3115 effectuS,
1164 3058 1272 3120 per
1304 3058 1365 3101 se
1396 3036 1565 3102 bona
1601 3038 1796 3102 etiam
1831 3034 1959 3100 dici
1992 3034 2217 3101 debet.

430 3152 639 3218 Porro
670 3154 870 3219 talem
907 3172 1046 3220 esse
1086 3159 1464 3220 curatorum
1499 3152 1941 3218 amovibilium
1977 3154 2452 3218 institutionem
2485 3154 2580 3218 fa-

341 3268 461 3332 cile
498 3267 766 3352 probari
793 3277 1035 3353 potest.
1069 3269 1229 3335 Nam
1273 3271 1338 3334 1⁰
1367 3267 1542 3354 quod
1582 3267 1668 3334 de
1712 3287 1781 3333 se
1812 3275 1963 3352 apta
1991 3268 2076 3332 sit
2104 3265 2190 3333 ad
2228 3266 2432 3334 bonos
2465 3270 2580 3334 ali-

340 3399 504 3468 quos
545 3382 818 3450 effectus
857 3383 1343 3470 producendos,
1395 3386 1619 3469 negari
1662 3384 1912 3469 nequit.
1963 3381 2283 3449 Prodesse
2327 3403 2468 3448 eam
2506 3392 2578 3448 ut

339 3506 540 3563 curati
561 3507 686 3564 sint
701 3508 1104 3584 promptiores
1126 3505 1210 3565 ad
1231 3503 1619 3565 obediendum
1629 3550 1649 3581 ‚
1683 3508 1740 3564 et
1763 3517 1969 3563 euram
1986 3501 2200 3562 melius
2225 3508 2537 3562 eoeeweemt
2550 3549 2570 3579 ,

337 3617 483 3678 dum
519 3620 719 3679 sciunt
752 3636 814 3678 se
862 3619 1043 3696 facile
1089 3619 1475 3696 amovendos,
1532 3616 1864 3700 sapienter
1910 3613 2200 3680 advertit
2236 3614 2580 3698 Pignatelli

338 3747 488 3795 cum
533 3731 671 3796 aliis
715 3730 798 3797 ab
841 3733 981 3815 ipso
1023 3732 1236 3796 citatis
1282 3730 1663 3798 doctoribus
1713 3731 1924 3816 (tomo
1969 3733 2034 3810 9,
2085 3731 2364 3795 consult.
2424 3733 2574 3811 143,

337 3867 402 3910 n.
443 3844 779 3931 31).1tem
813 3863 1004 3931 posse
1041 3845 1373 3911 interdum
1409 3846 1760 3931 perutilem
1797 3863 1936 3911 esse
1974 3847 2430 3912 nonnullorum
2466 3863 2579 3912 cn-

337 3968 630 4028 ratorum
658 3961 742 4027 ad
770 3963 922 4028 alias
949 3964 1262 4046 paroecias
1300 3963 1506 4028 aliave
1545 3979 1817 4026 munera
1857 3962 2338 4045 migrationem,
2380 3972 2577 4048 atque
2648 3961 2663 3974 '

339 4077 662 4163 ejusmodi
706 4079 1095 4145 mutationes
1142 4099 1225 4145 ex
1268 4098 1492 4147 eorum
1547 4078 2014 4144 amovibilitate
2068 4080 2275 4144 multo
2328 4079 2578 4146 facilius

339 4194 670 4278 expediri,
707 4192 952 4260 inficias
981 4194 1101 4261 ibit
1127 4196 1365 4261 nullus.
1407 4198 1476 4260 2⁰
1507 4195 1792 4261 Effectus
1820 4200 2040 4259 autem
2078 4197 2225 4261 mali
2260 4196 2374 4280 qni
2408 4199 2580 4280 pari-

338 4317 447 4375 ter
473 4309 636 4376 oriri
666 4309 817 4376 inde
854 4319 1123 4395 possunt
1142 4361 1159 4389 ,
1195 4329 1323 4376 non
1359 4317 1692 4376 necessario
1719 4329 1800 4376 ex
1828 4312 1965 4395 ipsa
1994 4320 2371 4377 curatorum
2402 4331 2577 4377 amo-

343 4425 636 4494 vibilium
669 4426 1037 4494 conditione
1068 4435 1456 4514 sequuntur.
1496 4429 1654 4494 Nam
1692 4426 1870 4513 quod
1907 4428 2051 4512 quis
2083 4430 2456 4513 Episcopus,
2492 4443 2575 4496 ex
