3146 4973
617 303 747 369 432
1294 318 1676 370 'rme-rems
1713 319 1802 367 m:
1844 314 2171 366 amoeno,

691 439 759 504 -I.
796 434 1031 520 Quoad
1067 436 1412 522 parochos,
1444 439 1643 508 etim
1674 438 2032 523 regulares,
2077 456 2116 501 a
2171 433 2656 520 praedecessore
2696 437 2848 520 Epi-

615 571 813 639 scopo
855 553 1282 631 constitutos,
1331 554 1524 619 Sacra
1583 553 2016 639 congregatio
2061 550 2171 617 die
2225 552 2309 616 26
2364 552 2622 635 augusti
2685 554 2849 618 1628

616 670 871 736 censuit
905 691 922 735 ε
956 673 1276 755 Episcopus
1336 690 1697 734 successores
1751 690 1955 753 posse,
2004 674 2453 751 superveniente
2495 671 2852 732 rationabili

613 804 816 862 causa,
858 790 1080 849 iterum
1104 805 1186 849 ex
1220 787 1437 867 officio,
1473 793 1662 851 etiam
1687 792 1871 850 extra
1898 791 2329 864 visitationmn,
2366 789 2718 849 examinare
2741 804 2854 864 pa-

614 900 845 979 rochos,
906 902 1068 963 alias
1113 902 1197 965 ad
1255 903 1532 965 ecclesias
1558 901 1948 984 parochiales
1988 902 2350 983 approbatos
2398 898 2595 984 (libro
2628 902 2702 966 13
2737 898 2852 964 de-

615 1022 970 1093 cretorum,
1007 1014 1165 1082 folio
1199 1017 1349 1095 520,
1383 1036 1423 1082 a
1459 1013 1700 1101 tergo).
1743 1015 1915 1081 Item
1950 1012 2166 1099 quoad
2202 1012 2478 1080 eosdem
2506 1014 2845 1098 parochos,

613 1128 720 1196 die
756 1133 833 1197 13
857 1129 1140 1214 januarii
1174 1130 1367 1209 1635,
1400 1131 1596 1198 Sacra
1626 1132 2058 1215 Congregatio
2084 1126 2426 1213 respondit
2468 1148 2485 1194 :
2530 1133 2851 1213 Epist-opos

610 1266 992 1327 successores,
1028 1253 1477 1329 superveniente
1512 1249 1874 1312 rationabili
1917 1266 2123 1325 causa,
2159 1265 2358 1327 posse,
2395 1251 2581 1308 etiam
2615 1265 2696 1308 ex
2721 1247 2851 1326 offi-

611 1368 727 1443 cio,
767 1368 989 1426 iterum
1017 1369 1389 1442 examinare,
1427 1370 1551 1426 tam
1582 1369 1650 1427 in
1686 1367 2036 1427 visitatione
2070 1381 2254 1444 quam
2277 1368 2480 1440 extra,
2527 1364 2842 1444 parochos,

611 1484 886 1559 quamvis
928 1481 1259 1560 requlares,
1295 1482 1657 1561 approbatos
1703 1488 1965 1562 tempore
1999 1484 2367 1562 provisionis
2403 1479 2850 1561 parochialium

614 1592 806 1679 (libro
841 1596 946 1671 15,
970 1592 1129 1660 folio
1164 1594 1290 1660 146
1330 1613 1368 1659 a
1399 1592 1640 1678 tergo).
1698 1617 1733 1656 a
1764 1592 1865 1660 Ad
1891 1613 2172 1679 quorum
2208 1611 2480 1660 examen
2531 1591 2851 1660 devenire

617 1727 652 1766 α
693 1712 912 1788 potest
936 1706 1295 1789 Episcopus
1341 1706 1537 1771 etiam
1592 1724 1714 1790 pro
1747 1706 1957 1785 libito,
1988 1714 2058 1772 et
2096 1724 2215 1790 pro
2252 1706 2389 1771 sola
2429 1706 2654 1789 quiete
2699 1725 2853 1772 con-

617 1843 652 1883 a
687 1820 975 1886 scientim
1016 1838 1170 1899 suoe,
1204 1818 1760 1906 quemadmodum
1806 1829 1878 1888 et
1912 1821 2128 1905 ipsum
2179 1839 2378 1886 sacrae
2420 1820 2601 1888 Rotae
2645 1819 2854 1887 tribu·

617 1957 651 1995 α
686 1933 795 2001 nal
836 1936 1192 2013 constituit,
1235 1933 1558 2002 decisione
1605 1939 1730 2001 257
1778 1942 1966 2020 parte
2011 1938 2089 2003 19
2134 1939 2571 2017 Recentiorum,
2611 1957 2678 2002 n.
2719 1940 2780 2002 5.
2813 1960 2847 1997 ι»

613 2048 905 2134 (Gimldi,
945 2051 1091 2118 loco
1121 2049 1379 2135 citato.)

698 2167 786 2231 Π.
826 2163 1058 2248 Quoad
1085 2167 1405 2252 parochos
1429 2167 1512 2232 ab
1549 2165 1786 2234 eodem
1824 2167 2142 2253 Episcopo
2169 2170 2238 2234 in
2265 2167 2668 2254 proecedenti
2698 2187 2852 2236 exu-

611 2282 785 2348 mine
807 2281 1223 2366 approbatos,
1247 2282 1437 2349 Sacra
1459 2283 1889 2370 Congregatio
1907 2284 2190 2363 Concilii,
2216 2284 2321 2352 die
2347 2287 2433 2350 22
2456 2284 2850 2371 septembris

616 2397 808 2472 1668,
841 2371 1317 2480 Pampilonensi
1341 2399 1657 2482 Episcopo
1681 2397 2021 2482 respondit
2048 2400 2116 2465 in
2145 2398 2318 2466 hunc
2349 2399 2614 2467 modum
2647 2422 2662 2465 ε
2700 2404 2847 2465 Cum

610 2515 718 2577 sub
748 2516 849 2577 die
890 2516 970 2578 15
993 2519 1279 2597 januarii
1318 2517 1514 2593 1667,
1555 2518 1640 2580 ad
1665 2522 2025 2581 instantiam
2051 2521 2336 2601 Episcopi
2365 2520 2852 2603 Pampilonensis

609 2649 651 2692 a
680 2632 869 2694 Sacra
896 2633 1368 2712 Couqreqatione
1395 2634 1723 2697 resolutum
1757 2636 1970 2714 suerit,
2020 2638 2083 2698 1⁰
2110 2654 2282 2716 posse
2309 2638 2672 2717 Episcopum
2704 2653 2850 2698 exa-

608 2750 842 2808 minare
866 2745 1156 2826 parochos
1178 2753 1236 2809 et
1263 2754 1517 2811 rectores
1541 2750 1721 2811 semel
1746 2752 2109 2831 approbatos
2129 2753 2215 2815 ad
2239 2770 2450 2814 curam
2475 2757 2840 2828 animai-unz,

607 2864 847 2942 quando
879 2863 1052 2925 adest
1081 2862 1388 2927 vehemens
1416 2870 1677 2946 suspicio
1705 2867 1780 2929 de
1808 2866 2056 2929 illorum
2091 2871 2431 2949 imperitia,·
2461 2868 2531 2930 2⁰
2549 2886 2727 2948 posse
2765 2868 2850 2930 ad

608 2976 951 3058 hujusmodi
983 2996 1235 3041 eoeamen
1267 2979 1581 3060 procedere
1609 2985 1792 3043 etiam
1826 2987 2008 3044 extra
2054 2986 2467 3045 visitationem
2478 3005 2510 3060 ,·
2542 2983 2612 3047 3·
2639 2984 2725 3046 ad
2750 2985 2849 3046 di-

604 3100 766 3157 ctum
791 3113 1044 3158 examen
1062 3096 1408 3176 faciendum
1434 3095 1601 3160 haud
1630 3115 1858 3161 necesse
1884 3116 2007 3160 esse
2032 3104 2103 3161 ut
2110 3100 2441 3180 judiciales
2465 3099 2848 3182 probationes

606 3215 929 3293 imperitiae
955 3214 1304 3293 proecedant
1354 3232 1376 3275 .·
1420 3231 1581 3277 nunc
1628 3214 1931 3295 supplicat
1971 3216 2301 3297 Episcopus
2343 3219 2493 3298 ipse,
2541 3234 2656 3297 per
2693 3215 2847 3279 hanc

604 3329 858 3391 Sacram
884 3329 1419 3409 Conpreqationem
1438 3330 1700 3393 ulterius
1729 3331 2055 3408 declarari,
2081 3349 2165 3393 an
2193 3334 2262 3393 in
2285 3336 2441 3394 actis
2470 3335 2846 3395 visitationis

607 3444 875 3506 dioecesis
911 3447 1107 3524 possit
1158 3447 1488 3527 Episcopus
1531 3451 1884 3509 examinare
1923 3447 2220 3527 parochos
2254 3453 2538 3529 quotquot
2587 3452 2836 3525 visitat,

604 3563 844 3622 etiamsi
870 3565 1079 3622 contra
1120 3560 1285 3639 illos,
1318 3561 1415 3622 vel
1440 3562 1701 3642 aliquem
1741 3568 2007 3644 ipsorum
2049 3582 2170 3629 non
2199 3566 2399 3645 viqeat
2443 3568 2703 3645 suspicio
2730 3568 2847 3626 im-

598 3678 859 3754 peritioe.
906 3709 995 3720 —
1030 3677 1221 3740 Sacra
1276 3677 1698 3758 Conyreqatio,
1746 3679 1829 3742 22
1886 3680 2234 3761 septembris
2292 3679 2459 3744 1668
2480 3724 2497 3756 ‚
2539 3680 2845 3760 respondit

606 3792 910 3869 neyative.

693 3904 790 3969 Ex
834 3903 955 3970 huc
997 3904 1226 3972 ultim
1255 3925 1295 3972 a
1323 3904 1652 3975 decisione
1681 3909 1776 3975 sic
1815 3909 2018 3974 infert
2043 3907 2444 3976 Benedictus
2478 3910 2625 3975 xlv
2657 3908 2839 3997 (Inst.

603 4021 806 4085 eccles.
839 4023 949 4100 60,
980 4022 1103 4088 sub
1127 4020 1349 4108 finem)
1389 4045 1405 4089 :
1445 4047 1478 4086 α
1509 4023 1722 4110 Atque
1749 4026 1843 4091 ita
1864 4045 1985 4111 pro
2010 4043 2181 4092 novo
2209 4026 2506 4092 examine
2537 4025 2673 4093 sola
2698 4043 2845 4091 con·

609 4157 643 4196 α
680 4136 960 4203 scientiae
987 4137 1293 4205 sedandoe
1327 4139 1495 4205 ratio
1521 4158 1654 4206 non
1687 4138 1924 4206 sufficit
1955 4163 1972 4206 :
2005 4142 2272 4227 insuper
2308 4160 2574 4209 necesse
2602 4149 2726 4221 est,
2768 4149 2844 4206 ut

609 4274 644 4316 α
676 4252 732 4319 is
766 4271 992 4320 rumor
1037 4252 1251 4336 palam
1291 4253 1361 4318 in
1409 4273 1637 4325 omnes
1679 4258 2083 4323 emanaverit
2103 4305 2123 4336 ,
2171 4256 2557 4343 pai-ochum,
2613 4274 2839 4324 eorum

608 4390 643 4430 a
674 4387 819 4454 quae
860 4366 945 4434 ad
975 4385 1200 4433 curam
1243 4369 1607 4439 animarum
1648 4371 2002 4456 gerendam
2049 4374 2414 4459 pertinent,
2465 4373 2838 4442 memoriam
