3146 4973
581 363 662 425 16
1255 373 1633 423 'rnac‘ra‘ros
1676 373 1764 420 m:
1807 369 2133 420 enmono.

578 522 611 561 α
651 499 923 583 legitimi
954 502 1338 565 conventus.
1372 521 1406 559 n
1445 498 1543 583 (In
1581 495 1960 582 praefatione
1992 491 2208 578 operis
2240 493 2315 557 de
2348 494 2660 571 Permitte,
2698 509 2803 575 pa-

572 616 722 698 gina
753 610 871 698 iv.)

661 728 979 816 Equidem
1010 727 1404 797 Benedictus
1425 730 1572 794 xlv
1600 729 1698 815 (cle
1727 732 1878 811 Syn.
1899 731 2255 803 dicacem,
2280 726 2328 791 l.
2365 729 2429 803 3,
2459 743 2518 791 c.
2564 726 2628 803 5,
2656 722 2798 809 n.l)

573 845 963 913 existimavit
1008 848 1350 929 presbyteri
1402 842 1792 911 vocabulum
1853 842 1940 907 ad
2003 837 2438 924 designandos
2487 838 2805 923 parochos

571 962 926 1045 antiquitus
974 960 1172 1031 fuisse
1216 968 1625 1044 usurpatum.
1674 956 1992 1027 Adductis
2037 957 2212 1023 enim
2251 955 2572 1023 nonnullis
2600 953 2803 1020 docu-

570 1077 825 1154 mentis,
878 1077 947 1141 in
994 1074 1235 1160 quibus
1282 1075 1571 1141 occurrit
1621 1073 2064 1140 denominatio
2113 1071 2272 1149 haec,
2327 1071 2417 1137 sic
2474 1070 2746 1137 adnotat
2779 1092 2795 1136 ε

577 1212 611 1257 c<
643 1190 894 1273 Quibus
940 1190 1008 1257 in
1051 1190 1235 1269 locis,
1284 1191 1481 1257 sicuti
1533 1199 1593 1254 et
1631 1197 1700 1254 in
1733 1194 1878 1254 aliis
1924 1195 2177 1255 vastastis
2205 1190 2552 1267 canonibus,
2583 1206 2801 1253 sacer-

577 1328 611 1368 «
644 1304 874 1375 dotum
892 1313 966 1371 et
979 1305 1520 1390 presbyterorum
1539 1306 1802 1371 nomine
1825 1303 2142 1389 parochos
2162 1303 2491 1387 designari
2513 1301 2805 1371 advertit

582 1450 608 1475 «ι
648 1422 1046 1505 Van-Espen.
1076 1445 1108 1481 υ
1723 1486 1728 1491 ,

659 1536 791 1603 Sed
814 1537 1129 1605 memoria
1154 1536 1582 1605 recolendum
1612 1536 1788 1621 quod
1833 1539 1900 1603 in
1940 1538 2122 1603 citati
2158 1535 2377 1620 operis
2425 1534 2804 1620 praefatione

570 1661 930 1737 proemonet
960 1653 1347 1725 clarissimus
1368 1653 1696 1730 Pontifex,
1729 1672 1863 1719 non
1884 1672 1964 1719 ea
1989 1661 2207 1719 mente
2237 1671 2277 1716 a
2303 1670 2372 1717 se
2397 1650 2646 1720 editum
2682 1651 2805 1718 hoc

572 1788 756 1853 opuS,
795 1776 869 1835 ut
901 1787 1031 1835 sum
1069 1769 1163 1835 ibi
1191 1770 1496 1853 expositae
1529 1770 1869 1835 sententiae
1918 1769 2106 1834 aliam
2140 1787 2335 1853 quam
2375 1768 2611 1850 privati
2655 1768 2810 1833 scri-

572 1884 777 1967 ptoris
820 1884 1276 1949 auctoritatem
1308 1883 1630 1950 haberent
1659 1905 1675 1967 ;
1718 1892 1818 1949 ast
1863 1901 1943 1948 eo
1980 1882 2318 1949 dumtaxat
2351 1882 2638 1960 consilio,
2675 1900 2806 1967 quo

570 2017 686 2065 sua
713 2005 1139 2063 commentaria
1178 1999 1247 2065 in
1282 1998 1653 2066 decretales
1689 2000 2023 2083 evulgavit
2057 1999 2212 2065 olim
2241 2000 2660 2065 Innocentius
2686 2000 2800 2077 IV,

570 2114 683 2199 qui
711 2117 893 2195 facile
920 2133 1138 2197 passus
1165 2123 1255 2178 est
1294 2115 1470 2201 (sunt
1506 2115 1844 2198 ipsiusmet
1880 2112 2222 2179 Benedicti
2255 2115 2403 2179 xlv
2425 2111 2651 2197 verba)
2683 2119 2812 2196 opi·

567 2237 773 2296 aiones
798 2252 964 2313 suas,
1002 2252 1152 2313 quas
1181 2238 1467 2313 tanquam
1497 2237 1785 2313 privatus
1838 2233 2045 2295 doctor
2090 2239 2507 2312 proposuerat,
2544 2233 2622 2297 ab
2661 2233 2810 2293 aliis

568 2348 910 2411 doctoribus
934 2352 1295 2428 oppugnari.
1329 2346 1492 2411 Cum
1523 2363 1682 2428 ergo
1711 2345 1831 2411 hac
1859 2345 1926 2411 in
1947 2364 2021 2411 re
2050 2343 2315 2411 laudato
2342 2345 2644 2411 Pontifici
2675 2363 2810 2410 non

570 2462 923 2530 assentiant
965 2459 1266 2529 doctores
1308 2461 1668 2546 gravissimi
1700 2460 1922 2546 (prout
1965 2462 2208 2527 Marius
2245 2460 2487 2547 LupuS,
2523 2459 2802 2539 Nauius,

571 2576 809 2660 aliique
858 2577 1151 2660 priorum
1201 2575 1656 2642 subselliorum
1711 2573 1886 2659 viri),
1942 2593 2074 2642 non
2128 2583 2230 2644 est
2281 2595 2402 2642 cur
2442 2594 2575 2642 non
2612 2576 2812 2642 liceat

570 2689 736 2755 hanc
778 2688 921 2773 ejus
952 2691 1340 2757 sententiam
1373 2689 1718 2774 deserere3
1760 2709 1840 2756 eo
1883 2690 1990 2756 vel
2031 2691 2232 2773 magis
2277 2691 2454 2775 quod
2509 2710 2640 2756 non
2685 2690 2812 2756 alia

568 2803 744 2870 illam
774 2806 1161 2871 auctoritate
1183 2805 1415 2870 fultam
1442 2812 1785 2889 proponat,
1805 2823 2000 2889 quam
2023 2803 2412 2871 schismatici
2429 2805 2807 2888 Van-Espe-

574 2918 695 3001 nii;
730 2917 916 3003 cuius
949 2916 1274 2997 doctrina,
1308 2936 1436 2985 non
1471 2920 1538 2984 in
1573 2920 1699 2985 alia
1737 2919 1952 2986 forsan
1981 2920 2206 3003 magis,
2244 2937 2435 3003 quam
2472 2918 2534 2983 in
2573 2918 2694 2984 hac
2713 2918 2805 2985 de

572 3031 872 3114 parochis
901 3033 1194 3111 materia,
1228 3050 1504 3100 erronea
1534 3032 1664 3098 fuit
1692 3041 1888 3117 atque
1928 3033 2266 3117 pestifera.

1468 3263 1736 3332 CAPUT
1783 3266 1901 3330 111.

570 3493 910 3544 Pnlonnws
992 3494 1313 3544 13chOEOE
1392 3495 1670 3545 sAEctJLls
1752 3493 2004 3544 numus
2086 3494 2150 3542 IN
2233 3494 2465 3545 MUNDO
2549 3497 2812 3546 Ex'rm‘r

1503 3607 1868 3658 PAROCHUS.

628 3808 755 3876 ,Αᾱ
796 3809 1197 3894 probandam
1238 3811 1404 3877 hanc
1444 3811 1678 3877 thesim
1707 3809 1841 3878 duo
1875 3812 2276 3880 stabiliemus
2308 3836 2323 3880 ε
2368 3818 2430 3878 1⁰
2460 3821 2708 3881 certam
2737 3822 2810 3881 et

567 3935 973 3994 constantem
1005 3928 1333 4013 prioribus
1365 3930 1654 3996 ecclesiae
1688 3931 1935 3997 soeculis
1960 3932 2237 4016 viguisse
2265 3930 2697 4015 disciplinam,
2732 3938 2811 3998 ut

567 4040 801 4107 fideles
835 4041 1193 4110 dioeceseos
1222 4063 1447 4110 omnes
1469 4092 1485 4124 ‚
1526 4052 1666 4110 tum
1711 4046 1883 4111 intra
1906 4091 1923 4122 ‚
1976 4052 2118 4112 tum
2145 4054 2334 4113 extra
2373 4046 2810 4131 episcopalem

565 4158 895 4224 civitatem
926 4156 1241 4243 degentes
1261 4208 1277 4237 ,
1315 4160 1567 4225 nonnisi
1599 4178 1748 4225 cum
1777 4161 2096 4246 Episcopo
2125 4180 2382 4228 sacrum
2413 4170 2810 4230 conventum

564 4292 683 4340 seu
714 4292 959 4340 sacram
991 4274 1321 4359 liturgiam
1348 4274 1802 4359 celebrarent3
1833 4279 1900 4342 2⁰
1924 4274 2078 4346 inde
2104 4283 2325 4344 autem
2353 4278 2566 4344 evinci
2596 4277 2813 4343 nullos

568 4397 723 4455 tuuc
752 4392 1065 4474 temporis
1096 4391 1387 4457 extitisse
1419 4391 1759 4477 parochos.
