3146 4973
539 333 572 393 4
585 333 667 394 52
1217 340 1592 392 moruus
1637 343 1726 392 nn
1769 343 2094 392 ranocno.

543 492 574 526 «
614 484 761 532 rum
791 463 1266 549 temporalium,
1288 461 1372 529 ad
1396 471 1630 529 nutum
1662 465 2127 543 amovibilium,
2157 470 2412 549 spectat
2441 464 2528 531 ad
2556 474 2763 532 recto-

543 608 575 643 «
610 601 752 648 rem
784 580 1229 665 principalem,
1258 599 1376 645 seu
1412 580 1765 647 Praelatum
1808 581 2185 647 monasterii
2226 582 2330 647 eui
2376 580 2764 649 beneficium

544 725 568 754 α
608 706 709 764 est
737 698 1015 763 unitum.
1046 697 1129 761 Et
1156 697 1514 780 Episcopus
1540 697 1750 762 solum
1782 696 1986 764 debet
2020 698 2236 780 ipsum
2271 697 2664 782 approbare,
2691 716 2766 763 ac

541 841 571 872 a
606 813 938 879 licentiam
995 809 1491 878 administrandi
1540 819 1946 878 sacramenta
1995 813 2060 877 ei
2108 812 2496 893 concedere,
2549 815 2602 878 si
2644 831 2768 896 per

540 957 570 992 α
607 949 884 998 examen
907 930 1017 995 vel
1039 928 1303 994 aliunde
1343 928 1466 994 sibi
1493 935 1748 995 constet
1775 947 1916 995 esse
1943 928 2286 1015 idoneum3
2328 949 2450 995 nec
2478 930 2612 995 ulla
2644 929 2768 995 alia

540 1072 572 1108 α
603 1046 965 1132 requiritur
987 1045 1243 1111 collatio
1266 1053 1381 1110 aut
1406 1046 1808 1111 institutio...
1842 1046 2138 1112 vicarius
2166 1046 2540 1130 temporalis
2561 1046 2768 1112 nomi·

541 1187 572 1223 «
602 1170 796 1229 natus
826 1182 864 1226 a
892 1161 1339 1245 superioribus
1374 1161 1808 1245 regularibus,
1860 1168 1930 1228 et
1963 1182 2003 1227 a
2046 1162 2414 1228 rectoribus
2452 1162 2768 1246 principa·

541 1303 573 1338 «
605 1277 795 1356 libus,
843 1282 1061 1361 potest
1096 1276 1179 1342 ab
1208 1276 1363 1359 ipsis
1407 1275 1492 1341 ad
1531 1276 1788 1342 libitum
1835 1278 2167 1343 removeri
2209 1300 2223 1341 ε
2261 1297 2392 1344 non
2429 1284 2649 1343 autem
2684 1275 2768 1342 ab

541 1419 572 1456 «
610 1395 947 1478 Episcopo,
982 1394 1215 1458 nisiex
1244 1411 1439 1457 causa
1462 1393 1754 1476 legitima
1775 1400 1845 1459 et
1875 1393 2255 1478 approbata,
2285 1400 2767 1478 propterquam

538 1537 568 1568 u
610 1510 883 1594 (etiamsi
915 1513 1279 1592 perpetuus
1309 1506 1503 1590 esset)
1539 1509 1784 1590 privari
1811 1516 2055 1592 posset.
2088 1531 2122 1570 »

624 1622 946 1687 Consonat
996 1621 1356 1704 Fagnanus,
1410 1620 1478 1684 in
1532 1628 1732 1702 caput
1776 1624 2354 1701 Consultationibus,
2416 1625 2490 1699 de
2537 1625 2768 1687 clerieo

536 1745 884 1820 oeyrotante,
940 1755 1006 1799 n.
1071 1738 1145 1800 13
1194 1756 1209 1799 :
1258 1759 1291 1795 <c
1325 1735 1729 1819 Quamquam
1767 1736 1939 1801 enim
1981 1735 2345 1802 authoritas
2388 1733 2769 1802 instituendi

542 1877 573 1913 α
609 1852 883 1917 vicarios
923 1856 1282 1935 perpetuos
1306 1851 1373 1913 in
1411 1849 1748 1915 beneficiis
1774 1851 1860 1917 sit
1885 1870 2090 1934 penes
2115 1853 2506 1935 Episcopum
2540 1851 2639 1937 (ut
2666 1870 2770 1916 ea-

541 1996 572 2030 «
606 1970 741 2051 pite
790 1972 894 2032 Ex
941 1970 1370 2049 frequentibus,
1430 1969 1505 2030 de
1558 1965 2074 2052 Institutionibus)
2093 2016 2108 2045 ,
2172 1969 2381 2033 curati
2433 1974 2653 2033 tamen
2700 1976 2770 2033 et

544 2111 576 2148 ι(
610 2085 835 2151 vicarii
864 2084 1173 2169 perpetui
1198 2083 1424 2166 utique
1456 2083 1728 2147 vicarios
1749 2084 2174 2165 temporales,
2198 2084 2443 2168 absque
2475 2083 2770 2167 Episcopi

546 2226 575 2261 a
611 2199 898 2276 licentia,
934 2197 1059 2263 sibi
1094 2215 1426 2262 assumere
1461 2205 1758 2279 possunt,
1803 2197 2161 2264 dummodo
2201 2199 2331 2264 sint
2378 2198 2537 2276 noti,
2583 2203 2652 2263 et
2687 2196 2769 2262 de

543 2343 575 2378 a
608 2317 1013 2401 promotione
1051 2332 1280 2380 eorum
1319 2321 1572 2380 constet
1609 2313 1707 2399 (ut
1750 2321 2020 2380 notatur
2059 2316 2126 2379 in
2164 2315 2376 2397 capite
2409 2317 2765 2397 Adjicimus,

547 2457 577 2494 «
617 2434 720 2510 16,
748 2451 814 2517 q.
857 2434 881 2496 l
930 2453 945 2497 :
980 2429 1066 2498 ad
1096 2428 1275 2497 idem
1313 2435 1511 2515 caput
1545 2433 1788 2511 Mulier,
1837 2433 1917 2497 23
1962 2429 2246 2497 distinct.
2284 2453 2298 2496 :
2334 2428 2419 2497 ad
2462 2429 2586 2497 hoc
2622 2450 2772 2497 cou-

548 2573 579 2609 «
616 2549 832 2614 cilium
859 2545 1332 2623 Tridentinum‚
1369 2546 1583 2628 capite
1607 2547 1643 2610 4
1672 2546 1968 2611 sessionis
1995 2543 2104 2629 21)
2128 2568 2144 2630 3
2178 2545 2533 2613 dummodo
2555 2554 2770 2612 tamen

550 2690 579 2725 «
617 2670 934 2731 statutum
990 2659 1300 2747 synodale
1320 2709 1336 2739 ,
1394 2662 1503 2728 vel
1547 2663 1943 2745 provinciale
1996 2681 2124 2728 non
2175 2662 2490 2746 impediat
2537 2664 2769 2748 (eapite

551 2808 581 2843 a
620 2784 809 2855 Illud,
844 2787 913 2846 et
941 2780 1153 2862 eapite
1190 2780 1386 2855 Nihil,
1427 2786 1488 2855 7,
1534 2798 1601 2864 q.
1646 2776 1731 2863 1).
1763 2777 1973 2844 Hodie
2007 2786 2230 2846 tamen
2260 2779 2612 2863 approbari
2657 2777 2774 2845 de-

554 2922 585 2958 «
621 2897 781 2963 bent
816 2894 898 2961 ab
944 2893 1288 2962 ordinario
1328 2893 1428 2979 (ut
1472 2896 1537 2959 in
1577 2894 1852 2960 concilio
1885 2893 2292 2972 Tridentino,
2334 2896 2545 2978 capite
2582 2899 2604 2958 l
2643 2913 2770 2960 ses-

554 3038 585 3073 «
621 3013 816 3077 sionis
842 3013 949 3087 23,
978 3016 1007 3087 5
1036 3013 1261 3074 Eadem
1278 3015 1549 3089 omnino;
1577 3017 1645 3075 et
1676 3011 1888 3092 capite
1922 3013 2024 3088 11,
2046 3028 2275 3075 versus
2297 3015 2414 3077 Nec
2443 3013 2533 3073 ibi
2553 3013 2766 3091 aliqui,

555 3153 587 3189 «
617 3128 917 3193 sessionis
953 3129 1060 3203 25,
1108 3129 1182 3189 de
1226 3122 1669 3207 Reqularibus);
1703 3131 1771 3188 et
1801 3124 1883 3189 ab
1919 3126 2059 3208 ipso
2096 3124 2443 3192 Ordinario
2474 3123 2774 3208 deputari

554 3270 583 3305 «
624 3243 874 3310 debent
913 3244 975 3308 in
1025 3261 1179 3307 casu
1227 3242 1453 3325 eapitis
1509 3248 1542 3306 7
1590 3240 1888 3306 sessionis
1944 3248 2005 3317 7,
2063 3248 2132 3307 et
2186 3243 2414 3327 capitis
2461 3243 2503 3306 6
2550 3241 2774 3307 sessio-

557 3385 587 3420 ι(
623 3360 723 3424 nis
752 3362 862 3423 21.
909 3382 939 3419 n

637 3472 1125 3557 perpendamus
1160 3472 1478 3554 tantisper
1524 3470 1662 3534 haec
1694 3472 1977 3553 Fagnani
2004 3471 2229 3537 verba.
2277 3477 2342 3536 1⁰
2384 3473 2773 3539 Persuasum

549 3593 611 3656 ei
655 3590 923 3655 omnino
955 3587 1079 3651 fuit
1117 3605 1302 3669 posse
1338 3584 1618 3649 vicarios
1653 3586 2053 3669 temporales
2091 3589 2327 3653 assumi
2365 3608 2402 3654 a
2440 3587 2770 3671 parochis;

546 3707 675 3770 imo
713 3712 784 3769 et
826 3723 865 3766 a
912 3701 1169 3765 vicariis
1221 3699 1594 3782 perpetuis3
1650 3698 1847 3785 idque
1902 3705 2119 3784 absque
2172 3708 2455 3786 Episcopi
2505 3707 2768 3767 licentio.

547 3823 616 3885 2⁰
648 3818 914 3883 Putavit
951 3813 1021 3880 id
1052 3823 1233 3881 recte
1278 3814 1513 3899 colligi,
1567 3821 1709 3880 tum
1758 3836 1839 3880 ex
1888 3817 2030 3882 aliis
2073 3816 2238 3900 juris
2281 3817 2595 3895 textibus,
2638 3825 2774 3883 tum

544 3934 869 4019 praecipue
916 3952 998 3998 ex
1053 3933 1265 4015 capite
1324 3933 1359 3995 4
1422 3932 1725 3998 sessionis
1782 3934 1854 3996 21
1924 3931 2287 3998 Tridentini
2346 3932 2642 4016 coneilii;
2703 3951 2776 3998 ae

541 4049 815 4135 proinde
859 4068 938 4114 ex
968 4066 1166 4131 supra
1211 4047 1423 4113 citatis
1464 4048 1706 4124 verbis,
1752 4056 1967 4129 coquat
1999 4050 2291 4131 parochos
2328 4056 2417 4113 tot
2446 4050 2778 4113 sacerdotes

540 4172 657 4232 sibi
690 4170 1039 4250 adjunqere‚
1087 4172 1216 4229 etc.
1268 4185 1281 4227 :
1325 4164 1482 4227 citat
1519 4164 1691 4228 enim
1730 4164 1796 4227 in
1834 4164 2291 4247 probationem
2339 4165 2462 4230 hoc
2507 4171 2706 4249 eaput
2735 4166 2772 4229 4

539 4283 835 4348 sessionis
859 4282 968 4356 21,
998 4280 1067 4344 in
1098 4296 1227 4363 quo
1255 4277 1523 4359 proecise
1546 4278 1764 4359 agitur
1790 4276 1878 4344 de
1902 4279 2186 4361 vicariis,
2231 4279 2317 4346 ob
2354 4279 2580 4363 populi
2607 4279 2776 4345 mul-

534 4396 901 4471 titudinem,
925 4394 1028 4457 eui
1058 4391 1236 4458 solus
1258 4391 1588 4474 parochus
1613 4392 1967 4475 providere
1987 4397 2247 4481 nequit,
2272 4394 2770 4462 constituendis.
