3146 4973
676 375 807 438 652
1356 389 1732 441 moruus
1777 394 1868 442 ns
1909 392 2237 442 ranocno.

681 536 714 575 ιι
743 514 1169 591 Farinacium,
1223 513 1355 581 vol.
1404 515 1470 591 4,
1528 517 1759 601 pagina
1804 517 1958 602 275)
2009 517 2100 584 ibi
2135 540 2149 583 :
2184 521 2540 601 Requiritur
2568 526 2885 584 commissio

677 652 712 691 α
741 633 1040 713 qeneralis
1067 634 1547 697 administrandi
1586 642 1982 711 sam-amenta,
2033 637 2129 699 vel
2155 640 2213 697 si
2247 635 2370 699 hoee
2399 637 2582 715 absit,
2618 655 2888 719 expressa

679 769 714 806 (ι
743 755 851 811 aut
872 750 1148 829 specialis
1171 750 1441 813 licentia.

766 882 799 922 α
815 861 1131 946 ,Ιηὶει-ιιιι·
1166 863 1597 947 cappellanos,
1637 884 1755 930 seu
1778 872 2237 949 cooperatores
2268 864 2724 947 parochorum,
2767 870 2892 950 qui-

678 1002 711 1038 «
742 978 867 1044 bns
891 978 975 1044 ab
1011 977 1356 1046 Ordinario
1400 987 1515 1045 aut
1557 979 1842 1063 parocho
1879 983 1947 1046 in
1985 999 2226 1065 genere
2275 982 2707 1047 committitur
2751 1002 2890 1045 cura

678 1116 711 1155 a
742 1100 1086 1159 animarum
1131 1096 1198 1159 in
1232 1095 1448 1180 aliqua
1484 1096 1791 1181 parochia
1840 1097 2062 1183 (prout
2103 1095 2250 1162 fleri
2290 1096 2458 1162 solet
2491 1097 2559 1161 in
2605 1098 2892 1182 partibus

678 1233 711 1269 α
742 1208 1155 1294 Germaniae),
1204 1212 1601 1295 generaliter
1638 1230 2005 1278 concessam
2057 1210 2299 1278 habere
2341 1212 2539 1276 etiam
2564 1212 2883 1277 licentiam

678 1348 713 1385 α
744 1330 814 1390 et
854 1331 1246 1408 potestatem
1276 1324 1619 1391 assistendi
1650 1324 2099 1408 matrimonio;
2151 1332 2228 1390 ut
2266 1324 2456 1407 proin
2495 1326 2890 1390 matrimonia

677 1463 710 1501 α
740 1459 957 1507 coram
996 1442 1088 1506 eis
1115 1447 1452 1506 contracta
1489 1442 1769 1515 valeant,
1818 1459 1892 1505 ac
1936 1441 1990 1504 si
2036 1447 2373 1505 contracta
2421 1448 2639 1506 essent
2681 1458 2894 1506 coram

678 1579 711 1616 a
746 1556 1049 1641 parocho.
1071 1579 1103 1617 n
1220 1553 1224 1557 ’

759 1673 923 1737 Hinc
967 1674 1033 1736 in
1074 1671 1280 1738 Gallia
1318 1672 1538 1736 vicarii
1585 1670 2019 1754 parochorum
2074 1669 2414 1757 adjutores
2449 1673 2713 1737 omnino
2754 1690 2899 1737 cen-

670 1787 857 1855 sendi
886 1797 1039 1854 sunt
1060 1808 1137 1855 ea
1159 1794 1488 1873 potestate
1511 1789 1936 1854 matrimoniis
1966 1785 2183 1853 valide
2207 1787 2552 1854 assistendi
2572 1789 2894 1865 instructi,

670 1902 792 1966 nisi
824 1900 1061 1967 alicubi
1083 1901 1168 1967 ab
1195 1903 1519 1986 Episcopo
1550 1903 1661 1968 vel
1694 1902 1982 1986 parocho
2013 1902 2337 1987 generalis
2363 1920 2592 1969 eorum
2629 1902 2902 1986 deputa-

668 2017 763 2082 tio
804 2015 889 2082 ad
925 2024 1327 2083 sacramenta
1365 2016 1788 2084 ministranda
1819 2038 2098 2100 expresse
2124 2017 2542 2096 imitaretur,
2580 2025 2650 2084 et
2675 2037 2902 2084 neces-

669 2132 833 2198 saria
866 2129 1340 2199 decerneretur
1360 2132 1577 2218 quoad
1613 2133 2017 2199 matrimonia
2039 2134 2336 2217 specialis
2366 2132 2712 2216 delegatio.

758 2251 828 2314 3⁰
859 2248 1019 2313 Cum
1053 2256 1272 2314 autem
1301 2246 1643 2332 delegatus
1678 2245 1765 2313 ad
1794 2248 2285 2332 generalitatem
2326 2266 2670 2313 causarum
2696 2249 2903 2332 possit

669 2361 1105 2448 subdelegare
1141 2363 1226 2429 ad
1259 2364 1538 2449 aliquem
1569 2365 2034 2447 particularem
2073 2382 2317 2442 casum,
2363 2366 2662 2451 sequitur
2687 2364 2904 2430 dictos

669 2480 942 2548 vicarios
969 2499 1158 2565 posse
1188 2480 1383 2547 etiam
1403 2480 1684 2567 aliquem
1707 2479 2114 2550 sacerdotem
2136 2479 2222 2548 ad
2253 2479 2680 2549 assistendum
2703 2481 2900 2548 alicui

666 2596 1073 2661 matrimonio
1099 2594 1314 2661 valide
1353 2593 1808 2680 subdelegare.

756 2711 826 2774 4⁰
847 2710 1006 2792 Quoe
1035 2717 1257 2776 autem
1293 2709 1572 2777 diximus
1595 2711 2020 2796 intelligenda
2040 2719 2191 2777 sunt
2214 2711 2299 2777 de
2323 2712 2755 2778 matrimoniis
2781 2731 2900 2798 pa·

667 2824 1118 2892 rochianorum
1137 2873 1154 2903 ,
1196 2833 1266 2893 et
1321 2828 1387 2891 in
1430 2826 1736 2910 parochia
1781 2827 2213 2894 celebrandis.
2261 2829 2326 2895 Si
2362 2830 2534 2895 enim
2583 2837 2902 2913 ageretur

663 2940 750 3006 de
780 2941 1199 3008 matrimoniis
1224 2949 1710 3019 extraneorum,
1736 2943 1843 3010 vel
1880 2944 1944 3008 in
1981 2943 2191 3010 aliena
2227 2944 2532 3028 parochia
2561 2943 2904 3011 celebran-

664 3053 765 3121 dis
779 3103 795 3132 ,
828 3056 1155 3151 ‘nonnullae
1198 3066 1554 3124 occurrunt
1592 3056 2008 3125 difficultates
2023 3107 2038 3137 ,
2083 3077 2204 3143 pro
2242 3078 2518 3145 quarum
2560 3059 2892 3127 solutione

588 3195 593 3200 ·
664 3171 749 3239 ad
779 3174 1139 3239 moralistas
1168 3181 1237 3239 et
1265 3172 1349 3240 ad
1370 3180 1691 3240 tractatus
1727 3172 1812 3240 de
1843 3177 2254 3241 matrimonio
2273 3177 2685 3243 remittimus.

750 3289 1053 3369 QUAESTIO
1074 3292 1161 3354 5⁸.
1190 3326 1279 3337 —-
1307 3292 1402 3354 An
1436 3291 1738 3372 parochus
1779 3296 2074 3355 vicarium
2122 3312 2294 3355 suum
2342 3295 2678 3374 adjutorem
2717 3311 2900 3356 mo·

661 3424 797 3468 vere
811 3410 1031 3485 possit,
1049 3410 1234 3468 etiam
1255 3412 1385 3469 sine
1401 3424 1585 3469 causa
1610 3410 1687 3470 ab
1712 3409 2002 3489 Episcopo
2025 3410 2361 3491 approbata
2376 3405 2892 3483 ?—-Difficilem,

661 3537 809 3586 meo
849 3519 1112 3604 quidem
1162 3519 1403 3604 judicio
1421 3568 1437 3598 ,
1489 3522 1911 3606 quaestionem
1971 3522 2411 3607 aggredimur.
2461 3525 2538 3589 In
2585 3541 2717 3608 qua
2771 3543 2904 3589 ex·

660 3634 1010 3718 pendenda
1055 3643 1132 3702 ut
1180 3638 1388 3703 omnis
1414 3646 1865 3720 praecaveatur
1902 3638 2219 3716 confusio,
2258 3638 2755 3722 praenotandum
2783 3647 2900 3705 est

659 3751 763 3816 hic
815 3771 945 3818 non
980 3752 1081 3837 agi
1126 3751 1210 3818 de
1266 3753 1521 3818 vicariis
1556 3753 1688 3819 illis
1739 3754 2212 3832 amovihilibus,
2247 3757 2360 3839 qui
2404 3774 2442 3820 a
2485 3758 2900 3823 monasterio

659 3867 1052 3953 capitulove,
1084 3867 1189 3932 cni
1227 3886 1473 3933 annexa
1513 3868 1643 3934 fuit
1684 3886 1863 3946 cura,
1896 3876 1965 3934 et
2002 3887 2204 3952 penes
2234 3867 2414 3954 quod
2449 3868 2698 3936 residet
2722 3889 2902 3937 cura

658 3989 725 4047 in
754 3984 985 4060 habitu,
1024 3983 1430 4068 deputantur
1458 3980 1543 4048 ad
1569 3982 1863 4066 ejusdem
1887 4001 2059 4049 curae
2097 3986 2506 4050 exercitium.
2545 3986 2677 4051 Hos
2708 3987 2900 4052 enim

658 4100 935 4165 vicarios
976 4106 1239 4165 curatos
1291 4117 1480 4184 posse
1533 4098 1616 4164 ab
1650 4097 1970 4184 ejusmodi
2011 4103 2403 4167 monasterio
2440 4101 2550 4167 vel
2592 4100 2904 4184 capitulo

655 4219 740 4281 ad
759 4223 973 4282 nutum
989 4224 1049 4280 et
1077 4222 1209 4280 sine
1232 4235 1413 4279 causa
1445 4214 1598 4300 (non
1626 4222 1846 4282 tamen
1874 4237 1954 4282 ex
1982 4213 2156 4300 odio)
2188 4217 2538 4294 removeri,
2573 4224 2906 4303 tanquam

656 4340 910 4400 certum
952 4330 1178 4407 tradit,
1215 4338 1283 4395 et
1336 4350 1642 4415 expresse
1689 4331 1981 4398 decisum
2030 4352 2069 4398 a
2116 4333 2281 4399 Rota
2339 4332 2548 4397 refert
2603 4331 2913 4399 Benedi-

655 4456 800 4514 ctus
826 4448 973 4512 XIV
1007 4447 1104 4531 (de
1138 4449 1377 4527 synodo
1424 4450 1778 4527 dimoc-sana,
1815 4449 1982 4514 libro
2020 4452 2122 4525 12,
2168 4468 2231 4513 n.
2272 4446 2372 4532 2);
2407 4455 2476 4514 et
2521 4449 2646 4516 fuit
2681 4450 2906 4516 etiam
