3146 4973
557 396 684 459 120
1236 403 1614 450 TRACTATUS
1660 399 1749 450 DE
1792 404 2119 455 PAROCHO.

552 558 588 599 α
621 535 846 612 licere,
885 536 961 597 ut
1002 525 1384 596 dissensioni
1419 526 1840 592 ecclesiarum
1868 527 2230 610 studenteS‚
2292 541 2490 620 atque
2528 537 2785 606 indisci-

552 673 587 713 «
619 652 894 735 plinatas
929 645 1316 733 quaestiones
1356 650 1663 710 vocantes
1698 643 1767 708 in
1802 643 2111 724 medium,
2166 650 2588 730 pertinaciter
2622 674 2783 738 prae-

550 791 585 828 «
621 766 923 833 dicarent
953 761 1366 829 adversantia
1417 759 1703 837 veritati,
1748 761 2124 827 nonnullam
2161 764 2228 829 in
2255 784 2335 833 eo
2372 769 2783 854 negligentiae

549 906 585 946 «
620 883 876 966 culpam
915 881 987 945 in
1021 878 1354 962 Episcopis
1387 874 1815 960 reprehendit
1860 897 1876 943 t
1934 882 2058 943 Sed
2090 887 2326 959 vestrae,
2368 882 2599 969 inquit,
2639 891 2786 951 dilo-

548 1022 582 1057 α
617 1002 804 1062 ctioni
831 1002 1066 1081 justius
1102 1001 1490 1076 imputamus,
1526 995 1765 1074 qnando
1806 995 1906 1057 illi
1942 1014 2129 1077 supra
2163 1016 2268 1060 vos
2302 1005 2532 1080 copiam
2567 1002 2786 1068 habent

548 1138 581 1177 «
617 1116 997 1197 disputandi.
1040 1116 1318 1193 Leqimus
1346 1130 1532 1192 supra
1566 1116 1925 1191 maqistrum
1957 1130 2078 1175 non
2103 1133 2228 1177 esse
2253 1117 2649 1198 discipulum,-
2678 1120 2786 1183 Ιιοσ

546 1255 579 1293 «
613 1239 725 1310 est,
770 1249 890 1293 non
919 1231 1036 1292 sibi
1080 1229 1289 1291 debere
1324 1245 1675 1308 quemquam
1721 1232 1787 1288 in
1816 1233 2107 1310 injuriam
2142 1232 2450 1294 doctorum
2474 1237 2783 1299 vindicare

546 1369 578 1406 «
615 1348 975 1409 doctrinam.
1018 1346 1177 1408 Nam
1208 1351 1267 1406 et
1303 1343 1408 1404 hos
1445 1347 1604 1423 ipsos
1637 1361 1677 1404 a
1716 1345 1835 1405 Deo
1878 1351 2083 1406 nostro
2117 1351 2356 1426 positos
2394 1354 2668 1412 novimus
2697 1353 2782 1414 ad

547 1486 580 1525 α
612 1460 1023 1526 docendum...
1060 1463 1223 1542 Quid
1262 1461 1394 1522 illic
1424 1464 1552 1541 spei
1583 1465 1694 1538 est,
1737 1461 1843 1521 ubi
1877 1465 2193 1541 maqistris
2225 1466 2577 1544 tacentibus,
2615 1470 2665 1527 ii
2693 1468 2782 1529 lo-

547 1602 580 1638 «
610 1585 898 1660 quuntur,
937 1582 1063 1658 qui,
1113 1581 1169 1639 si
1209 1580 1302 1637 ita
1331 1581 1443 1653 est,
1474 1593 1678 1637 eorum
1707 1577 1993 1656 discipuli
2016 1594 2138 1638 non,
2172 1580 2421 1656 fuerunt
2441 1582 2473 1641 2
2502 1578 2645 1661 Qua
2673 1599 2780 1645 ra-

546 1718 578 1754 «
616 1694 792 1759 tione
829 1694 1030 1777 igitur
1061 1691 1210 1757 fieri
1249 1696 1487 1773 potest,
1520 1695 1599 1753 ut
1639 1707 1788 1754 cum
1827 1691 2161 1783 Episcopis
2187 1691 2445 1778 judices
2476 1694 2771 1774 sedeant,

547 1833 581 1870 α
611 1810 721 1894 qui
756 1810 1223 1892 Episcoporum
1276 1825 1346 1871 se
1403 1804 1755 1890 discipulos
1808 1825 2165 1891 agnoscere
2220 1807 2505 1895 debent;
2543 1811 2779 1895 quibus

546 1948 580 1987 «
612 1946 742 1992 non
781 1926 940 1992 licet
976 1922 1340 1989 doctrinam
1379 1922 1500 1988 sihi
1535 1922 1893 2000 vindicare,
1931 1921 2050 1988 sed
2091 1943 2233 1989 eam
2269 1944 2418 1991 cum
2462 1926 2775 1993 facultate

546 2064 582 2104 «
615 2037 892 2108 docendi
922 2039 1005 2105 ab
1029 2040 1362 2123 Episcopis
1389 2039 1712 2121 accipere,
1746 2038 1932 2103 velut
1958 2040 2280 2122 magistris
2310 2059 2348 2104 a
2383 2041 2525 2106 Deo
2555 2048 2778 2108 nostro

548 2181 580 2217 «
613 2156 837 2240 positis
879 2155 965 2221 ad
1003 2153 1371 2221 docendum
1395 2154 1429 2219 ⁶?
1458 2154 1603 2235 Quo
1634 2153 2020 2237 intelligitur
2048 2173 2286 2220 munus
2313 2154 2438 2220 hoc
2470 2155 2770 2234 docendi,

539 2263 581 2335 '«
615 2292 768 2359 quo,
809 2292 958 2338 cum
994 2278 1317 2354 potestate
1347 2268 1599 2353 judicii,
1635 2269 1925 2336 Verbum
1962 2269 2085 2335 Dei
2122 2291 2159 2337 a
2188 2270 2409 2337 verbis
2443 2273 2774 2338 hominum

547 2412 579 2449 ι(
614 2389 1001 2464 secernitur,
1040 2389 1272 2468 utpote
1304 2383 1485 2468 quod
1516 2383 1583 2447 in
1623 2382 2100 2467 praedicationis
2133 2386 2338 2453 officio
2372 2390 2775 2472 praecipuum

547 2528 578 2565 α
614 2511 716 2570 est
756 2523 832 2568 ac
863 2503 1232 2580 maximum,
1266 2502 1358 2568 sic
1381 2502 1577 2567 etiam
1611 2500 1811 2568 fuisse
1844 2522 1881 2568 a
1906 2500 2163 2569 Christo
2193 2503 2260 2570 in
2288 2521 2541 2569 summo
2567 2503 2775 2589 gradu

548 2643 581 2682 α
616 2618 964 2686 sacerdotii
992 2619 1467 2686 collocatum...

637 2759 671 2798 α
703 2735 894 2802 Haud
923 2736 1160 2800 mirum
1198 2732 1472 2817 proinde
1507 2735 1576 2799 in
1605 2733 1933 2818 gallicanis
1961 2735 2099 2799 istis
2129 2735 2436 2813 ecclesiis,
2461 2755 2603 2822 quae
2634 2753 2778 2819 per-

547 2875 581 2915 «
617 2859 815 2936 petua
839 2852 1156 2936 planeque
1184 2850 1416 2933 insigni
1438 2851 1698 2934 pietatis
1722 2869 1797 2915 ac
1819 2848 2132 2915 doctrinae
2159 2848 2355 2916 laude
2378 2849 2769 2928 floruerunt,

549 2991 583 3029 «
619 2967 783 3032 hanc
828 2972 1113 3033 mentem
1152 2985 1226 3031 ac
1259 2966 1647 3031 sententiam
1688 2963 2027 3042 insedisse,
2073 2970 2147 3029 ut
2183 2966 2249 3029 in
2279 2966 2564 3032 conciliis
2602 2964 2777 3052 judi-

550 3103 585 3143 «
621 3100 770 3147 cum
815 3083 963 3147 loco
1024 3081 1275 3147 nonnisi
1312 3080 1613 3165 Episcopi
1648 3078 1971 3158 adessent,
2016 3088 2130 3146 aut
2168 3081 2405 3165 quibus
2452 3081 2561 3147 vel
2602 3101 2778 3148 man-

551 3220 586 3259 α
620 3196 774 3264 dato
813 3199 920 3263 vel
955 3197 1294 3282 privilegio
1324 3214 1704 3263 concessum
1737 3205 1934 3263 esset.
1967 3199 2040 3263 In
2082 3202 2421 3277 Traotoria,
2455 3216 2584 3283 qua
2613 3217 2778 3282 prae-

549 3337 585 3376 «
619 3315 869 3380 clarum
910 3313 1078 3379 illud
1109 3313 1527 3379 ecclesiarum
1569 3318 1938 3378 vestrarum
1964 3312 2187 3378 lumen
2218 3331 2294 3379 ac
2319 3312 2524 3380 decus
2555 3314 2780 3380 Avitus

551 3454 587 3492 «
615 3411 1004 3497 'Viennensis
1048 3431 1399 3514 Episcopos
1450 3437 1768 3495 convocat
1819 3428 1905 3495 ad
1963 3430 2305 3496 concilium
2351 3431 2730 3515 Epaonense
2753 3477 2769 3507 ,

553 3570 582 3604 ι
620 3553 810 3611 cavet
849 3553 921 3610 ut
946 3546 1000 3608 si
1029 3563 1226 3628 quem
1255 3543 1427 3610 forte
1460 3542 1739 3610 adversa
1780 3544 2091 3611 valetudo
2123 3545 2400 3624 detinet,
2438 3549 2590 3610 duos
2613 3565 2777 3628 pres·

552 3682 587 3722 α
621 3664 855 3743 hyteros
901 3680 1134 3741 maqnoe
1170 3681 1240 3724 ac
1273 3662 1606 3743 probabitis
1634 3667 1798 3741 vitae,
1837 3666 2114 3726 mandati
2149 3668 2542 3726 instructione
2563 3663 2779 3741 firma-

552 3797 587 3836 «
620 3781 732 3856 tos,
769 3777 1067 3855 fratribus
1080 3796 1197 3857 pro
1233 3795 1295 3838 se
1314 3784 1684 3857 praesentare
1707 3784 2011 3860 procuret.
2028 3826 2041 3840 .
2058 3826 2071 3840 .
2106 3781 2327 3859 Nempe
2362 3780 2447 3840 ad
2477 3777 2780 3855 definitio-

552 3913 587 3954 «
623 3913 725 3956 nes
741 3912 859 3975 pro
887 3896 1177 3975 Episcopo
1204 3913 1309 3956 suo
1330 3896 1685 3957 sanciendas
1707 3895 2302 3975 subscribendasque;
2328 3896 2433 3956 sed
2462 3897 2632 3958 istud
2657 3913 2780 3958 non

547 4027 588 4073 α
619 4016 968 4090 extorqueat
1002 4014 1128 4073 nisi
1178 4029 1410 4072 summa
1460 4015 1797 4073 necessitas.
1851 4010 2124 4075 Sanctus
2166 4010 2323 4075 item
2367 4009 2778 4075 viventiolus

552 4145 587 4186 α
622 4121 1070 4208 Lugdunensis
1098 4132 1490 4191 conventum
1521 4126 1984 4208 Episcoporum
2009 4123 2399 4191 denuntians
2435 4145 2449 4189 z
2485 4128 2769 4202 Clericus,

554 4262 588 4300 α
625 4240 855 4324 inquit,
883 4249 1070 4322 prout
1091 4243 1335 4323 empedit
1362 4246 1675 4305 convenire
1703 4244 2139 4323 compellimus;
2168 4243 2352 4304 laicos
2367 4247 2778 4323 permittimus

553 4375 590 4418 α
624 4360 936 4436 interesse;
963 4363 1031 4419 ut
1059 4375 1189 4438 quae
1218 4376 1257 4418 a
1285 4373 1463 4422 sous
1492 4356 1955 4423 Pon‘rmcmus
2004 4357 2349 4418 ordinanda
2384 4364 2549 4433 sunt,
2581 4364 2641 4418 et
2665 4375 2776 4437 po-

554 4493 589 4534 «
617 4476 802 4555 putus
835 4479 1032 4556 possit
1058 4493 1392 4556 aquosi-ere.
1441 4473 1596 4538 Tam
1626 4491 1862 4557 nempe
1893 4473 2062 4539 certi
2090 4479 2279 4538 erant
2307 4467 2654 4537 Pontifices
2682 4470 2779 4537 illi
