3146 4973
541 365 665 429 186
1218 377 1595 427 *ram-runs
1641 377 1730 427 nn
1774 378 2103 427 nanneno.

1469 664 1737 730 CAPUT
1784 667 1832 728 1.

536 937 621 985 nt
654 936 866 985 vanus
896 937 1080 985 CURAE
1115 934 1496 993 SPECIEBUS,
1533 934 1617 980 ET
1647 931 1941 995 QUAENAM
1971 931 2055 978 Ex
2085 929 2186 979 ms
2216 931 2315 979 SIT
2343 931 2776 982 PAnocmAms

1085 1050 1328 1099 omnen
1363 1048 1777 1099 ESSENTlAus
1810 1048 1894 1096 ΕΤ
1922 1045 2224 1096 PROPRIA.

633 1326 693 1387 1⁰
746 1320 1071 1404 Distingui
1121 1325 1338 1403 potest
1403 1335 1561 1381 cura
1608 1317 1964 1381 animarum
2005 1316 2071 1379 in
2108 1313 2368 1398 plenam
2416 1332 2534 1379 seu
2585 1333 2776 1399 supe-

533 1436 721 1503 rioris
760 1433 1023 1519 gradus,
1060 1441 1130 1499 et
1161 1430 1504 1516 partialem
1536 1450 1655 1497 seu
1699 1428 1946 1514 gradus
1989 1428 2343 1495 inferioris.
2381 1432 2632 1493 Plenam
2664 1449 2777 1496 vo·

532 1568 753 1617 camus
800 1568 943 1615 eam
978 1565 1125 1635 quae
1172 1553 1545 1625 exercetur,
1601 1565 1733 1610 non
1778 1550 2036 1610 tantum
2087 1562 2210 1628 per
2253 1542 2778 1628 jurisdictionem

534 1668 660 1732 fori
712 1665 1175 1749 poenitentialis
1194 1711 1210 1742 ‚
1265 1662 1587 1746 verbique
1637 1660 1851 1727 divini
1885 1659 2419 1745 praedicationem
2451 1668 2521 1727 et
2565 1680 2779 1727 sacra-

534 1788 904 1849 mentorum
956 1778 1585 1846 administrationem
1609 1827 1624 1855 ‚
1680 1776 1797 1844 sed
1846 1778 2040 1843 etiam
2089 1795 2213 1859 per
2259 1774 2777 1861 jurisdictionem

533 1898 788 1965 externi
836 1897 964 1966 fori
1007 1905 1076 1963 et
1123 1893 1501 1982 judicialem
1555 1901 1951 1980 potestatem
1995 1915 2009 1959 ε
2056 1897 2385 1977 partialem
2433 1912 2591 1960 vero
2634 1912 2776 1979 quoe

536 2015 796 2080 externi
855 2008 980 2079 fori
1037 2010 1489 2098 jurisdictione
1548 2009 1931 2076 destituitur
1957 2056 1973 2087 ‚
2044 2027 2166 2074 nec
2223 2008 2500 2093 proinde
2562 2014 2779 2092 potest

533 2127 778 2194 bonum
811 2128 1146 2212 spirituale
1182 2128 1539 2192 animarum
1570 2142 1960 2208 promovere
1995 2124 2119 2189 nisi
2150 2123 2555 2190 suasionibus
2587 2124 2781 2189 moni·

533 2242 947 2328 tionibusque
978 2250 1046 2308 et
1077 2248 1631 2308 sacramentorum
1666 2240 2163 2307 ministratione.

624 2360 866 2426 Prioris
892 2377 1092 2443 porro
1114 2358 1372 2442 generis
1400 2375 1556 2422 cura
1590 2356 1852 2423 Summo
1886 2353 2188 2421 Pontifici
2216 2356 2533 2422 incumbit
2564 2356 2778 2441 quoad

536 2474 913 2541 universum
957 2472 1274 2540 mundum
1325 2495 1338 2539 :
1383 2473 1719 2558 Episcopis
1763 2473 1921 2539 item
1956 2469 2175 2556 quoad
2215 2490 2364 2538 snas
2405 2473 2777 2557 respective

537 2590 889 2658 dioeceses:
927 2591 1168 2656 vicario
1213 2590 1410 2656 etiam
1451 2588 1738 2674 generali
1760 2638 1775 2666 ‚
1827 2596 2059 2671 utpote
2102 2589 2213 2673 qui
2247 2588 2588 2674 ipsammet
2629 2590 2777 2674 Epi-

538 2708 715 2792 scopi
740 2704 1257 2792 jurisdictionem
1281 2705 1678 2772 vicarialiter
1700 2703 2133 2772 exercendam
2159 2703 2355 2770 habet
2376 2705 2441 2769 in
2462 2712 2604 2772 tota
2628 2706 2780 2791 (mo-

538 2823 759 2888 raliter
784 2821 1015 2887 saltem
1041 2820 1400 2908 loquendo)
1433 2821 1720 2888 dioecesi.

623 2938 705 3001 At
754 2955 916 3004 vero
959 2955 1115 3003 cura
1174 2935 1617 3020 parochorum
1669 2939 1964 3021 propria,
2023 2945 2122 3003 est
2167 2938 2544 3021 posterioris
2586 2937 2775 3005 dum-

534 3059 715 3121 taxat
751 3055 1031 3138 generis.
1085 3055 1219 3120 Nec
1275 3053 1549 3138 proinde
1601 3055 1686 3121 ob
1735 3052 2055 3139 ejusmodi
2103 3074 2324 3120 curam
2373 3061 2665 3139 pastores
2706 3057 2772 3120 in

534 3170 762 3236 stricto
804 3188 994 3236 sensu
1026 3170 1246 3237 vocari
1274 3178 1546 3254 possunt
1576 3169 1867 3254 parochi.
1904 3171 2063 3236 Nam
2091 3190 2337 3253 pascere
2367 3170 2544 3237 idem
2575 3179 2674 3237 est
2699 3190 2772 3236 ac

534 3304 768 3371 regere
795 3304 909 3352 seu
936 3285 1338 3371 gubernare;
1368 3284 1543 3370 quod
1569 3284 1698 3350 fori
1722 3286 1976 3351 externi
2002 3289 2394 3369 potestatem
2421 3286 2726 3370 supponit
2754 3308 2767 3351 ε

532 3423 661 3489 qua
691 3422 843 3469 cum
876 3401 1321 3470 destituantur
1353 3402 1640 3488 parochi,
1677 3403 1926 3470 nonnisi
1947 3404 2304 3486 improprio
2337 3421 2528 3470 sensu
2566 3410 2775 3487 pasto-

531 3526 748 3583 ratum
773 3519 839 3582 in
867 3516 1156 3584 Ecclesia
1191 3516 1512 3583 obtinent.

621 3634 715 3698 Ex
731 3651 853 3697 usu
870 3639 1090 3697 tamen
1113 3632 1507 3715 generaliter
1533 3641 1830 3717 recepto,
1846 3631 2106 3718 quando
2131 3631 2214 3700 dc
2237 3651 2393 3699 cura
2417 3634 2770 3700 animarum

531 3749 773 3835 absque
806 3746 1034 3816 addito
1078 3767 1292 3814 sermo
1330 3755 1462 3827 est,
1499 3750 1667 3816 solet
1702 3748 1975 3835 intelligi
2009 3769 2167 3816 cura
2197 3750 2304 3816 illa
2343 3752 2773 3834 parochorum

532 3862 816 3947 propria,
851 3861 1068 3945 potius
1099 3879 1291 3946 quam
1323 3861 1531 3926 altera
1576 3864 1934 3946 superioris
1974 3861 2239 3947 gradus,
2278 3863 2408 3929 fori
2437 3863 2630 3929 etiam
2669 3885 2778 3929 ex-

530 3979 702 4045 terni
748 3985 1144 4062 potestatem
1193 3977 1553 4044 includens.
1620 3978 1810 4046 Unde
1862 3988 1930 4046 et
1979 3999 2098 4046 nos
2144 3982 2210 4045 in
2258 3981 2511 4066 reliquo
2561 3982 2771 4064 capite

530 4113 755 4160 curam
785 4096 1143 4161 animarum
1180 4103 1631 4172 memorante5‚
1662 4097 2040 4162 inferiorem
2069 4098 2242 4164 illam
2272 4100 2558 4182 speciem
2592 4096 2775 4162 intel-

525 4211 809 4296 ligimus.

621 4328 690 4392 20
747 4327 1187 4413 Distinguitur
1233 4346 1391 4394 cura
1445 4328 1510 4392 in
1569 4330 1938 4394 habitualem
1982 4338 2051 4397 et
2080 4333 2399 4395 actualem.
2447 4330 2567 4397 Ille
2612 4329 2773 4396 dici-

532 4452 640 4511 tur
698 4446 1063 4510 habitualem
1121 4443 1463 4511 dumtaxat
1511 4464 1733 4512 curam
1776 4445 2038 4524 habere,
2083 4448 2192 4532 qui
2242 4444 2327 4511 de
2383 4446 2558 4511 facto
2596 4446 2768 4510 illam
