3146 4973
1211 384 1369 431 rans
1416 383 1643 430 rum.
2436 374 2553 436 127

1370 645 1500 718 §L

297 865 598 914 Documenta
622 878 649 913 a
678 866 961 927 pamchistis
985 865 1179 926 allegari
1209 866 1370 926 solita,
1395 878 1486 914 nou
1515 866 1715 927 probant
1750 864 1808 915 ad
1850 868 2081 928 modios
2119 868 2233 919 olim
2266 870 2551 931 pertinuisti*

849 962 1037 1021 proprie
1064 959 1235 1008 dictam
1263 960 1693 1008 excommunicandi
1723 967 2020 1022 potestatem.

390 1192 446 1255 Ι·
485 1208 891 1257 ALLEGATIO.
920 1227 1011 1239 -
1042 1192 1288 1256 Textus
1320 1190 1526 1255 sancti
1558 1191 1944 1274 Hieronymi
1981 1213 1995 1256 :
2034 1192 2190 1257 Mihi
2225 1201 2367 1257 ante
2390 1216 2561 1277 pres-

301 1309 580 1389 hyces-um
627 1309 832 1371 sedere
874 1327 994 1370 mm
1037 1309 1176 1369 licet
1221 1329 1240 1369 .-
1299 1310 1422 1386 illi,
1484 1314 1540 1369 si
1589 1328 1937 1389 peccavere,
1990 1311 2126 1372 licet
2184 1313 2424 1375 tradere
2466 1334 2559 1375 me

301 1427 552 1489 Satanoe
581 1430 652 1488 in
679 1430 991 1488 interitum
1014 1430 1215 1488 earnis
1253 1423 1465 1510 (epist.
1513 1428 1535 1488 l
1579 1422 1664 1491 ad
1702 1422 2126 1509 Eliodorum).
2163 1427 2410 1492 Volunt
2446 1447 2559 1511 pa-

301 1539 606 1606 roch'mtae
655 1538 750 1604 ibi
794 1546 1192 1622 potestatem
1225 1537 1848 1618 excommunicandi,
1913 1559 1989 1605 ac
2039 1539 2313 1624 proinde
2365 1542 2559 1625 juris-

299 1653 661 1723 dictionem
713 1663 1053 1722 externam
1112 1675 1150 1719 a
1203 1660 1428 1721 sancto
1493 1652 1767 1721 doctore
1822 1654 2029 1721 tribui
2088 1656 2543 1740 preshyteri53

298 1772 669 1838 verisimile
729 1780 948 1839 autem
1013 1773 1170 1836 satis
1226 1789 1367 1837 esse
1419 1771 1634 1845 aiunt,
1699 1769 2131 1853 presbyteros
2181 1769 2266 1837 de
2324 1772 2560 1856 quihus

293 1885 603 1970 loquitur
655 1887 855 1955 fuisse
912 1885 1250 1968 parochos.
1297 1922 1388 1933 —
1431 1883 1898 1969 Respondetur
1954 1885 2166 1968 primo
2188 1934 2204 1963 ‚
2257 1895 2557 1955 sanctum

296 2002 789 2087 Hieronymum
822 2000 996 2069 forte
1038 2002 1130 2067 ibi
1154 2001 1354 2084 loqui,
1407 2020 1539 2066 non
1589 1998 1675 2066 de
1717 2008 2042 2083 potestate
2086 2002 2351 2085 proprie
2383 2001 2557 2071 dicta

297 2114 940 2194 excommunicandi,
974 2114 1096 2183 sed
1148 2115 1234 2185 de
1288 2121 1617 2198 potestate
1663 2113 1944 2198 negandi
1978 2115 2449 2185 absolutionem
2492 2118 2559 2183 in

301 2231 451 2299 foro
489 2232 950 2315 poenitentiali,
978 2249 1169 2315 quam
1194 2229 1691 2314 denegationem
1722 2228 1921 2295 modo
1943 2230 2230 2297 oratorio
2252 2233 2559 2315 exprimit

305 2347 410 2413 his
437 2348 731 2427 vecibus,
771 2350 1012 2413 tradere
1041 2350 1286 2413 Satanoe
1329 2352 1396 2408 in
1430 2352 1745 2409 interitum
1777 2350 2003 2409 carnis.
2049 2344 2368 2424 Secundo,
2404 2366 2556 2417 eum

309 2464 492 2549 loqui
523 2464 607 2530 de
650 2462 1065 2548 presbyteris
1103 2462 1441 2530 civitatum
1494 2480 1614 2528 seu
1650 2459 1736 2528 de
1780 2462 2195 2546 presbyterio
2221 2463 2552 2548 Episcopi3

310 2598 465 2645 nam
497 2581 694 2663 paulo
725 2586 924 2646 antea
963 2577 1222 2644 dixerat
1259 2599 1273 2642 :
1314 2581 1407 2641 An
1442 2580 1516 2641 cle
1554 2578 1650 2640 his
1678 2580 1916 2658 aliquid
1948 2581 2203 2644 audeam
2232 2582 2430 2645 dicere
2454 2587 2560 2661 qm·

311 2704 469 2758 certe
511 2700 582 2758 in.
614 2701 741 2760 suis
772 2697 1020 2758 urbibus
1058 2696 1553 2756 commorantur?
1598 2692 2031 2776 Presbyteres
2060 2701 2279 2760 autem
2314 2702 2385 2760 et
2421 2692 2560 2762 dia-

310 2828 531 2889 conos,
573 2811 685 2895 qui
712 2811 1051 2895 antiquum
1081 2809 1572 2893 presbyterium
1596 2807 1988 2884 conflabant,
2024 2816 2370 2880 externam
2406 2830 2554 2876 cum

310 2926 631 3009 Episcopo
660 2933 730 2991 et
765 2924 891 2990 suh
924 2925 1243 3007 Episcopo
1278 2922 1645 2987 exercuisse
1672 2920 2215 3004 jurisdictionem,
2250 2925 2421 2989 sicut
2448 2924 2556 2991 ho-

311 3039 422 3107 die
451 3047 770 3106 exercent
806 3038 1034 3103 vicarii
1070 3036 1430 3121 generales,
1477 3054 1597 3118 pro
1621 3036 1958 3118 explorato
2002 3036 2248 3104 habent
2279 3039 2548 3106 eruditi.

311 3157 558 3233 Tertio,
595 3170 1013 3240 quocumque
1056 3149 1253 3217 modo
1301 3148 1763 3232 intelligendus
1804 3149 2112 3217 videatur
2152 3152 2261 3218 ille
2304 3159 2551 3232 textus,

315 3280 574 3338 certum
618 3276 924 3336 remanet
971 3275 1269 3332 sanctum
1324 3266 1804 3348 Hieronymum
1858 3285 1940 3331 ne
1991 3268 2253 3333 minima
2290 3268 2553 3353 quidem

312 3407 475 3456 voce
512 3387 601 3454 de
627 3385 928 3472 parochis
943 3404 1308 3451 sermonem
1330 3383 1592 3465 fecissc;
1621 3389 1818 3467 atquc
1839 3401 1990 3449 eum
2021 3383 2110 3448 ihi
2139 3383 2555 3455 considerare

315 3512 526 3574 totum
558 3504 1105 3588 presbyterorum
1136 3499 1457 3577 ordinem,
1491 3517 1609 3565 seu
1649 3497 1928 3564 secundi
1966 3497 2212 3566 ordinis
2252 3499 2554 3569 sacerdo-

316 3622 502 3697 tium,
538 3620 923 3686 nullatenus
946 3635 1105 3683 vero
1133 3616 1463 3700 peculiare
1490 3613 1773 3680 officium
1802 3616 2090 3698 parochi,
2124 3636 2208 3681 ex
2238 3622 2379 3684 toto
2409 3636 2558 3684 con-

321 3746 500 3804 textu
537 3744 749 3821 patet.
786 3732 980 3800 Unde
1010 3736 1120 3799 vix
1144 3733 1509 3815 concipitur
1539 3730 1805 3798 audacia
1828 3733 2153 3811 Juvenini,
2187 3734 2299 3818 qui
2331 3736 2427 3820 (de
2449 3740 2558 3801 Sa-

323 3862 633 3923 cramenus
659 3861 732 3917 in
751 3870 969 3933 qaaere
986 3859 1045 3914 et
1066 3855 1275 3932 specie,
1300 3847 1565 3914 dissert.
1598 3852 1659 3923 9,
1692 3867 1755 3931 q.
1780 3850 1843 3924 3,
1876 3855 2002 3913 art.
2028 3852 2091 3925 3,
2124 3854 2155 3927 5
2181 3847 2246 3933 3)
2270 3848 2558 3920 fidenter

325 3970 492 4037 illum
515 3979 784 4038 textum
827 3964 916 4032 ad
955 3962 1410 4030 vindicandam
1454 3961 1771 4049 parochis
1801 3963 2404 4032 excommunicandi
2447 3986 2556 4050 po-

326 4094 613 4156 testatem
646 4094 726 4153 et
767 4082 902 4148 fori
926 4081 1187 4150 externi
1213 4078 1738 4164 jurisdictionem
1768 4077 2061 4146 adducit.
2101 4081 2553 4151 Thomassinus

320 4225 480 4287 vero,
517 4207 640 4292 qui
673 4202 976 4268 rationes
999 4196 1084 4263 ad
1123 4192 1582 4261 vindicandam
1618 4192 1918 4276 parochis
1954 4199 2555 4268 excommunicandi

313 4324 691 4391 facultatem
723 4313 956 4384 afferri
994 4313 1214 4384 solitas
1240 4310 1591 4394 diligenter
1630 4310 1910 4393 collegit,
1950 4332 1990 4380 a
2024 4313 2289 4384 citando
2321 4317 2557 4382 Hiero-

305 4447 464 4532 nymi
501 4446 720 4510 textu
743 4432 1059 4520 abstinet.
1101 4430 1279 4494 Bene
1324 4426 1584 4494 viderat
1634 4436 1953 4496 emunctae
1985 4432 2166 4498 naris
2201 4432 2335 4512 vir,
2361 4433 2557 4501 nimis
