<?xml version="1.0" encoding="UTF-8"?>
<!DOCTYPE html PUBLIC "-//W3C//DTD XHTML 1.0 Transitional//EN"
    "http://www.w3.org/TR/xhtml1/DTD/xhtml1-transitional.dtd">
<html xmlns="http://www.w3.org/1999/xhtml" xml:lang="en" lang="en">
 <head>
  <title>
</title>
<meta http-equiv="Content-Type" content="text/html;charset=utf-8" />
  <meta name='ocr-system' content='tesseract 3.04.00' />
  <meta name='ocr-capabilities' content='ocr_page ocr_carea ocr_par ocr_line ocrx_word'/>
</head>
<body>
  <div class='ocr_page' id='page_1' title='image "./tractatusdeparo00bouigoog_0499.png"; bbox 0 0 3146 4973; ppageno 0'>
   <div class='ocr_carea' id='block_1_1' title="bbox 1246 431 2581 495">
    <p class='ocr_par' dir='ltr' id='par_1_1' title="bbox 1246 431 2581 495">
     <span class='ocr_line' id='line_1_1' title="bbox 1246 431 2581 495; baseline 0.011 -15"><span class='ocrx_word' id='word_1_1' title='bbox 1246 433 1402 481; x_wconf 65' lang='lat' dir='ltr'>rins</span> <span class='ocrx_word' id='word_1_2' title='bbox 1447 436 1732 495; x_wconf 60' lang='lat' dir='ltr'>Quanti.</span> <span class='ocrx_word' id='word_1_3' title='bbox 2467 431 2581 495; x_wconf 74' lang='lat'>471</span> 
     </span>
    </p>
   </div>
   <div class='ocr_carea' id='block_1_2' title="bbox 1244 711 1711 783">
    <p class='ocr_par' dir='ltr' id='par_1_2' title="bbox 1244 711 1711 783">
     <span class='ocr_line' id='line_1_2' title="bbox 1244 711 1711 783; baseline 0 -2"><span class='ocrx_word' id='word_1_4' title='bbox 1244 711 1511 782; x_wconf 73' lang='lat' dir='ltr'>CAPUT</span> <span class='ocrx_word' id='word_1_5' title='bbox 1566 717 1711 783; x_wconf 81' lang='lat' dir='ltr'>vn.</span> 
     </span>
    </p>
   </div>
   <div class='ocr_carea' id='block_1_3' title="bbox 715 957 2228 1032">
    <p class='ocr_par' dir='ltr' id='par_1_3' title="bbox 715 957 2228 1032">
     <span class='ocr_line' id='line_1_3' title="bbox 715 957 2228 1032; baseline 0.007 -20"><span class='ocrx_word' id='word_1_6' title='bbox 715 967 826 1016; x_wconf 80' lang='lat' dir='ltr'>ms</span> <span class='ocrx_word' id='word_1_7' title='bbox 860 965 1147 1017; x_wconf 67' lang='lat' dir='ltr'>nucem</span> <span class='ocrx_word' id='word_1_8' title='bbox 1182 957 1413 1032; x_wconf 75' lang='lat' dir='ltr'>Quom</span> <span class='ocrx_word' id='word_1_9' title='bbox 1450 971 1876 1022; x_wconf 76' lang='lat' dir='ltr'>MATRIMOMA</span> <span class='ocrx_word' id='word_1_10' title='bbox 1915 975 2228 1027; x_wconf 70' lang='lat' dir='ltr'>mosmos.</span> 
     </span>
    </p>
   </div>
   <div class='ocr_carea' id='block_1_4' title="bbox 354 1214 2597 1510">
    <p class='ocr_par' dir='ltr' id='par_1_4' title="bbox 354 1214 2597 1510">
     <span class='ocr_line' id='line_1_4' title="bbox 450 1214 2597 1309; baseline 0.006 -30"><span class='ocrx_word' id='word_1_11' title='bbox 450 1214 758 1282; x_wconf 81' lang='lat' dir='ltr'><strong>Dicemus</strong></span> <span class='ocrx_word' id='word_1_12' title='bbox 808 1220 870 1279; x_wconf 85' lang='lat'>1⁰</span> <span class='ocrx_word' id='word_1_13' title='bbox 912 1217 1204 1301; x_wconf 86' lang='lat' dir='ltr'>quisnam</span> <span class='ocrx_word' id='word_1_14' title='bbox 1230 1220 1311 1284; x_wconf 86' lang='lat' dir='ltr'>sit</span> <span class='ocrx_word' id='word_1_15' title='bbox 1338 1222 1647 1305; x_wconf 89' lang='lat' dir='ltr'>proprius</span> <span class='ocrx_word' id='word_1_16' title='bbox 1677 1223 1996 1306; x_wconf 80' lang='lat' dir='ltr'>parochus</span> <span class='ocrx_word' id='word_1_17' title='bbox 2025 1225 2241 1309; x_wconf 85' lang='lat' dir='ltr'>quoad</span> <span class='ocrx_word' id='word_1_18' title='bbox 2263 1227 2597 1294; x_wconf 86' lang='lat' dir='ltr'>matrimo-</span> 
     </span>
     <span class='ocr_line' id='line_1_5' title="bbox 358 1329 2594 1416; baseline 0.004 -18"><span class='ocrx_word' id='word_1_19' title='bbox 358 1333 483 1400; x_wconf 82' lang='lat' dir='ltr'>nia.</span> <span class='ocrx_word' id='word_1_20' title='bbox 533 1334 602 1395; x_wconf 77' lang='lat'>2⁰</span> <span class='ocrx_word' id='word_1_21' title='bbox 641 1333 676 1395; x_wconf 85' lang='lat' dir='ltr'>J</span> <span class='ocrx_word' id='word_1_22' title='bbox 682 1329 1163 1397; x_wconf 85' lang='lat' dir='ltr'>urisdictionem</span> <span class='ocrx_word' id='word_1_23' title='bbox 1206 1334 1636 1416; x_wconf 81' lang='lat' dir='ltr'>parochorum</span> <span class='ocrx_word' id='word_1_24' title='bbox 1688 1339 1862 1405; x_wconf 90' lang='lat' dir='ltr'>circa</span> <span class='ocrx_word' id='word_1_25' title='bbox 1904 1339 2309 1405; x_wconf 89' lang='lat' dir='ltr'>matrimonia</span> <span class='ocrx_word' id='word_1_26' title='bbox 2347 1340 2594 1406; x_wconf 88' lang='lat' dir='ltr'>descri-</span> 
     </span>
     <span class='ocr_line' id='line_1_6' title="bbox 354 1445 605 1510; baseline -0.008 0"><span class='ocrx_word' id='word_1_27' title='bbox 354 1445 605 1510; x_wconf 87' lang='lat' dir='ltr'>bemus.</span> 
     </span>
    </p>
   </div>
   <div class='ocr_carea' id='block_1_5' title="bbox 1399 1643 1533 1718">
    <p class='ocr_par' dir='ltr' id='par_1_5' title="bbox 1399 1643 1533 1718">
     <span class='ocr_line' id='line_1_7' title="bbox 1399 1643 1533 1718; baseline 0 -12"><span class='ocrx_word' id='word_1_28' title='bbox 1399 1643 1533 1718; x_wconf 76' lang='lat' dir='ltr'>sl.</span> 
     </span>
    </p>
   </div>
   <div class='ocr_carea' id='block_1_6' title="bbox 778 1834 2162 1901">
    <p class='ocr_par' dir='ltr' id='par_1_6' title="bbox 778 1834 2162 1901">
     <span class='ocr_line' id='line_1_8' title="bbox 778 1834 2162 1901; baseline 0.004 -18"><span class='ocrx_word' id='word_1_29' title='bbox 778 1836 1000 1891; x_wconf 75' lang='lat' dir='ltr'>Quisnam</span> <span class='ocrx_word' id='word_1_30' title='bbox 1037 1834 1101 1884; x_wconf 69' lang='lat' dir='ltr'>sit</span> <span class='ocrx_word' id='word_1_31' title='bbox 1133 1834 1285 1898; x_wconf 83' lang='lat' dir='ltr'>quoad</span> <span class='ocrx_word' id='word_1_32' title='bbox 1323 1836 1619 1885; x_wconf 73' lang='lat' dir='ltr'>matrimonia</span> <span class='ocrx_word' id='word_1_33' title='bbox 1653 1839 1876 1901; x_wconf 79' lang='lat' dir='ltr'>proprius</span> <span class='ocrx_word' id='word_1_34' title='bbox 1907 1840 2162 1901; x_wconf 76' lang='lat' dir='ltr'>parochus.</span> 
     </span>
    </p>
   </div>
   <div class='ocr_carea' id='block_1_7' title="bbox 335 2050 2625 4553">
    <p class='ocr_par' dir='ltr' id='par_1_7' title="bbox 341 2050 2625 2933">
     <span class='ocr_line' id='line_1_9' title="bbox 442 2050 2579 2139; baseline 0.002 -22"><span class='ocrx_word' id='word_1_35' title='bbox 442 2054 529 2117; x_wconf 89' lang='lat' dir='ltr'>Ut</span> <span class='ocrx_word' id='word_1_36' title='bbox 586 2051 868 2116; x_wconf 88' lang='lat' dir='ltr'>validum</span> <span class='ocrx_word' id='word_1_37' title='bbox 919 2050 1001 2115; x_wconf 87' lang='lat' dir='ltr'>sit</span> <span class='ocrx_word' id='word_1_38' title='bbox 1061 2052 1559 2131; x_wconf 78' lang='lat' dir='ltr'>matrimonium,</span> <span class='ocrx_word' id='word_1_39' title='bbox 1621 2054 1894 2118; x_wconf 88' lang='lat' dir='ltr'>sancivit</span> <span class='ocrx_word' id='word_1_40' title='bbox 1945 2054 2322 2120; x_wconf 82' lang='lat' dir='ltr'>Tridentiua</span> <span class='ocrx_word' id='word_1_41' title='bbox 2385 2076 2579 2139; x_wconf 76' lang='lat' dir='ltr'>syno-</span> 
     </span>
     <span class='ocr_line' id='line_1_10' title="bbox 350 2163 2578 2252; baseline 0.001 -20"><span class='ocrx_word' id='word_1_42' title='bbox 350 2165 474 2232; x_wconf 89' lang='lat' dir='ltr'>dus</span> <span class='ocrx_word' id='word_1_43' title='bbox 523 2163 818 2234; x_wconf 83' lang='lat' dir='ltr'>contrahi</span> <span class='ocrx_word' id='word_1_44' title='bbox 866 2164 1117 2230; x_wconf 89' lang='lat' dir='ltr'>debere</span> <span class='ocrx_word' id='word_1_45' title='bbox 1159 2184 1381 2230; x_wconf 88' lang='lat' dir='ltr'>coram</span> <span class='ocrx_word' id='word_1_46' title='bbox 1412 2168 1682 2250; x_wconf 88' lang='lat' dir='ltr'>proprio</span> <span class='ocrx_word' id='word_1_47' title='bbox 1730 2167 2253 2234; x_wconf 80' lang='lat' dir='ltr'>contrahentium</span> <span class='ocrx_word' id='word_1_48' title='bbox 2296 2169 2578 2252; x_wconf 76' lang='lat' dir='ltr'>parocho</span> 
     </span>
     <span class='ocr_line' id='line_1_11' title="bbox 353 2274 2625 2365; baseline 0.001 -18"><span class='ocrx_word' id='word_1_49' title='bbox 353 2282 532 2365; x_wconf 79' lang='lat' dir='ltr'>(sess,</span> <span class='ocrx_word' id='word_1_50' title='bbox 580 2281 686 2356; x_wconf 76' lang='lat'>24,</span> <span class='ocrx_word' id='word_1_51' title='bbox 726 2299 785 2346; x_wconf 90' lang='lat' dir='ltr'>c.</span> <span class='ocrx_word' id='word_1_52' title='bbox 836 2282 858 2343; x_wconf 85' lang='lat'>1</span> <span class='ocrx_word' id='word_1_53' title='bbox 908 2283 983 2344; x_wconf 81' lang='lat' dir='ltr'>de</span> <span class='ocrx_word' id='word_1_54' title='bbox 1013 2283 1149 2360; x_wconf 81' lang='lat' dir='ltr'>Res.</span> <span class='ocrx_word' id='word_1_55' title='bbox 1192 2279 1619 2365; x_wconf 76' lang='lat' dir='ltr'>matrimonii).</span> <span class='ocrx_word' id='word_1_56' title='bbox 1653 2282 1810 2364; x_wconf 84' lang='lat' dir='ltr'>Quis</span> <span class='ocrx_word' id='word_1_57' title='bbox 1849 2290 2069 2348; x_wconf 86' lang='lat' dir='ltr'>autem</span> <span class='ocrx_word' id='word_1_58' title='bbox 2105 2281 2469 2349; x_wconf 85' lang='lat' dir='ltr'>censendus</span> <span class='ocrx_word' id='word_1_59' title='bbox 2496 2285 2584 2349; x_wconf 85' lang='lat' dir='ltr'>sit</span> <span class='ocrx_word' id='word_1_60' title='bbox 2611 2274 2625 2296; x_wconf 73' lang='lat'><strong><em>⁹</em></strong></span> 
     </span>
     <span class='ocr_line' id='line_1_12' title="bbox 347 2394 2570 2480; baseline -0 -18"><span class='ocrx_word' id='word_1_61' title='bbox 347 2396 649 2480; x_wconf 83' lang='lat' dir='ltr'>proprius</span> <span class='ocrx_word' id='word_1_62' title='bbox 698 2394 1218 2460; x_wconf 81' lang='lat' dir='ltr'>contrahentium</span> <span class='ocrx_word' id='word_1_63' title='bbox 1269 2395 1612 2477; x_wconf 77' lang='lat' dir='ltr'>parochuS,</span> <span class='ocrx_word' id='word_1_64' title='bbox 1669 2397 1902 2461; x_wconf 88' lang='lat' dir='ltr'>Patres</span> <span class='ocrx_word' id='word_1_65' title='bbox 1946 2414 2076 2460; x_wconf 89' lang='lat' dir='ltr'>non</span> <span class='ocrx_word' id='word_1_66' title='bbox 2125 2395 2570 2463; x_wconf 86' lang='lat' dir='ltr'>declararunt.</span> 
     </span>
     <span class='ocr_line' id='line_1_13' title="bbox 349 2510 2578 2597; baseline 0.004 -24"><span class='ocrx_word' id='word_1_67' title='bbox 349 2535 382 2573; x_wconf 76' lang='grc' dir='ltr'><em>α</em></span> <span class='ocrx_word' id='word_1_68' title='bbox 415 2514 579 2579; x_wconf 83' lang='lat' dir='ltr'>Hinc</span> <span class='ocrx_word' id='word_1_69' title='bbox 606 2529 806 2594; x_wconf 86' lang='lat' dir='ltr'>super</span> <span class='ocrx_word' id='word_1_70' title='bbox 835 2511 953 2575; x_wconf 85' lang='lat' dir='ltr'>hac</span> <span class='ocrx_word' id='word_1_71' title='bbox 988 2530 1063 2576; x_wconf 87' lang='lat' dir='ltr'>re</span> <span class='ocrx_word' id='word_1_72' title='bbox 1096 2512 1451 2576; x_wconf 83' lang='lat' dir='ltr'>innumerae</span> <span class='ocrx_word' id='word_1_73' title='bbox 1484 2528 1693 2594; x_wconf 87' lang='lat' dir='ltr'>prope</span> <span class='ocrx_word' id='word_1_74' title='bbox 1727 2510 2253 2595; x_wconf 82' lang='lat' dir='ltr'>disceptationeS,</span> <span class='ocrx_word' id='word_1_75' title='bbox 2298 2532 2578 2597; x_wconf 84' lang='lat' dir='ltr'>quarum</span> 
     </span>
     <span class='ocr_line' id='line_1_14' title="bbox 346 2624 2576 2711; baseline 0.003 -26"><span class='ocrx_word' id='word_1_76' title='bbox 346 2651 376 2687; x_wconf 69' lang='lat' dir='ltr'>a</span> <span class='ocrx_word' id='word_1_77' title='bbox 410 2626 591 2711; x_wconf 88' lang='lat' dir='ltr'>pleni</span> <span class='ocrx_word' id='word_1_78' title='bbox 614 2633 770 2691; x_wconf 88' lang='lat' dir='ltr'>sunt</span> <span class='ocrx_word' id='word_1_79' title='bbox 796 2624 969 2701; x_wconf 84' lang='lat' dir='ltr'>libri,</span> <span class='ocrx_word' id='word_1_80' title='bbox 1012 2625 1307 2691; x_wconf 80' lang='lat' dir='ltr'>excitatae</span> <span class='ocrx_word' id='word_1_81' title='bbox 1336 2625 1631 2691; x_wconf 79' lang='lat' dir='ltr'>fuerunt.</span> <span class='ocrx_word' id='word_1_82' title='bbox 1669 2648 1704 2687; x_wconf 71' lang='lat' dir='ltr'>n</span> <span class='ocrx_word' id='word_1_83' title='bbox 1744 2625 2157 2711; x_wconf 84' lang='lat' dir='ltr'>(Benedictus</span> <span class='ocrx_word' id='word_1_84' title='bbox 2185 2627 2354 2706; x_wconf 79' lang='lat' dir='ltr'>XIV,</span> <span class='ocrx_word' id='word_1_85' title='bbox 2391 2628 2576 2692; x_wconf 86' lang='lat' dir='ltr'>insti-</span> 
     </span>
     <span class='ocr_line' id='line_1_15' title="bbox 341 2738 2570 2825; baseline 0 -17"><span class='ocrx_word' id='word_1_86' title='bbox 341 2743 597 2809; x_wconf 84' lang='lat' dir='ltr'>tutione</span> <span class='ocrx_word' id='word_1_87' title='bbox 636 2744 746 2819; x_wconf 81' lang='lat'>33,</span> <span class='ocrx_word' id='word_1_88' title='bbox 789 2759 853 2804; x_wconf 91' lang='lat' dir='ltr'>n.</span> <span class='ocrx_word' id='word_1_89' title='bbox 899 2738 991 2824; x_wconf 82' lang='lat'>3.)</span> <span class='ocrx_word' id='word_1_90' title='bbox 1043 2739 1473 2807; x_wconf 85' lang='lat' dir='ltr'>Difficultates</span> <span class='ocrx_word' id='word_1_91' title='bbox 1509 2740 1831 2824; x_wconf 87' lang='lat' dir='ltr'>ejusmodi</span> <span class='ocrx_word' id='word_1_92' title='bbox 1860 2760 1991 2807; x_wconf 90' lang='lat' dir='ltr'>non</span> <span class='ocrx_word' id='word_1_93' title='bbox 2033 2762 2119 2808; x_wconf 81' lang='lat' dir='ltr'>ex</span> <span class='ocrx_word' id='word_1_94' title='bbox 2146 2742 2442 2825; x_wconf 85' lang='lat' dir='ltr'>professo</span> <span class='ocrx_word' id='word_1_95' title='bbox 2470 2742 2570 2808; x_wconf 85' lang='lat' dir='ltr'>hic</span> 
     </span>
     <span class='ocr_line' id='line_1_16' title="bbox 343 2854 2571 2933; baseline 0 -10"><span class='ocrx_word' id='word_1_96' title='bbox 343 2857 785 2933; x_wconf 89' lang='lat' dir='ltr'>discutiemus,</span> <span class='ocrx_word' id='word_1_97' title='bbox 823 2854 943 2921; x_wconf 89' lang='lat' dir='ltr'>sed</span> <span class='ocrx_word' id='word_1_98' title='bbox 986 2874 1213 2921; x_wconf 87' lang='lat' dir='ltr'>earum</span> <span class='ocrx_word' id='word_1_99' title='bbox 1249 2855 1594 2921; x_wconf 84' lang='lat' dir='ltr'>dumtaxat</span> <span class='ocrx_word' id='word_1_100' title='bbox 1621 2857 2007 2924; x_wconf 80' lang='lat' dir='ltr'>solutionem</span> <span class='ocrx_word' id='word_1_101' title='bbox 2049 2857 2344 2925; x_wconf 73' lang='lat' dir='ltr'>breviter</span> <span class='ocrx_word' id='word_1_102' title='bbox 2371 2857 2571 2924; x_wconf 88' lang='lat' dir='ltr'>adno-</span> 
     </span>
    </p>

    <p class='ocr_par' dir='ltr' id='par_1_8' title="bbox 335 3082 2569 3745">
     <span class='ocr_line' id='line_1_17' title="bbox 444 3082 2569 3170; baseline 0 -20"><span class='ocrx_word' id='word_1_103' title='bbox 444 3091 505 3150; x_wconf 82' lang='lat'>1⁰</span> <span class='ocrx_word' id='word_1_104' title='bbox 536 3085 634 3152; x_wconf 81' lang='lat' dir='ltr'>Ad</span> <span class='ocrx_word' id='word_1_105' title='bbox 669 3085 1072 3153; x_wconf 81' lang='lat' dir='ltr'>validitatem</span> <span class='ocrx_word' id='word_1_106' title='bbox 1098 3086 1490 3152; x_wconf 87' lang='lat' dir='ltr'>matrimonii</span> <span class='ocrx_word' id='word_1_107' title='bbox 1516 3082 1750 3152; x_wconf 88' lang='lat' dir='ltr'>sufficit</span> <span class='ocrx_word' id='word_1_108' title='bbox 1778 3087 2122 3170; x_wconf 77' lang='lat' dir='ltr'>praesentia</span> <span class='ocrx_word' id='word_1_109' title='bbox 2152 3086 2347 3151; x_wconf 84' lang='lat' dir='ltr'>solius</span> <span class='ocrx_word' id='word_1_110' title='bbox 2381 3104 2569 3168; x_wconf 92' lang='lat' dir='ltr'>paro-</span> 
     </span>
     <span class='ocr_line' id='line_1_18' title="bbox 341 3199 2560 3285; baseline -0.002 -18"><span class='ocrx_word' id='word_1_111' title='bbox 341 3203 449 3268; x_wconf 90' lang='lat' dir='ltr'>chi</span> <span class='ocrx_word' id='word_1_112' title='bbox 487 3220 754 3285; x_wconf 85' lang='lat' dir='ltr'>sponsae,</span> <span class='ocrx_word' id='word_1_113' title='bbox 803 3201 854 3267; x_wconf 88' lang='lat' dir='ltr'>si</span> <span class='ocrx_word' id='word_1_114' title='bbox 892 3201 1370 3266; x_wconf 85' lang='lat' dir='ltr'>matrimonium</span> <span class='ocrx_word' id='word_1_115' title='bbox 1418 3201 1795 3267; x_wconf 83' lang='lat' dir='ltr'>celebretur</span> <span class='ocrx_word' id='word_1_116' title='bbox 1828 3201 1896 3264; x_wconf 85' lang='lat' dir='ltr'>in</span> <span class='ocrx_word' id='word_1_117' title='bbox 1940 3217 2187 3282; x_wconf 80' lang='lat' dir='ltr'>sponsae</span> <span class='ocrx_word' id='word_1_118' title='bbox 2225 3199 2529 3282; x_wconf 88' lang='lat' dir='ltr'>parochia</span> <span class='ocrx_word' id='word_1_119' title='bbox 2545 3221 2560 3281; x_wconf 87' lang='lat'>;</span> 
     </span>
     <span class='ocr_line' id='line_1_19' title="bbox 336 3312 2566 3400; baseline -0.002 -17"><span class='ocrx_word' id='word_1_120' title='bbox 336 3318 498 3383; x_wconf 85' lang='lat' dir='ltr'>item</span> <span class='ocrx_word' id='word_1_121' title='bbox 528 3317 723 3382; x_wconf 89' lang='lat' dir='ltr'>solius</span> <span class='ocrx_word' id='word_1_122' title='bbox 748 3316 1013 3400; x_wconf 82' lang='lat' dir='ltr'>parochi</span> <span class='ocrx_word' id='word_1_123' title='bbox 1036 3315 1273 3399; x_wconf 86' lang='lat' dir='ltr'>sponsi,</span> <span class='ocrx_word' id='word_1_124' title='bbox 1302 3314 1562 3399; x_wconf 86' lang='lat' dir='ltr'>quando</span> <span class='ocrx_word' id='word_1_125' title='bbox 1589 3316 1655 3379; x_wconf 93' lang='lat' dir='ltr'>in</span> <span class='ocrx_word' id='word_1_126' title='bbox 1677 3315 1894 3399; x_wconf 81' lang='lat' dir='ltr'>sponsi</span> <span class='ocrx_word' id='word_1_127' title='bbox 1919 3313 2217 3398; x_wconf 88' lang='lat' dir='ltr'>parochia</span> <span class='ocrx_word' id='word_1_128' title='bbox 2242 3312 2566 3380; x_wconf 85' lang='lat' dir='ltr'>contrahi-</span> 
     </span>
     <span class='ocr_line' id='line_1_20' title="bbox 336 3427 2567 3514; baseline -0.001 -18"><span class='ocrx_word' id='word_1_129' title='bbox 336 3438 473 3497; x_wconf 83' lang='lat' dir='ltr'>tur.</span> <span class='ocrx_word' id='word_1_130' title='bbox 498 3433 596 3498; x_wconf 89' lang='lat' dir='ltr'>Ita</span> <span class='ocrx_word' id='word_1_131' title='bbox 622 3431 911 3497; x_wconf 84' lang='lat' dir='ltr'>decisum</span> <span class='ocrx_word' id='word_1_132' title='bbox 935 3450 973 3495; x_wconf 91' lang='lat' dir='ltr'>a</span> <span class='ocrx_word' id='word_1_133' title='bbox 995 3431 1187 3496; x_wconf 85' lang='lat' dir='ltr'>Sacra</span> <span class='ocrx_word' id='word_1_134' title='bbox 1215 3430 1731 3514; x_wconf 85' lang='lat' dir='ltr'>Congregatione</span> <span class='ocrx_word' id='word_1_135' title='bbox 1762 3430 2051 3507; x_wconf 90' lang='lat' dir='ltr'>Concilii,</span> <span class='ocrx_word' id='word_1_136' title='bbox 2080 3429 2247 3496; x_wconf 86' lang='lat' dir='ltr'>libro</span> <span class='ocrx_word' id='word_1_137' title='bbox 2283 3434 2308 3493; x_wconf 87' lang='lat' dir='ltr'>l</span> <span class='ocrx_word' id='word_1_138' title='bbox 2339 3427 2567 3495; x_wconf 86' lang='lat' dir='ltr'>decre-</span> 
     </span>
     <span class='ocr_line' id='line_1_21' title="bbox 335 3542 2562 3631; baseline -0.001 -19"><span class='ocrx_word' id='word_1_139' title='bbox 335 3555 577 3625; x_wconf 88' lang='lat' dir='ltr'>torum,</span> <span class='ocrx_word' id='word_1_140' title='bbox 612 3547 845 3631; x_wconf 85' lang='lat' dir='ltr'>pagina</span> <span class='ocrx_word' id='word_1_141' title='bbox 886 3547 1003 3610; x_wconf 78' lang='lat'>125</span> <span class='ocrx_word' id='word_1_142' title='bbox 1034 3564 1074 3611; x_wconf 88' lang='lat' dir='ltr'>a</span> <span class='ocrx_word' id='word_1_143' title='bbox 1101 3553 1313 3629; x_wconf 85' lang='lat' dir='ltr'>tergo.</span> <span class='ocrx_word' id='word_1_144' title='bbox 1350 3545 1562 3631; x_wconf 78' lang='lat' dir='ltr'>Atque</span> <span class='ocrx_word' id='word_1_145' title='bbox 1592 3546 1682 3612; x_wconf 89' lang='lat' dir='ltr'>ita</span> <span class='ocrx_word' id='word_1_146' title='bbox 1714 3546 1974 3612; x_wconf 89' lang='lat' dir='ltr'>omniuo</span> <span class='ocrx_word' id='word_1_147' title='bbox 2001 3544 2383 3621; x_wconf 88' lang='lat' dir='ltr'>tenendum,</span> <span class='ocrx_word' id='word_1_148' title='bbox 2411 3542 2562 3610; x_wconf 79' lang='lat' dir='ltr'>vide</span> 
     </span>
     <span class='ocr_line' id='line_1_22' title="bbox 336 3659 2078 3745; baseline -0.002 -18"><span class='ocrx_word' id='word_1_149' title='bbox 336 3662 571 3745; x_wconf 82' lang='lat' dir='ltr'>passim</span> <span class='ocrx_word' id='word_1_150' title='bbox 600 3659 781 3744; x_wconf 90' lang='lat' dir='ltr'>apud</span> <span class='ocrx_word' id='word_1_151' title='bbox 810 3659 1112 3727; x_wconf 87' lang='lat' dir='ltr'>doctores</span> <span class='ocrx_word' id='word_1_152' title='bbox 1149 3659 1233 3726; x_wconf 90' lang='lat' dir='ltr'>de</span> <span class='ocrx_word' id='word_1_153' title='bbox 1264 3661 1670 3726; x_wconf 88' lang='lat' dir='ltr'>matrimonio</span> <span class='ocrx_word' id='word_1_154' title='bbox 1699 3668 2078 3727; x_wconf 87' lang='lat' dir='ltr'>tractantes.</span> 
     </span>
    </p>

    <p class='ocr_par' dir='ltr' id='par_1_9' title="bbox 335 3772 2567 3969">
     <span class='ocr_line' id='line_1_23' title="bbox 424 3772 2567 3858; baseline -0 -16"><span class='ocrx_word' id='word_1_155' title='bbox 424 3780 493 3842; x_wconf 84' lang='lat'>2⁰</span> <span class='ocrx_word' id='word_1_156' title='bbox 532 3776 845 3858; x_wconf 89' lang='lat' dir='ltr'>Proprius</span> <span class='ocrx_word' id='word_1_157' title='bbox 874 3773 1215 3858; x_wconf 75' lang='lat' dir='ltr'>parochuS‚</span> <span class='ocrx_word' id='word_1_158' title='bbox 1248 3792 1380 3839; x_wconf 89' lang='lat' dir='ltr'>non</span> <span class='ocrx_word' id='word_1_159' title='bbox 1406 3781 1508 3840; x_wconf 88' lang='lat' dir='ltr'>est</span> <span class='ocrx_word' id='word_1_160' title='bbox 1540 3773 1865 3858; x_wconf 81' lang='lat' dir='ltr'>parochus</span> <span class='ocrx_word' id='word_1_161' title='bbox 1898 3775 2180 3858; x_wconf 85' lang='lat' dir='ltr'>originis,</span> <span class='ocrx_word' id='word_1_162' title='bbox 2213 3774 2334 3841; x_wconf 89' lang='lat' dir='ltr'>sed</span> <span class='ocrx_word' id='word_1_163' title='bbox 2359 3772 2567 3841; x_wconf 87' lang='lat' dir='ltr'>domi-</span> 
     </span>
     <span class='ocr_line' id='line_1_24' title="bbox 335 3890 2113 3969; baseline -0.002 -11"><span class='ocrx_word' id='word_1_164' title='bbox 335 3895 481 3958; x_wconf 89' lang='lat' dir='ltr'>cilii.</span> <span class='ocrx_word' id='word_1_165' title='bbox 508 3891 672 3960; x_wconf 84' lang='lat' dir='ltr'>Vide</span> <span class='ocrx_word' id='word_1_166' title='bbox 703 3890 1134 3957; x_wconf 81' lang='lat' dir='ltr'>Benedictum</span> <span class='ocrx_word' id='word_1_167' title='bbox 1165 3891 1333 3969; x_wconf 80' lang='lat' dir='ltr'><strong>XIV,</strong></span> <span class='ocrx_word' id='word_1_168' title='bbox 1358 3891 1763 3957; x_wconf 85' lang='lat' dir='ltr'>institutione</span> <span class='ocrx_word' id='word_1_169' title='bbox 1797 3893 1907 3968; x_wconf 79' lang='lat'>33,</span> <span class='ocrx_word' id='word_1_170' title='bbox 1942 3911 2008 3954; x_wconf 90' lang='lat' dir='ltr'>n.</span> <span class='ocrx_word' id='word_1_171' title='bbox 2048 3894 2113 3956; x_wconf 84' lang='lat'>6.</span> 
     </span>
    </p>

    <p class='ocr_par' dir='ltr' id='par_1_10' title="bbox 339 4004 2563 4321">
     <span class='ocr_line' id='line_1_25' title="bbox 426 4004 2562 4089; baseline -0.001 -16"><span class='ocrx_word' id='word_1_172' title='bbox 426 4011 494 4072; x_wconf 81' lang='lat'>3⁰</span> <span class='ocrx_word' id='word_1_173' title='bbox 530 4009 657 4088; x_wconf 87' lang='lat' dir='ltr'>Qui</span> <span class='ocrx_word' id='word_1_174' title='bbox 684 4007 1082 4073; x_wconf 81' lang='lat' dir='ltr'>domicilium</span> <span class='ocrx_word' id='word_1_175' title='bbox 1106 4005 1305 4071; x_wconf 83' lang='lat' dir='ltr'>habet</span> <span class='ocrx_word' id='word_1_176' title='bbox 1330 4007 1399 4071; x_wconf 88' lang='lat' dir='ltr'>in</span> <span class='ocrx_word' id='word_1_177' title='bbox 1426 4004 1686 4071; x_wconf 85' lang='lat' dir='ltr'>duobus</span> <span class='ocrx_word' id='word_1_178' title='bbox 1710 4006 2054 4089; x_wconf 87' lang='lat' dir='ltr'>parochiis,</span> <span class='ocrx_word' id='word_1_179' title='bbox 2081 4006 2562 4071; x_wconf 86' lang='lat' dir='ltr'>matrimonium</span> 
     </span>
     <span class='ocr_line' id='line_1_26' title="bbox 340 4118 2563 4206; baseline -0.001 -20"><span class='ocrx_word' id='word_1_180' title='bbox 340 4122 504 4187; x_wconf 87' lang='lat' dir='ltr'>inire</span> <span class='ocrx_word' id='word_1_181' title='bbox 528 4129 742 4204; x_wconf 77' lang='lat' dir='ltr'>potest</span> <span class='ocrx_word' id='word_1_182' title='bbox 767 4139 987 4189; x_wconf 84' lang='lat' dir='ltr'>coram</span> <span class='ocrx_word' id='word_1_183' title='bbox 1006 4140 1087 4188; x_wconf 92' lang='lat' dir='ltr'>eo</span> <span class='ocrx_word' id='word_1_184' title='bbox 1114 4119 1423 4204; x_wconf 85' lang='lat' dir='ltr'>parocho,</span> <span class='ocrx_word' id='word_1_185' title='bbox 1441 4121 1509 4185; x_wconf 91' lang='lat' dir='ltr'>in</span> <span class='ocrx_word' id='word_1_186' title='bbox 1536 4119 1724 4205; x_wconf 84' lang='lat' dir='ltr'>cujus</span> <span class='ocrx_word' id='word_1_187' title='bbox 1745 4120 2080 4186; x_wconf 87' lang='lat' dir='ltr'>territorio</span> <span class='ocrx_word' id='word_1_188' title='bbox 2105 4119 2286 4204; x_wconf 83' lang='lat' dir='ltr'>degit</span> <span class='ocrx_word' id='word_1_189' title='bbox 2302 4118 2563 4206; x_wconf 86' lang='lat' dir='ltr'>quando</span> 
     </span>
     <span class='ocr_line' id='line_1_27' title="bbox 339 4234 1804 4321; baseline -0.004 -15"><span class='ocrx_word' id='word_1_190' title='bbox 339 4235 686 4307; x_wconf 74' lang='lat' dir='ltr'>contrahit.</span> <span class='ocrx_word' id='word_1_191' title='bbox 726 4235 1145 4321; x_wconf 81' lang='lat' dir='ltr'>(Benedictus</span> <span class='ocrx_word' id='word_1_192' title='bbox 1170 4237 1340 4313; x_wconf 84' lang='lat' dir='ltr'>XIV,</span> <span class='ocrx_word' id='word_1_193' title='bbox 1376 4237 1522 4303; x_wconf 91' lang='lat' dir='ltr'>loco</span> <span class='ocrx_word' id='word_1_194' title='bbox 1552 4234 1804 4318; x_wconf 86' lang='lat' dir='ltr'>citato.)</span> 
     </span>
    </p>

    <p class='ocr_par' dir='ltr' id='par_1_11' title="bbox 340 4350 2565 4553">
     <span class='ocr_line' id='line_1_28' title="bbox 430 4350 2565 4436; baseline -0.001 -19"><span class='ocrx_word' id='word_1_195' title='bbox 430 4354 499 4417; x_wconf 80' lang='lat'>4⁰</span> <span class='ocrx_word' id='word_1_196' title='bbox 526 4350 800 4434; x_wconf 84' lang='lat' dir='ltr'>Quando</span> <span class='ocrx_word' id='word_1_197' title='bbox 829 4353 971 4436; x_wconf 83' lang='lat' dir='ltr'>quis</span> <span class='ocrx_word' id='word_1_198' title='bbox 1006 4351 1141 4431; x_wconf 79' lang='lat' dir='ltr'>ruri</span> <span class='ocrx_word' id='word_1_199' title='bbox 1170 4350 1353 4434; x_wconf 78' lang='lat' dir='ltr'>degit</span> <span class='ocrx_word' id='word_1_200' title='bbox 1378 4352 1802 4419; x_wconf 82' lang='lat' dir='ltr'>recreationis</span> <span class='ocrx_word' id='word_1_201' title='bbox 1826 4368 2041 4429; x_wconf 82' lang='lat' dir='ltr'>causa,</span> <span class='ocrx_word' id='word_1_202' title='bbox 2075 4351 2182 4415; x_wconf 78' lang='lat' dir='ltr'>vel</span> <span class='ocrx_word' id='word_1_203' title='bbox 2220 4366 2341 4434; x_wconf 86' lang='lat' dir='ltr'>pro</span> <span class='ocrx_word' id='word_1_204' title='bbox 2375 4350 2565 4415; x_wconf 84' lang='lat' dir='ltr'>rusti·</span> 
     </span>
     <span class='ocr_line' id='line_1_29' title="bbox 340 4466 2557 4553; baseline -0.002 -20"><span class='ocrx_word' id='word_1_205' title='bbox 340 4469 512 4533; x_wconf 86' lang='lat' dir='ltr'>canis</span> <span class='ocrx_word' id='word_1_206' title='bbox 540 4468 833 4553; x_wconf 83' lang='lat' dir='ltr'>negotiis,</span> <span class='ocrx_word' id='word_1_207' title='bbox 870 4467 1192 4551; x_wconf 88' lang='lat' dir='ltr'>parochus</span> <span class='ocrx_word' id='word_1_208' title='bbox 1218 4467 1389 4533; x_wconf 83' lang='lat' dir='ltr'>ruris</span> <span class='ocrx_word' id='word_1_209' title='bbox 1418 4486 1547 4531; x_wconf 91' lang='lat' dir='ltr'>non</span> <span class='ocrx_word' id='word_1_210' title='bbox 1578 4473 1683 4533; x_wconf 90' lang='lat' dir='ltr'>est</span> <span class='ocrx_word' id='word_1_211' title='bbox 1709 4466 1854 4550; x_wconf 84' lang='lat' dir='ltr'>ejus</span> <span class='ocrx_word' id='word_1_212' title='bbox 1879 4466 2184 4549; x_wconf 75' lang='lat' dir='ltr'>proprius</span> <span class='ocrx_word' id='word_1_213' title='bbox 2219 4466 2557 4548; x_wconf 77' lang='lat' dir='ltr'>parochus.</span> 
     </span>
    </p>
   </div>
  </div>
 </body>
</html>
