3146 4973
1297 361 1458 412 rans
1498 361 1762 410 mm.
2526 343 2646 410 421

425 506 460 543 «
494 483 688 565 Quod
709 483 885 551 idem
913 494 1037 562 est,
1072 494 1143 552 et
1169 486 1345 552 valet
1363 485 1581 552 adhuc
1608 486 1962 564 revocatio,
1998 487 2118 552 etsi
2147 484 2523 570 juramento
2552 486 2659 552 fir·

428 621 460 660 «
493 607 669 666 mata
696 600 782 667 sit
806 602 1178 686 promissi03
1211 603 1363 686 quia
1392 621 1605 687 neque
1629 601 2075 685 juramentum
2107 609 2323 667 mutat
2357 609 2658 668 naturam

428 739 456 770 α
493 713 795 780 beneficii
849 716 1290 802 (Sanchez...‚
1350 717 1756 784 Gonzalez...
1777 715 1827 799 ).
1881 714 2200 800 Perjurus
2262 722 2482 782 tamen
2529 717 2662 782 erit

427 852 462 889 α
496 828 817 894 Praelatus
860 831 927 895 in
961 831 1263 897 omnibus
1290 832 1419 897 illis
1446 832 1740 910 casibus,
1771 832 1841 896 in
1878 831 2115 916 quibus
2141 831 2300 898 alias
2334 830 2660 915 obligatus

426 966 460 1004 «
493 962 625 1009 non
648 952 823 1011 esset
856 948 1345 1013 revocationem
1376 947 1634 1033 facere3
1663 947 1819 1034 quia
1839 966 1963 1032 pro
1989 944 2287 1015 omnihus
2319 946 2445 1012 illis
2480 945 2657 1013 vide·

427 1081 462 1122 α
499 1066 609 1126 tur
628 1058 904 1144 jurasse.
941 1085 976 1124 ι

512 1174 833 1259 Equidem
887 1174 1249 1242 Cardinalis
1299 1175 1386 1243 de
1438 1179 1617 1244 Luca
1653 1178 1749 1265 (de
1805 1178 2144 1257 Beneficiis,
2194 1175 2493 1252 discursu
2541 1186 2648 1256 77,

422 1310 489 1354 n.
531 1287 654 1373 33)
689 1291 781 1355 sic
818 1289 1135 1358 adnotat:
1168 1313 1203 1354 α
1234 1293 1517 1358 Demum
1550 1291 2071 1371 observandum,
2110 1291 2289 1377 quod
2337 1293 2655 1359 manualia

426 1427 460 1467 α
493 1407 824 1471 saecularia
852 1405 1257 1490 prohibitum
1288 1426 1421 1472 non
1460 1414 1561 1473 est
1608 1408 1896 1474 conferri
1926 1415 2273 1491 perpetuo,
2299 1431 2333 1471 a
2373 1408 2456 1474 Et
2488 1409 2650 1474 citat

418 1527 727 1605 tanquam
763 1518 834 1585 id
873 1519 1220 1587 docentem
1267 1522 1616 1601 Gonzalez,
1667 1523 1736 1587 in
1786 1523 2079 1606 regulam
2121 1526 2162 1588 8
2221 1522 2643 1599 cancellariae,

418 1635 631 1718 glossa
672 1639 733 1712 5,
773 1640 804 1713 5
843 1638 908 1713 6,
946 1655 1014 1700 n.
1042 1640 1164 1721 363
1211 1637 1326 1722 qui
1351 1646 1578 1702 tamen
1623 1637 1945 1705 Gonzalez
1983 1636 2056 1703 id
2092 1637 2236 1704 loco
2276 1639 2474 1703 citato
2521 1657 2652 1704 non

423 1750 605 1816 dicit.
640 1750 773 1816 Sed
799 1751 1142 1818 commode
1173 1754 1598 1836 interpretari
1632 1762 1905 1838 possunt
1938 1755 2050 1820 illa
2085 1753 2246 1820 dicti
2292 1752 2651 1820 Gardinalis

422 1866 644 1944 verba,
678 1887 757 1933 eo
785 1885 978 1933 seusu
1000 1915 1016 1945 ,
1045 1867 1224 1953 quod
1254 1867 1654 1952 prohibitum
1696 1887 1828 1933 non
1879 1870 1969 1934 sit
2009 1869 2431 1938 beneficiatos
2484 1868 2650 1954 ejus-

416 1981 594 2047 modi
637 1983 1010 2067 relinquere
1063 1991 1388 2066 perpetuo
1433 1985 1503 2048 in
1563 1982 1696 2049 suis
1743 1984 2116 2068 beneficiis;
2149 1986 2241 2050 ita
2289 2003 2524 2068 nempe
2571 1991 2648 2049 ut

274 2107 286 2112 “
417 2098 669 2164 nonnisi
710 2118 794 2164 ex
830 2116 1060 2164 eorum
1107 2099 1301 2182 culpa
1326 2099 1536 2185 ‘inviti
1575 2107 2061 2167 removeantur.
2098 2100 2180 2165 Et
2225 2101 2318 2165 ita
2358 2098 2442 2165 de
2471 2099 2647 2166 facto

416 2213 802 2298 plerumque
846 2214 929 2279 ab
960 2213 1312 2298 Episcopis‚
1343 2215 1540 2281 etiam
1566 2214 1635 2278 in
1680 2214 1908 2294 Gallia,
1938 2215 2184 2298 peragi,
2225 2234 2345 2299 pro
2371 2223 2645 2298 paterno

418 2347 547 2413 quo
588 2330 838 2395 clerum
876 2349 1069 2395 suum
1117 2338 1606 2415 prosequuntur
1646 2330 1906 2408 affectu,
1942 2329 2468 2413 praesumendm
2511 2338 2635 2397 est.

416 2444 611 2527 Quod
643 2451 862 2512 autem
892 2446 1245 2531 Episcopus
1285 2447 1374 2512 ita
1417 2447 1622 2531 possit
1652 2444 2047 2514 beneficium
2075 2447 2370 2513 manuale
2404 2453 2471 2512 in
2503 2468 2643 2530 per-

409 2568 655 2642 petuum
683 2560 1008 2639 conferre,
1043 2567 1121 2628 ut
1148 2581 1378 2628 manus
1408 2562 1530 2628 sibi
1571 2563 1754 2646 liget,
1787 2581 1870 2627 ne
1901 2562 2104 2646 possit
2130 2561 2265 2645 jam
2294 2580 2632 2640 revocare,

416 2674 697 2740 vidimus
718 2694 757 2740 a
779 2676 1099 2743 Leurenio
1120 2675 1468 2761 rejectum.

502 2795 663 2854 Nota
707 2793 766 2855 1.
801 2826 889 2839 -
919 2791 1384 2875 Supposuimus
1429 2790 1745 2877 parochos
1798 2791 2043 2870 Galliae,
2095 2792 2211 2878 qui
2247 2794 2639 2856 deservitores

415 2914 752 2985 vocantur,
803 2907 1048 2974 habere
1097 2910 1445 2988 beneficium
1481 2911 1785 2973 manuale.
1834 2910 1918 2975 Et
1953 2926 2187 2974 revera
2222 2914 2458 2975 erectae
2494 2907 2640 2973 fue-

412 3030 569 3089 runt
633 3024 758 3091 illae
824 3025 1141 3109 parochiae
1197 3026 1585 3092 auctoritate
1646 3025 2112 3108 ecclesiastica3
2168 3032 2237 3089 et
2292 3024 2639 3109 unicuique

411 3138 718 3206 destinati
758 3146 913 3206 sunt
958 3143 1124 3207 certi
1174 3139 1427 3207 reditus
1445 3188 1461 3218 ,
1514 3141 1742 3224 pensio
1784 3158 2021 3223 nempe
2066 3140 2404 3224 gubernii3
2451 3147 2521 3205 et
2554 3138 2638 3204 ab

410 3254 589 3322 initio
630 3256 1008 3323 amovibiles
1038 3255 1125 3322 ad
1166 3265 1399 3325 nutum
1434 3257 1734 3340 Episcopi
1774 3256 1919 3322 fore
1962 3253 2282 3340 ejusmodi
2324 3255 2640 3337 parochos

411 3390 719 3454 expresse
754 3380 1019 3438 cautum
1043 3381 1166 3454 est,
1195 3380 1266 3439 et
1294 3381 1619 3457 perpetua
1651 3371 1806 3439 dein
1842 3373 2030 3456 praxi
2053 3378 2410 3438 servatum.
2447 3368 2638 3434 Unde

414 3487 590 3553 nulla
619 3485 887 3555 videtur
915 3488 1144 3556 deesse
1170 3487 1456 3555 conditio
1491 3487 1579 3554 ad
1606 3488 1878 3567 bevoeficii
1910 3489 2212 3552 manualis
2243 3486 2640 3553 erectionem

414 3603 796 3668 necessaria.

507 3717 571 3782 Si
598 3718 741 3802 quis
773 3724 994 3786 tamen
1031 3718 1465 3786 contenderet
1494 3716 1817 3804 ejusmodi
1839 3718 2178 3803 parochias
2203 3736 2334 3783 non
2356 3736 2496 3784 esse
2534 3717 2643 3785 be-

418 3832 663 3901 neficiis
688 3836 1093 3903 manualibus
1119 3835 1554 3903 accensendas
1568 3884 1584 3915 ,
1629 3835 1749 3902 sed
1773 3841 1954 3899 meris
1988 3836 2222 3914 officiis,
2258 3835 2506 3918 pariter
2534 3833 2643 3899 ad·

418 3950 682 4018 mittere
709 3951 988 4019 deberet
1028 3950 1237 4019 dictos
1274 3951 1589 4036 parochos
1617 3969 1829 4035 posse,
1854 3949 2242 4034 regulariter
2282 3948 2634 4034 loquendo,

421 4067 558 4133 sine
595 4087 788 4134 causa
820 4068 903 4135 ab
934 4068 1277 4136 Ordinatio
1316 4068 1634 4134 revocari.
1686 4089 1722 4130 α
1763 4065 2008 4150 Regula
2047 4063 2212 4149 juris
2256 4070 2359 4129 est
2391 4064 2642 4131 indubi-

426 4211 459 4249 «
492 4195 630 4254 tata
669 4188 901 4274 (inquit
920 4186 1425 4264 Scarfantonius,
1460 4195 1623 4252 tom.
1653 4186 1906 4265 ultim0,
1936 4182 2269 4250 additione
2303 4182 2432 4268 19),
2467 4181 2645 4268 quod

428 4326 461 4365 α
499 4304 798 4387 Episcopi
843 4304 1077 4389 aliique
1128 4303 1381 4388 praelati
1419 4300 1526 4388 jus
1570 4300 1888 4367 habentes
1933 4296 2294 4382 deputandi
2346 4298 2639 4375 vicarios,

430 4439 463 4480 «
498 4419 744 4503 possint
771 4418 916 4486 illos
946 4416 1034 4484 ad
1054 4417 1310 4485 libitum
1333 4424 1403 4484 et
1433 4415 1837 4483 voluntatem
1869 4431 2238 4483 removere.
2253 4458 2297 4478 ..
2330 4410 2647 4496 Idemque
