3146 4973
608 358 733 421 37⁴
1290 370 1666 424 ‘rme-runs
1714 370 1802 418 nr.
1847 368 2174 420 rnocflo.

1638 635 1668 705 S
1718 629 1802 693 11.

913 856 979 904 Dc
1013 867 1149 917 poena
1181 853 1460 917 privationis
1494 853 1555 901 oh
1591 858 1743 901 canas
1773 850 2004 916 quasdam
2037 850 2309 902 omissionis
2340 848 2546 912 culpas?

690 1084 996 1165 Quasno
1032 1084 1225 1146 1·.--
1250 1084 1338 1144 De
1381 1083 1755 1162 privationis
1792 1095 1998 1159 pana,
2028 1080 2101 1140 ob
2139 1083 2423 1142 omissam
2460 1085 2837 1161 receptioeem

601 1202 884 1264 ordinum
932 1199 1101 1278 infra
1150 1214 1398 1259 annum.
1448 1228 1537 1242 —
1579 1192 1710 1275 Qui
1735 1198 2006 1258 tenetur
2041 1194 2338 1276 recipere
2383 1192 2649 1262 ordines
2681 1194 2839 1262 infra

601 1331 841 1380 annum
888 1310 1112 1397 (prout
1148 1314 1436 1387 tenetur,
1477 1307 1664 1373 verbi
1717 1307 1956 1391 gratia,
1999 1307 2354 1390 parochus,
2391 1309 2503 1392 qui
2557 1307 2838 1375 nondum

604 1426 912 1497 sacerdos
941 1424 1313 1511 parochiam
1353 1421 1688 1506 obtinuit),
1706 1423 1760 1488 si
1790 1421 2036 1507 absque
2065 1422 2356 1506 legitimo
2383 1422 2842 1507 impedimento

604 1549 775 1611 intra
813 1543 937 1610 hoc
979 1541 1398 1608 intervallum
1436 1558 1567 1606 non
1617 1536 1965 1606 ordinetur
1981 1585 1998 1616 ,
2035 1544 2166 1620 ipso
2187 1544 2333 1622 jure
2364 1538 2689 1608 beneficio
2730 1555 2841 1605 suo

605 1661 934 1746 privatur.
969 1658 1210 1741 Estque
1249 1655 1320 1721 id
1362 1662 1553 1721 extra
1602 1672 1863 1720 omnem
1902 1655 2440 1721 controversiam.
2468 1654 2636 1723 Vide
2686 1654 2843 1721 Leu-

606 1776 861 1844 renium
893 1774 1135 1859 (Forum
1162 1772 1530 1850 berieficiale,
1568 1777 1760 1854 parte
1790 1773 1856 1848 3,
1893 1788 1961 1854 q.
1999 1767 2173 1853 185).

694 1892 998 1973 QUAEsno
1043 1890 1133 1952 2⁸.
1184 1923 1275 1936 —
1326 1891 1415 1952 Dc
1457 1892 1830 1968 privationis
1874 1905 2053 1968 poem
2096 1888 2169 1948 ob
2229 1893 2512 1952 omissam
2555 1889 2846 1952 clericalis

607 2007 847 2070 habitas
889 2009 1302 2086 qestationm.
1350 2037 1439 2050 —-
1488 2005 1550 2064 1⁰
1593 2000 1861 2066 Attento
1908 2001 2048 2067 solo
2095 1999 2245 2084 jure
2291 2000 2692 2080 Tridentino,
2743 2001 2847 2086 qui

608 2139 736 2188 non
775 2118 1092 2186 deferunt
1143 2124 1393 2184 vestem
1442 2115 1811 2182 clericalem
1853 2113 2105 2181 debent
2147 2116 2357 2199 primo
2401 2121 2686 2197 &umidi
2721 2121 2787 2183 et
2812 2136 2848 2180 a

609 2232 934 2300 fructibus
968 2232 1252 2316 privari3
1282 2238 1425 2298 tum
1467 2237 1524 2293 si
1557 2233 1738 2293 semel
1771 2237 2051 2310 correpti,
2087 2233 2284 2294 derum
2329 2238 2396 2294 in
2444 2233 2552 2295 hoc
2592 2235 2848 2313 delique-

610 2354 760 2425 rint,
792 2354 975 2412 ctiam
1008 2367 1118 2430 per
1143 2352 1546 2428 privationem
1591 2345 1921 2425 officiorum
1956 2351 2017 2408 ct
2051 2346 2471 2423 beneficiorum
2515 2349 2849 2427 hujumodi

613 2469 868 2528 coerceri
899 2467 1139 2546 possint
1166 2468 1225 2526 ei
1258 2464 1509 2527 debeant
1542 2459 1725 2546 (sess.
1766 2461 1868 2538 14,
1903 2478 1961 2525 c.
1995 2462 2060 2539 6,
2093 2463 2169 2524 de
2208 2459 2398 2545 Rcfi).
2435 2461 2632 2530 Unde
2670 2462 2848 2548 juxta

612 2579 735 2646 hoc
785 2577 1128 2646 decretum
1145 2624 1161 2655 ‚
1208 2577 1295 2642 ob
1338 2578 1636 2641 omissam
1691 2575 2008 2641 clericalis
2057 2575 2319 2645 habitus
2385 2581 2809 2661 gestationem
2826 2622 2842 2654 .

614 2713 745 2759 non
772 2693 1130 2758 incurritur
1154 2698 1286 2772 ipso
1316 2696 1462 2773 jure
1502 2691 1781 2774 privatio
1815 2711 1829 2754 ε
1864 2691 1993 2756 imo
2019 2709 2144 2755 nec
2176 2690 2573 2775 imponenda
2603 2700 2705 2758 est
2735 2710 2848 2776 per

616 2809 1001 2877 sententiam
1053 2806 1431 2890 privationis
1474 2824 1692 2890 poena,
1734 2806 1857 2871 nisi
1898 2805 2034 2890 jam
2075 2808 2480 2891 precesserit
2523 2808 2847 2892 correptio

618 2943 739 3009 per
777 2923 1259 3008 suspensionem
1292 2928 1362 2988 et
1392 2921 1731 2989 fructuum
1768 2921 2335 3001 substractionem,
2371 2931 2442 2991 et
2469 2921 2848 3010 delinquens

617 3058 747 3107 non
774 3039 1149 3123 resipuerit.

704 3156 778 3220 2⁰
825 3155 1072 3221 Atvero
1125 3152 1483 3219 intervenit
1533 3160 1680 3237 post
1729 3151 2173 3221 Tridentinam
2219 3153 2540 3238 synodum
2587 3153 2847 3240 rigidior
2909 3170 2918 3177 ·

619 3271 747 3347 lex,
780 3269 1159 3337 constitutio
1183 3285 1420 3352 nempe
1442 3271 1595 3335 Cum
1620 3276 2064 3335 wormaciam
2096 3268 2160 3353 (5
2186 3266 2336 3335 idus
2351 3267 2631 3353 januarii
2660 3265 2843 3351 1588)

621 3384 781 3449 Sixti
809 3385 892 3467 V3
926 3402 1053 3468 qua
1083 3403 1216 3449 non
1241 3388 1576 3466 gestantes
1612 3384 1976 3450 clericalem
2006 3383 2302 3453 habitum
2328 3389 2459 3466 ipso
2479 3390 2628 3466 jure
2659 3384 2846 3452 hene·

620 3497 782 3564 ficiis
808 3499 939 3564 suis
973 3499 1334 3581 privantur.

710 3615 867 3679 Eam
896 3621 1122 3679 tamen
1161 3613 1691 3679 constitutionem
1735 3612 2165 3679 communiter
2203 3614 2294 3679 ita
2333 3614 2847 3698 interpretantur

622 3727 948 3805 doctores,
980 3734 1057 3792 ut
1097 3726 1405 3793 effectum
1439 3727 1621 3793 illum
1669 3727 2052 3811 privationis
2084 3729 2226 3813 ipso
2264 3727 2443 3795 facto
2483 3748 2618 3796 non
2659 3728 2845 3795 indn-

620 3847 747 3919 cat,
784 3841 906 3907 nisi
939 3859 1089 3908 cum
1116 3842 1471 3925 gestatione
1511 3844 1716 3909 vestis
1752 3842 1993 3909 laicalis
2029 3850 2423 3909 concurrant
2454 3844 2838 3930 sequentia:

617 3963 839 4041 primo,
874 3965 947 4023 ut
968 3956 1087 4023 fiat
1112 3957 1356 4043 ahsqae
1392 3958 1758 4025 rationabili
1778 3977 2005 4043 cansa5
2039 3960 2293 4023 mundo
2316 3966 2391 4025 nt
2423 3958 2497 4025 in
2521 3962 2846 4043 contingat

621 4075 690 4139 in
722 4071 884 4138 locis
912 4072 1224 4159 publicis;
1271 4081 1450 4139 tertio
1488 4082 1567 4140 ut
1593 4094 1678 4140 ex
1712 4075 1906 4157 longo
1934 4080 2233 4157 tempore
2269 4091 2402 4158 qno
2427 4073 2845 4140 beneficiatas

622 4196 872 4254 vestem
905 4188 1195 4255 laicalem
1227 4192 1415 4273 gerit,
1454 4191 1612 4256 oriri
1640 4190 1839 4272 pofflit
1868 4190 2226 4255 communis
2254 4189 2469 4272 opinio
2495 4188 2678 4255 illum
2708 4206 2842 4254 esse

620 4305 892 4389 laicum3
933 4312 1148 4387 quarto
1194 4314 1271 4371 ut
1318 4305 1388 4371 id
1434 4305 1631 4371 faciat
1672 4324 1757 4371 ex
1795 4305 2075 4391 quodam
2116 4310 2498 4389 contemptu
2534 4303 2843 4371 clericalis

620 4419 899 4498 habitus,
935 4440 1065 4487 non
1096 4439 1180 4486 ex
1219 4419 1367 4503 joco
1398 4420 1503 4487 vel
1530 4421 1920 4487 amaenitatis
1953 4439 2166 4487 causa.
2207 4422 2307 4487 De
2337 4438 2467 4506 quo
2504 4418 2657 4487 vide
2681 4421 2839 4486 Leu-
