3146 4973
623 318 747 384 674
1301 334 1678 384 ‘rum-uus
1724 334 1813 382 οε
1857 330 2183 382 ΡΛιιοοΗο.

612 461 852 538 malem,
881 460 1237 541 campanile,
1263 477 1609 542 campanas,
1639 466 1698 524 et
1725 461 1857 523 alia
1888 463 2157 539 insiynia
2188 456 2694 539 parochialitatis
2721 474 2851 519 con-

615 577 909 641 stituendi
937 582 997 638 et
1030 577 1356 639 retinendi.

702 696 827 756 Pro
843 697 1127 755 exercitio
1146 698 1348 754 autem
1374 710 1533 755 curce
1562 696 1630 755 in
1653 694 1960 773 populum,
1993 698 2053 755 et
2071 695 2384 771 utriusque
2411 709 2596 753 sexus
2613 689 2844 767 fideles,

614 810 680 868 in
719 806 883 868 dicto
923 806 1046 867 loco
1090 810 1151 867 et
1194 805 1481 868 districtu
1513 804 1888 883 habitantes,
1924 805 2213 868 dilectum
2261 804 2446 867 Nobis
2489 807 2558 865 in
2611 802 2850 865 Christo

610 922 1019 1003 presbyterum
1065 925 1143 985 N.
1209 919 1335 1005 (qui
1375 923 1596 1004 populo
1637 927 1696 983 et
1745 921 2005 983 ecclesice
2042 921 2359 1002 proedictis
2403 924 2470 981 in
2511 920 2748 981 divinis
2793 925 2848 980 et

609 1041 952 1101 animarum
979 1055 1127 1098 cura
1163 1038 1422 1117 reqenda
1443 1033 1684 1120 prcesit)
1728 1043 2013 1118 tanquam
2041 1036 2301 1099 habilem
2340 1036 2546 1097 etidon
2563 1053 2724 1113 eum,
2760 1036 2832 1096 ab

605 1155 1120 1216 examinatoribus
1154 1153 1564 1234 synodalibus,
1596 1156 2012 1215 examinatum
2033 1158 2094 1214 et
2130 1152 2552 1233 approbatum,
2586 1149 2846 1232 proefiei·

606 1289 739 1333 mus
775 1276 835 1332 et
876 1271 1259 1348 deputamus,
1306 1269 1519 1349 illique
1553 1270 2145 1331 administrationem
2189 1271 2453 1329 omnium
2501 1284 2843 1329 sacramen-

607 1392 804 1449 torum
829 1386 1085 1447 ecclesioe
1120 1388 1570 1461 committimus,
1620 1389 1682 1446 et
1719 1386 1795 1447 de
1837 1385 2081 1446 ecclesia
2110 1383 2452 1462 parochiali
2486 1387 2576 1445 sic
2609 1388 2841 1446 noviter

604 1502 798 1558 erecta
821 1497 1233 1575 providemus.

698 1613 968 1675 Volentes
986 1617 1047 1673 et
1064 1612 1420 1674 mandantes
1437 1616 1655 1674 rectori
1673 1614 1854 1674 dictce
1875 1612 2131 1674 ecclesioe
2147 1610 2526 1693 parochialis
2542 1616 2741 1673 sancti
2760 1614 2832 1675 N.

601 1733 898 1806 matricis,
928 1734 987 1790 ei
1007 1730 1154 1790 aliis
1170 1747 1284 1808 pro
1315 1734 1572 1808 tempore
1601 1729 2022 1806 existentibus,
2057 1734 2350 1808 quatenus
2378 1729 2454 1790 de
2481 1733 2694 1789 coetero
2717 1733 2837 1788 sin-

600 1847 763 1925 qulis
814 1849 1021 1922 annis,
1076 1850 1143 1907 in
1203 1846 1644 1924 festivitatibus
1708 1847 2070 1907 Nativitatis
2116 1846 2362 1907 Domini
2415 1848 2613 1906 nostri
2665 1846 2839 1906 Iesu-

601 1961 856 2041 Christi,
880 1967 939 2022 et
968 1964 1161 2022 sancti
1180 1962 1436 2022 Joannis
1458 1962 1777 2040 Baptista,
1813 1962 1890 2023 de
1919 1964 2221 2022 universis
2251 1960 2555 2038 fructibus
2578 1961 2832 2022 decima—

600 2075 778 2152 libus,
814 2079 874 2135 et
903 2075 1165 2135 aliorum
1193 2074 1498 2149 bonorum,
1542 2092 1689 2153 quos
1723 2078 1851 2154 ipse
1881 2078 2052 2135 intra
2085 2078 2144 2134 et
2182 2079 2363 2135 eoetra
2393 2074 2619 2135 limites
2660 2074 2834 2135 dictoe

600 2192 856 2253 ecclesioe
890 2194 1164 2252 matricis
1197 2190 1577 2253 abundanter
1605 2193 1893 2271 percipit,
1934 2195 2103 2251 scuta
2113 2236 2245 2253 .....
2279 2191 2440 2251 dicto
2476 2190 2555 2251 Ν.
2598 2194 2659 2251 et
2707 2192 2831 2251 suis

596 2311 665 2367 in
698 2308 866 2368 dicta
900 2306 1144 2367 ecclesia
1175 2304 1514 2385 parochiali
1559 2322 1669 2385 per
1704 2307 1825 2367 Nos
1861 2310 2056 2366 erecta
2093 2309 2324 2367 curatis
2365 2306 2824 2381 successoribus,

599 2426 668 2483 in
704 2421 939 2483 duabus
981 2421 1313 2501 (equalibus
1359 2423 1546 2496 ratis,
1592 2437 1818 2481 necnon
1866 2425 2124 2500 tempore
2166 2424 2375 2481 messis
2425 2420 2655 2481 salmas
2697 2465 2829 2482 .....

598 2540 919 2618 frumenti,
964 2542 1025 2599 et
1074 2542 1332 2616 tempore
1374 2535 1819 2597 vindemiarum
1857 2537 2036 2598 cados
2045 2582 2176 2599 .....
2213 2540 2376 2614 vini,
2415 2536 2727 2615 persolvat
2777 2543 2832 2598 et

604 2654 811 2717 tradat
833 2656 1179 2734 respective.
1210 2654 1405 2731 Quam
1420 2655 1688 2731 pecunioe
1715 2657 1773 2712 et
1798 2652 2106 2730 fructuum
2132 2656 2537 2732 quantitatem
2569 2660 2628 2716 et
2665 2659 2831 2715 ratas

600 2788 679 2831 esc
707 2769 1003 2832 reditibus
1029 2768 1285 2829 ecclesiae
1312 2770 1587 2828 matricis
1611 2768 2056 2847 percipiendas,
2082 2786 2207 2829 una
2238 2785 2373 2829 cum
2418 2769 2823 2849 eleemosynis,

599 2890 659 2947 et
697 2882 1094 2946 oblationibus
1134 2885 1454 2959 universis,
1488 2899 1603 2960 pro
1644 2885 1837 2962 ipsius
1879 2885 2026 2944 novi
2074 2886 2298 2959 curati,
2329 2888 2388 2944 et
2439 2901 2835 2944 successorum

601 3000 1065 3071 sustentatione,
1119 3014 1364 3057 onerum
1426 3000 1916 3075 supportatione,
1971 3004 2029 3059 et
2089 3015 2387 3078 conqrua,
2435 3004 2724 3060 taxamus
2781 3004 2838 3059 et

600 3119 998 3195 assiqnamus.
1018 3148 1111 3159 —-
1134 3116 1520 3175 Reservantes
1564 3117 1783 3174 rectori
1818 3115 2095 3193 proefatoe
2129 3115 2387 3176 ecclesioe
2431 3118 2711 3176 matricis
2754 3117 2830 3178 Ν.

601 3232 883 3310 illiusque
933 3228 1363 3290 successoribus
1423 3226 1532 3311 (ex
1583 3246 1700 3307 quo
1745 3229 2092 3290 reddituum
2148 3248 2391 3292 suorum
2446 3230 2836 3292 dismembra-

606 3350 822 3409 tionem
857 3343 1123 3427 patitur)
1169 3348 1280 3425 jus
1319 3362 1641 3423 personam
1679 3346 1977 3423 idoneam,
2013 3346 2182 3423 infra
2233 3351 2553 3408 terminum
2609 3366 2650 3408 a
2693 3351 2838 3428 jure

598 3467 915 3537 statutum,
943 3464 1116 3523 toties
1142 3462 1371 3538 quoties
1398 3477 1508 3538 per
1535 3477 1759 3521 cessum
1792 3460 1886 3521 vel
1910 3461 2209 3522 decessum
2239 3479 2455 3523 vacare
2479 3467 2826 3542 contiqerit,

601 3581 669 3640 in
690 3578 854 3639 dicta
873 3575 1211 3656 parochiali
1238 3575 1481 3635 ecclesia
1512 3576 1586 3636 N.
1599 3622 1619 3652 ,
1639 3593 1678 3635 a
1709 3576 1894 3638 Nobis
1917 3577 2013 3637 vel
2039 3578 2467 3638 successoribus
2492 3582 2721 3639 nostris
2753 3582 2838 3638 in·

602 3694 994 3772 stituendum,
1027 3692 1436 3769 praesentandi
1444 3738 1457 3753 .
1486 3726 1577 3737 --
1597 3693 1918 3768 Praeterea,
1955 3700 2025 3754 ut
2065 3694 2243 3756 dictoe
2286 3695 2546 3756 ecclesiae
2596 3701 2836 3758 matrici

599 3811 835 3872 debitus
858 3808 1045 3870 honor
1073 3814 1344 3869 servetur
1360 3814 1419 3869 et
1435 3808 1815 3884 exhibeatur,
1849 3809 2142 3886 volumus,
2164 3810 2323 3890 quod
2345 3812 2609 3889 sinqulis
2627 3816 2824 3888 annis,

600 3933 667 3990 in
682 3929 834 4007 festo
859 3928 934 3989 N.
951 3974 965 4001 ,
986 3927 1183 3988 dictus
1207 3943 1394 3986 novus
1416 3930 1682 4000 curatuS,
1700 3929 1911 4004 suique
1933 3944 2295 3987 successores
2321 3945 2444 3988 una
2466 3945 2599 3989 cum
2623 3930 2832 3990 incolis

592 4043 982 4125 parochianis
1009 4041 1535 4121 processionaliter
1570 4040 1654 4101 ad
1690 4059 1817 4102 eam
1860 4042 2133 4119 accedat,
2177 4047 2236 4103 et
2277 4044 2361 4104 ad
2399 4044 2599 4105 altare
2639 4051 2858 4127 majus'

601 4174 829 4220 cereum
868 4173 1016 4217 ceroe
1061 4155 1414 4231 elaborata,
1462 4155 1755 4217 librarum
1766 4201 1899 4219 .....
1911 4203 1932 4234 ,
1992 4160 2060 4217 in
2110 4159 2351 4235 siqnum
2409 4164 2831 4240 recoquitionis

597 4276 933 4354 offerat.-—
950 4272 1029 4333 Et
1058 4273 1149 4333 ita
1182 4273 1547 4333 auctoritate
1572 4287 1705 4352 quoe
1732 4289 1940 4353 supra,
1964 4272 2485 4350 dismembramus,
2515 4278 2821 4355 eriqimus,

594 4388 972 4465 assiqnamus
999 4388 1057 4446 et
1095 4401 1500 4461 reservamus,
1538 4388 1726 4462 omni,
1771 4391 1885 4447 etc.
1912 4419 2002 4433 -
2033 4387 2260 4448 Datum
2299 4385 2412 4448 hac
2446 4387 2571 4462 die,
2597 4393 2714 4451 etc.
2742 4420 2824 4435 —
