3146 4973
592 364 717 427 562
1256 374 1630 423 'raac‘rxrus
1676 375 1764 422 ua
1810 373 2134 422 Panocno.

596 523 626 558 «
659 499 1040 585 fructusque
1066 517 1218 565 suos
1246 499 1459 587 faciat,
1497 497 1771 591 perinde
1798 518 1875 565 ac
1909 501 2046 564 siin
2072 499 2423 582 parochiali
2451 500 2805 585 habitaret3

593 638 625 675 «
667 615 865 700 idque
894 616 1104 682 donec
1149 617 1271 682 alia
1308 618 1495 695 ratio,
1530 635 1659 702 qua
1688 615 2055 682 residentia!
2100 614 2489 682 adamussim
2521 617 2805 692 satisfiat,

592 752 624 790 «
664 733 863 814 possit
889 731 1060 796 iniri.
1093 756 1124 793 »
1166 732 1546 818 (Fagnanu8‚
1567 733 1633 795 in
1666 710 2316 815 caput⁶Eaetirpandoe‚
2346 735 2803 810 dementante«,

586 866 653 912 n.
713 845 845 931 18.)
888 849 1204 913 Memorat
1244 846 1486 913 ibidem
1518 848 1753 912 citatus
1789 856 2023 914 auctor
2068 867 2286 915 casum
2327 848 2600 919 rectoris
2656 847 2814 914 duas

587 961 920 1043 parochias
947 963 1160 1027 unitas
1195 962 1516 1040 habentis,
1542 970 1611 1028 et
1648 961 2003 1027 habitantis
2048 969 2239 1029 extra
2282 982 2507 1029 earum
2543 962 2706 1030 fines
2749 964 2814 1028 in

587 1076 793 1142 vicino
831 1084 1066 1153 castro,
1113 1096 1231 1142 seu
1267 1077 1547 1163 oppido;
1598 1075 1775 1142 unde
1831 1085 2053 1173 tamen
2103 1077 2359 1143 facilius
2406 1078 2812 1162 parochianis

581 1194 711 1256 suis
742 1190 968 1259 adesse
1001 1201 1282 1285 poterat,
1317 1213 1512 1280 quam
1536 1196 1593 1258 si
1615 1195 1787 1260 intra
1812 1194 1975 1260 fines
2005 1195 2324 1278 parochiae
2347 1195 2658 1279 degisset.
2694 1195 2807 1262 Ca-

586 1308 780 1405 rebat¹
828 1312 1223 1396 caeteroquin
1255 1310 1463 1399 ¹domo
1510 1311 1683 1393 intra
1729 1310 1894 1378 fines
1929 1313 2074 1377 sita.
2132 1335 2163 1371 σ
2210 1314 2331 1378 Die
2395 1315 2470 1378 15
2534 1318 2816 1395 septem-

587 1449 617 1485 «
662 1425 795 1491 bris
842 1428 1002 1492 1607
1036 1428 1228 1491 Sacra
1265 1426 1694 1511 Congregatio
1722 1426 1987 1492 Consilii
2019 1429 2271 1494 censuit
2299 1436 2657 1506 rectorem,
2701 1430 2816 1513 qui

586 1563 619 1601 «
657 1541 970 1608 hactenus
1000 1544 1064 1606 iu
1093 1541 1266 1631 dicta
1288 1541 1504 1619 domo,
1546 1544 1615 1608 in
1651 1552 1863 1610 castro
1911 1543 2250 1621 aedificata,
2281 1545 2815 1628 permittentibus

586 1681 618 1717 «
655 1659 984 1743 Episcopis
1019 1660 1390 1743 permansit,
1437 1659 1695 1725 fructus
1732 1660 1960 1727 fecisse
2006 1680 2178 1727 suos.
2214 1663 2352 1727 Imo
2390 1662 2586 1727 etiam
2626 1660 2808 1727 dein-

590 1797 621 1833 «
656 1792 810 1856 ceps
839 1793 1024 1857 posse
1054 1775 1518 1860 Episcopum...
1551 1777 1961 1858 permittere,
1986 1785 2060 1842 ut
2088 1776 2334 1842 ibidem
2370 1795 2635 1844 manere
2668 1796 2814 1860 per-

586 1916 616 1950 «
659 1899 790 1973 gat,
825 1889 983 1956 dum
1013 1899 1252 1971 tamen,
1288 1899 1476 1957 etc...
1513 1916 1545 1953 »
1590 1894 1870 1958 Notetur
1894 1900 2125 1959 ‚autem
2159 1893 2377 1978 quoad
2404 1893 2526 1960 hoc
2562 1894 2813 1978 requiri

580 2008 1020 2089 gravissimam
1044 2007 1385 2086 rationem,
1417 2028 1491 2073 ac
1520 2009 1723 2091 veluti
1753 2006 2102 2093 quamdam
2139 2010 2626 2075 necessitatem.

673 2125 1070 2190 Pssorosrrto
1101 2126 1206 2188 Ψ.
1254 2161 1339 2171 -
1371 2128 1628 2205 Quando
1666 2127 1956 2207 parochia
1993 2129 2188 2189 distat
2231 2147 2270 2189 a
2309 2131 2558 2189 civitate
2593 2129 2821 2190 duobus

580 2260 864 2321 passuum
902 2244 1170 2304 mittibas
1213 2250 1321 2305 aut
1363 2245 1661 2323 amptizw,
1696 2262 1814 2305 non
1851 2246 1991 2305 ticet
2030 2244 2292 2325 parocho
2326 2249 2389 2307 in
2420 2249 2669 2306 civitate
2717 2246 2820 2304 dia

583 2366 892 2440 noctuque,
929 2364 1192 2439 exceptis
1219 2360 1426 2421 diebus
1447 2360 1643 2437 festi-5,
1679 2364 2059 2437 commorari,
2090 2363 2273 2421 etiam
2302 2361 2510 2421 relicto
2546 2364 2612 2420 in
2641 2378 2823 2439 para-

587 2475 722 2538 chia
757 2476 1118 2538 substituto:
1151 2479 1295 2536 item
1330 2493 1450 2536 non
1485 2478 1542 2535 ei
1584 2476 1720 2536 ticet
1757 2481 2045 2537 nocturno
2077 2475 2405 2537 dumtaxat
2446 2480 2711 2555 tempore
2763 2479 2822 2536 in

582 2591 870 2672 parochia
893 2591 1189 2668 habitare,
1219 2597 1276 2652 et
1308 2591 1476 2652 dicta
1499 2595 1687 2652 missa
1706 2608 1932 2652 summo
1957 2609 2131 2652 mane
2150 2592 2234 2652 ad
2260 2595 2567 2652 civitatem
2591 2592 2815 2667 redire,

588 2714 785 2787 sicque
811 2726 919 2788 per
953 2712 1234 2787 majorem
1261 2710 1410 2767 armi
1429 2711 1671 2786 partem
1708 2711 1775 2767 in
1815 2710 2065 2768 civitate
2101 2707 2392 2769 diuturno
2435 2713 2694 2786 tempore
2724 2708 2825 2768 dc-

587 2842 764 2902 qere;
799 2826 1075 2901 quamvis
1100 2825 1283 2883 etiam
1307 2823 1698 2883 substitutam
1736 2825 1802 2883 in
1827 2821 2116 2901 parocbia
2156 2828 2492 2884 manentem
2542 2822 2823 2883 liaberet:

590 2944 730 2999 e'tem
772 2942 896 2999 vice
923 2956 1116 3012 versa,
1153 2955 1271 2997 mm
1299 2941 1355 2997 ei
1399 2939 1535 2999 ticet
1587 2943 1875 2999 nocturno
1910 2942 2168 3018 tempore
2212 2956 2322 3016 per
2367 2941 2649 3017 majorem
2679 2941 2826 2999 anni

592 3059 828 3131 partem
861 3057 925 3114 in
959 3057 1208 3113 civitate
1252 3056 1503 3130 morari,
1535 3056 1809 3131 quamvis
1854 3054 2075 3114 diurno
2124 3056 2190 3112 in
2225 3051 2517 3131 parochia
2559 3053 2818 3132 defleret,

592 3176 771 3249 atque
798 3171 883 3231 ibi
912 3168 1282 3230 habitantem
1305 3168 1695 3230 substitutum
1738 3167 1998 3229 haberet.
2032 3203 2119 3212 —
2155 3166 2544 3247 Expressam
2580 3164 2665 3229 de
2706 3166 2822 3229 hoc

593 3283 829 3366 triplici
864 3302 1018 3347 casn
1047 3283 1255 3347 Sacrae
1300 3281 1825 3364 congregationis
1857 3280 2123 3346 Concilii
2154 3279 2551 3347 decisionem
2601 3281 2824 3347 retuli-

601 3417 743 3468 mus
771 3417 990 3481 supm,
1027 3403 1057 3475 5
1100 3401 1159 3474 l,
1191 3416 1258 3460 n.
1299 3398 1401 3460 12.

687 3516 1084 3581 Pnoposmo
1128 3512 1264 3578 v1·.
1305 3549 1394 3560 —
1440 3514 1696 3592 Quando
1732 3512 2032 3593 parochus
2069 3514 2292 3592 absque
2329 3515 2601 3593 leyitima
2644 3531 2824 3575 causa

599 3653 718 3695 non
754 3633 1051 3693 habitavit
1087 3635 1155 3691 in
1179 3631 1351 3693 domo
1374 3627 1740 3709 parochiali,
1767 3631 1872 3692 sed
1898 3635 1964 3691 in
1991 3631 2122 3691 alia
2152 3634 2319 3691 intra
2348 3630 2501 3705 fines
2520 3629 2829 3709 parochia

599 3767 743 3825 saw,
780 3753 894 3809 etsi
937 3753 1145 3808 contra
1169 3752 1533 3826 praeceptam
1563 3746 1903 3808 residentioe
1944 3752 2300 3824 peccaverit,
2348 3765 2466 3808 non
2511 3752 2711 3807 tamen
2746 3750 2828 3805 te·

601 3870 776 3925 netur
803 3865 885 3925 ad
917 3864 1222 3941 fructuum
1259 3865 1729 3924 restitutionem:
1762 3867 1941 3940 atque
1975 3863 2132 3924 idem
2154 3862 2473 3923 dicendum
2504 3862 2744 3923 videtur
2775 3862 2830 3919 si

602 3981 965 4043 habitaverit
1007 3985 1186 4040 extra
1235 3977 1539 4058 parochiae
1594 3977 1848 4053 limites,
1890 3979 2064 4040 modo
2110 3981 2449 4039 necessaria
2492 3978 2574 4038 ad
2624 3993 2828 4036 curam

601 4099 999 4175 praestiterit.-
1029 4099 1094 4155 in
1119 4100 1367 4173 utroque
1396 4100 1594 4156 tamen
1622 4111 1786 4176 casu,
1821 4096 1877 4153 si
1886 4096 2097 4171 jussas
2126 4093 2204 4154 ab
2220 4094 2511 4172 Episcopo
2537 4097 2606 4153 at
2634 4093 2830 4154 debito

609 4213 730 4275 loco
760 4212 1091 4287 habitaret,
1123 4228 1335 4289 parere
1378 4213 1674 4286 renuerit,
1711 4210 1996 4270 mulctari
2036 4216 2257 4289 potest.
2301 4244 2394 4255 —-
2428 4207 2529 4272 Ita
2573 4206 2830 4272 conclu-

608 4326 899 4406 dendum
925 4323 1190 4390 videtur
1215 4344 1296 4390 ex
1331 4325 1525 4390 variis
1550 4324 1759 4390 Sacroe
1784 4323 2312 4406 congregationis
2331 4323 2600 4388 Concilii
2626 4320 2834 4386 decla·

613 4443 990 4512 rationibus.
1025 4441 1229 4510 Unam
1261 4447 1374 4506 aut
1410 4440 1682 4508 alteram
1713 4460 1795 4506 ex
1834 4441 2132 4522 Fagnauo
2163 4437 2582 4522 subjicimus:
2615 4461 2645 4498 «
2674 4436 2830 4502 Cum
