<?xml version="1.0" encoding="UTF-8"?>
<!DOCTYPE html PUBLIC "-//W3C//DTD XHTML 1.0 Transitional//EN"
    "http://www.w3.org/TR/xhtml1/DTD/xhtml1-transitional.dtd">
<html xmlns="http://www.w3.org/1999/xhtml" xml:lang="en" lang="en">
 <head>
  <title>
</title>
<meta http-equiv="Content-Type" content="text/html;charset=utf-8" />
  <meta name='ocr-system' content='tesseract 3.04.00' />
  <meta name='ocr-capabilities' content='ocr_page ocr_carea ocr_par ocr_line ocrx_word'/>
</head>
<body>
  <div class='ocr_page' id='page_1' title='image "./tractatusdeparo00bouigoog_0169.png"; bbox 0 0 3146 4973; ppageno 0'>
   <div class='ocr_carea' id='block_1_1' title="bbox 1259 322 2588 388">
    <p class='ocr_par' dir='ltr' id='par_1_1' title="bbox 1259 322 2588 388">
     <span class='ocr_line' id='line_1_1' title="bbox 1259 322 2588 388; baseline 0.002 -4"><span class='ocrx_word' id='word_1_1' title='bbox 1259 336 1420 385; x_wconf 70' lang='lat' dir='ltr'><strong>rus</strong></span> <span class='ocrx_word' id='word_1_2' title='bbox 1460 336 1688 385; x_wconf 65' lang='lat' dir='ltr'><strong>ruma,</strong></span> <span class='ocrx_word' id='word_1_3' title='bbox 2467 322 2588 388; x_wconf 73' lang='lat'><strong>157</strong></span> 
     </span>
    </p>
   </div>
   <div class='ocr_carea' id='block_1_2' title="bbox 335 460 2591 4470">
    <p class='ocr_par' dir='ltr' id='par_1_2' title="bbox 353 460 2591 661">
     <span class='ocr_line' id='line_1_2' title="bbox 353 460 2591 543; baseline 0.001 -19"><span class='ocrx_word' id='word_1_4' title='bbox 353 462 687 541; x_wconf 64' lang='lat' dir='ltr'><strong>postumus</strong></span> <span class='ocrx_word' id='word_1_5' title='bbox 707 478 867 523; x_wconf 74' lang='lat' dir='ltr'><strong>curoe</strong></span> <span class='ocrx_word' id='word_1_6' title='bbox 891 464 1151 523; x_wconf 63' lang='lat' dir='ltr'><strong>vicanos</strong></span> <span class='ocrx_word' id='word_1_7' title='bbox 1177 460 1486 541; x_wconf 66' lang='lat' dir='ltr'><strong>adjnotom</strong></span> <span class='ocrx_word' id='word_1_8' title='bbox 1513 463 1599 525; x_wconf 81' lang='lat' dir='ltr'><strong>ad</strong></span> <span class='ocrx_word' id='word_1_9' title='bbox 1626 462 2019 525; x_wconf 63' lang='lat' dir='ltr'><strong>audiendam</strong></span> <span class='ocrx_word' id='word_1_10' title='bbox 2036 462 2266 543; x_wconf 74' lang='lat' dir='ltr'><strong>plebem</strong></span> <span class='ocrx_word' id='word_1_11' title='bbox 2295 465 2414 528; x_wconf 70' lang='lat' dir='ltr'><strong>sibu·</strong></span> <span class='ocrx_word' id='word_1_12' title='bbox 2432 478 2591 526; x_wconf 76' lang='lat' dir='ltr'><strong>omn·</strong></span> 
     </span>
     <span class='ocr_line' id='line_1_3' title="bbox 356 572 2107 661; baseline 0.002 -23"><span class='ocrx_word' id='word_1_13' title='bbox 356 580 605 638; x_wconf 74' lang='lat' dir='ltr'><strong>missam</strong></span> <span class='ocrx_word' id='word_1_14' title='bbox 629 581 966 640; x_wconf 62' lang='lat' dir='ltr'><strong>constituit.</strong></span> <span class='ocrx_word' id='word_1_15' title='bbox 1011 572 1225 661; x_wconf 82' lang='lat' dir='ltr'><strong>(Apud</strong></span> <span class='ocrx_word' id='word_1_16' title='bbox 1249 573 1473 652; x_wconf 85' lang='lat' dir='ltr'><strong>Nardi,</strong></span> <span class='ocrx_word' id='word_1_17' title='bbox 1503 582 1663 642; x_wconf 87' lang='lat' dir='ltr'><strong>tom.</strong></span> <span class='ocrx_word' id='word_1_18' title='bbox 1708 579 1769 654; x_wconf 87' lang='lat'><strong>1,</strong></span> <span class='ocrx_word' id='word_1_19' title='bbox 1793 593 1942 660; x_wconf 88' lang='lat' dir='ltr'><strong>pag.</strong></span> <span class='ocrx_word' id='word_1_20' title='bbox 1967 575 2107 661; x_wconf 78' lang='lat'><strong>99.)</strong></span> 
     </span>
    </p>

    <p class='ocr_par' dir='ltr' id='par_1_3' title="bbox 351 687 2589 1237">
     <span class='ocr_line' id='line_1_4' title="bbox 443 687 2589 775; baseline 0.002 -21"><span class='ocrx_word' id='word_1_21' title='bbox 443 691 675 757; x_wconf 89' lang='lat' dir='ltr'><strong>Posset</strong></span> <span class='ocrx_word' id='word_1_22' title='bbox 697 692 763 755; x_wconf 90' lang='lat' dir='ltr'><strong>in</strong></span> <span class='ocrx_word' id='word_1_23' title='bbox 792 691 1178 756; x_wconf 82' lang='lat' dir='ltr'><strong>immensum</strong></span> <span class='ocrx_word' id='word_1_24' title='bbox 1207 687 1500 774; x_wconf 77' lang='lat' dir='ltr'>protrahi</span> <span class='ocrx_word' id='word_1_25' title='bbox 1537 687 1864 775; x_wconf 79' lang='lat' dir='ltr'><strong>ejusmodi</strong></span> <span class='ocrx_word' id='word_1_26' title='bbox 1891 699 2459 759; x_wconf 76' lang='lat' dir='ltr'><strong>monumentorum</strong></span> <span class='ocrx_word' id='word_1_27' title='bbox 2497 692 2589 759; x_wconf 88' lang='lat' dir='ltr'><strong>in·</strong></span> 
     </span>
     <span class='ocr_line' id='line_1_5' title="bbox 355 804 2587 891; baseline 0.002 -20"><span class='ocrx_word' id='word_1_28' title='bbox 355 804 623 872; x_wconf 81' lang='lat' dir='ltr'><strong>dicatio.</strong></span> <span class='ocrx_word' id='word_1_29' title='bbox 656 806 738 873; x_wconf 78' lang='lat' dir='ltr'><strong>At</strong></span> <span class='ocrx_word' id='word_1_30' title='bbox 767 826 851 872; x_wconf 83' lang='lat' dir='ltr'><strong>ex</strong></span> <span class='ocrx_word' id='word_1_31' title='bbox 881 806 1109 891; x_wconf 86' lang='lat' dir='ltr'><strong>paucis</strong></span> <span class='ocrx_word' id='word_1_32' title='bbox 1129 807 1426 890; x_wconf 83' lang='lat' dir='ltr'><strong>allegatis</strong></span> <span class='ocrx_word' id='word_1_33' title='bbox 1447 805 1745 873; x_wconf 70' lang='lat' dir='ltr'><strong>textibus</strong></span> <span class='ocrx_word' id='word_1_34' title='bbox 1772 807 1966 873; x_wconf 84' lang='lat' dir='ltr'><strong>facile</strong></span> <span class='ocrx_word' id='word_1_35' title='bbox 1998 807 2347 877; x_wconf 79' lang='lat' dir='ltr'>concludet</span> <span class='ocrx_word' id='word_1_36' title='bbox 2377 809 2587 876; x_wconf 88' lang='lat' dir='ltr'><strong>lector</strong></span> 
     </span>
     <span class='ocr_line' id='line_1_6' title="bbox 355 919 2581 1015; baseline 0.004 -31"><span class='ocrx_word' id='word_1_37' title='bbox 355 924 633 984; x_wconf 71' lang='lat' dir='ltr'><strong>Pastoris</strong></span> <span class='ocrx_word' id='word_1_38' title='bbox 661 919 1274 1000; x_wconf 77' lang='lat' dir='ltr'><strong>denominationem,</strong></span> <span class='ocrx_word' id='word_1_39' title='bbox 1313 920 1396 987; x_wconf 87' lang='lat' dir='ltr'><strong>ab</strong></span> <span class='ocrx_word' id='word_1_40' title='bbox 1431 921 1739 988; x_wconf 81' lang='lat' dir='ltr'><strong>Ecclesioe</strong></span> <span class='ocrx_word' id='word_1_41' title='bbox 1775 920 2065 989; x_wconf 79' lang='lat' dir='ltr'><strong>exordiis</strong></span> <span class='ocrx_word' id='word_1_42' title='bbox 2100 921 2188 989; x_wconf 86' lang='lat' dir='ltr'><strong>ad</strong></span> <span class='ocrx_word' id='word_1_43' title='bbox 2216 924 2581 1015; x_wconf 78' lang='lat' dir='ltr'><strong>recentiora</strong></span> 
     </span>
     <span class='ocr_line' id='line_1_7' title="bbox 353 1026 2586 1124; baseline 0.001 -23"><span class='ocrx_word' id='word_1_44' title='bbox 353 1052 560 1119; x_wconf 86' lang='lat' dir='ltr'><strong>usque</strong></span> <span class='ocrx_word' id='word_1_45' title='bbox 601 1042 921 1121; x_wconf 82' lang='lat' dir='ltr'><strong>tempora,</strong></span> <span class='ocrx_word' id='word_1_46' title='bbox 971 1034 1326 1103; x_wconf 83' lang='lat' dir='ltr'><strong>adhibitam</strong></span> <span class='ocrx_word' id='word_1_47' title='bbox 1367 1034 1569 1104; x_wconf 79' lang='lat' dir='ltr'><strong>fuisse</strong></span> <span class='ocrx_word' id='word_1_48' title='bbox 1605 1040 1914 1122; x_wconf 84' lang='lat' dir='ltr'><strong>tanquam</strong></span> <span class='ocrx_word' id='word_1_49' title='bbox 1950 1039 2125 1103; x_wconf 87' lang='lat' dir='ltr'><strong>vocis</strong></span> <span class='ocrx_word' id='word_1_50' title='bbox 2170 1042 2452 1123; x_wconf 71' lang='lat' dir='ltr'><strong>Episcopi</strong></span> <span class='ocrx_word' id='word_1_51' title='bbox 2481 1026 2586 1124; x_wconf 79' lang='lat' dir='ltr'><strong>sy·</strong></span> 
     </span>
     <span class='ocr_line' id='line_1_8' title="bbox 351 1170 721 1237; baseline 0.003 -21"><span class='ocrx_word' id='word_1_52' title='bbox 351 1170 721 1237; x_wconf 86' lang='lat' dir='ltr'><strong>nonymam.</strong></span> 
     </span>
    </p>

    <p class='ocr_par' dir='ltr' id='par_1_4' title="bbox 342 1269 2585 2165">
     <span class='ocr_line' id='line_1_9' title="bbox 441 1269 2585 1353; baseline 0 -19"><span class='ocrx_word' id='word_1_53' title='bbox 441 1269 838 1336; x_wconf 77' lang='lat' dir='ltr'><strong>Pnorosrno</strong></span> <span class='ocrx_word' id='word_1_54' title='bbox 863 1269 1006 1335; x_wconf 77' lang='lat'><strong>111⁸.</strong></span> <span class='ocrx_word' id='word_1_55' title='bbox 1041 1306 1131 1318; x_wconf 91' lang='lat'><strong>—</strong></span> <span class='ocrx_word' id='word_1_56' title='bbox 1159 1274 1313 1334; x_wconf 65' lang='lat' dir='ltr'><strong>Ante</strong></span> <span class='ocrx_word' id='word_1_57' title='bbox 1338 1276 1670 1334; x_wconf 67' lang='lat' dir='ltr'><strong>recentiora</strong></span> <span class='ocrx_word' id='word_1_58' title='bbox 1692 1277 1980 1353; x_wconf 74' lang='lat' dir='ltr'><strong>tempora,</strong></span> <span class='ocrx_word' id='word_1_59' title='bbox 2012 1278 2122 1334; x_wconf 74' lang='lat' dir='ltr'><strong>aut</strong></span> <span class='ocrx_word' id='word_1_60' title='bbox 2138 1290 2441 1352; x_wconf 69' lang='lat' dir='ltr'><strong>nunquam</strong></span> <span class='ocrx_word' id='word_1_61' title='bbox 2467 1277 2585 1339; x_wconf 69' lang='lat' dir='ltr'><strong>aut</strong></span> 
     </span>
     <span class='ocr_line' id='line_1_10' title="bbox 349 1386 2573 1470; baseline 0.003 -24"><span class='ocrx_word' id='word_1_62' title='bbox 349 1389 662 1448; x_wconf 72' lang='lat' dir='ltr'><strong>rarissime</strong></span> <span class='ocrx_word' id='word_1_63' title='bbox 681 1387 936 1467; x_wconf 67' lang='lat' dir='ltr'><strong>parochi</strong></span> <span class='ocrx_word' id='word_1_64' title='bbox 963 1392 1346 1468; x_wconf 48' lang='lat' dir='ltr'><strong>reperiuntur</strong></span> <span class='ocrx_word' id='word_1_65' title='bbox 1367 1394 1682 1469; x_wconf 59' lang='lat' dir='ltr'><strong>pastorem</strong></span> <span class='ocrx_word' id='word_1_66' title='bbox 1709 1393 1949 1451; x_wconf 73' lang='lat' dir='ltr'><strong>nomine</strong></span> <span class='ocrx_word' id='word_1_67' title='bbox 1974 1392 2388 1470; x_wconf 52' lang='lat' dir='ltr'><strong>iomwm-</strong></span> <span class='ocrx_word' id='word_1_68' title='bbox 2412 1386 2573 1454; x_wconf 84' lang='lat' dir='ltr'><strong>Cum</strong></span> 
     </span>
     <span class='ocr_line' id='line_1_11' title="bbox 344 1498 2576 1586; baseline 0.002 -22"><span class='ocrx_word' id='word_1_69' title='bbox 344 1498 739 1583; x_wconf 83' lang='lat' dir='ltr'><strong>jansenistici</strong></span> <span class='ocrx_word' id='word_1_70' title='bbox 767 1508 838 1566; x_wconf 89' lang='lat' dir='ltr'><strong>et</strong></span> <span class='ocrx_word' id='word_1_71' title='bbox 877 1501 1358 1585; x_wconf 75' lang='lat' dir='ltr'><strong>presbyterium</strong></span> <span class='ocrx_word' id='word_1_72' title='bbox 1389 1503 1764 1586; x_wconf 77' lang='lat' dir='ltr'><strong>systematis</strong></span> <span class='ocrx_word' id='word_1_73' title='bbox 1811 1502 2103 1570; x_wconf 77' lang='lat' dir='ltr'><strong>fautores</strong></span> <span class='ocrx_word' id='word_1_74' title='bbox 2132 1503 2289 1569; x_wconf 86' lang='lat' dir='ltr'><strong>totis</strong></span> <span class='ocrx_word' id='word_1_75' title='bbox 2328 1502 2576 1569; x_wconf 81' lang='lat' dir='ltr'><strong>viribus</strong></span> 
     </span>
     <span class='ocr_line' id='line_1_12' title="bbox 347 1615 2573 1703; baseline 0.002 -25"><span class='ocrx_word' id='word_1_76' title='bbox 347 1615 628 1697; x_wconf 78' lang='lat' dir='ltr'><strong>pastoris</strong></span> <span class='ocrx_word' id='word_1_77' title='bbox 649 1616 918 1681; x_wconf 86' lang='lat' dir='ltr'><strong>titulum</strong></span> <span class='ocrx_word' id='word_1_78' title='bbox 948 1615 1250 1699; x_wconf 87' lang='lat' dir='ltr'><strong>parochis</strong></span> <span class='ocrx_word' id='word_1_79' title='bbox 1280 1615 1616 1683; x_wconf 73' lang='lat' dir='ltr'><strong>vindicare</strong></span> <span class='ocrx_word' id='word_1_80' title='bbox 1654 1618 1869 1682; x_wconf 81' lang='lat' dir='ltr'><strong>eonati</strong></span> <span class='ocrx_word' id='word_1_81' title='bbox 1911 1618 2059 1695; x_wconf 84' lang='lat' dir='ltr'><strong>sint,</strong></span> <span class='ocrx_word' id='word_1_82' title='bbox 2090 1625 2287 1703; x_wconf 84' lang='lat' dir='ltr'><strong>atque</strong></span> <span class='ocrx_word' id='word_1_83' title='bbox 2312 1617 2377 1680; x_wconf 92' lang='lat' dir='ltr'><strong>iu</strong></span> <span class='ocrx_word' id='word_1_84' title='bbox 2401 1615 2573 1683; x_wconf 88' lang='lat' dir='ltr'><strong>hunc</strong></span> 
     </span>
     <span class='ocr_line' id='line_1_13' title="bbox 343 1730 2577 1818; baseline 0.003 -24"><span class='ocrx_word' id='word_1_85' title='bbox 343 1746 613 1813; x_wconf 85' lang='lat' dir='ltr'><strong>scopum</strong></span> <span class='ocrx_word' id='word_1_86' title='bbox 645 1730 1076 1798; x_wconf 79' lang='lat' dir='ltr'><strong>ecclesiastica</strong></span> <span class='ocrx_word' id='word_1_87' title='bbox 1105 1740 1528 1799; x_wconf 87' lang='lat' dir='ltr'><strong>monumenta</strong></span> <span class='ocrx_word' id='word_1_88' title='bbox 1560 1733 1863 1816; x_wconf 82' lang='lat' dir='ltr'><strong>gnaviter</strong></span> <span class='ocrx_word' id='word_1_89' title='bbox 1890 1731 2219 1799; x_wconf 77' lang='lat' dir='ltr'><strong>volverint</strong></span> <span class='ocrx_word' id='word_1_90' title='bbox 2233 1780 2249 1810; x_wconf 92' lang='lat'>‚</span> <span class='ocrx_word' id='word_1_91' title='bbox 2286 1739 2357 1798; x_wconf 91' lang='lat' dir='ltr'><strong>et</strong></span> <span class='ocrx_word' id='word_1_92' title='bbox 2390 1730 2577 1818; x_wconf 77' lang='lat' dir='ltr'><strong>quid-</strong></span> 
     </span>
     <span class='ocr_line' id='line_1_14' title="bbox 342 1845 2573 1931; baseline 0 -19"><span class='ocrx_word' id='word_1_93' title='bbox 342 1845 502 1931; x_wconf 85' lang='lat' dir='ltr'><strong>quid</strong></span> <span class='ocrx_word' id='word_1_94' title='bbox 552 1846 674 1912; x_wconf 87' lang='lat' dir='ltr'><strong>sibi</strong></span> <span class='ocrx_word' id='word_1_95' title='bbox 723 1846 948 1913; x_wconf 79' lang='lat' dir='ltr'><strong>favere</strong></span> <span class='ocrx_word' id='word_1_96' title='bbox 1002 1845 1491 1913; x_wconf 84' lang='lat' dir='ltr'><strong>arbitrabantur</strong></span> <span class='ocrx_word' id='word_1_97' title='bbox 1552 1847 2010 1915; x_wconf 74' lang='lat' dir='ltr'><strong>adnotaverint</strong></span> <span class='ocrx_word' id='word_1_98' title='bbox 2027 1895 2044 1925; x_wconf 89' lang='lat'><strong>,</strong></span> <span class='ocrx_word' id='word_1_99' title='bbox 2098 1850 2252 1913; x_wconf 83' lang='lat' dir='ltr'><strong>satis</strong></span> <span class='ocrx_word' id='word_1_100' title='bbox 2306 1849 2439 1914; x_wconf 84' lang='lat' dir='ltr'><strong>erit</strong></span> <span class='ocrx_word' id='word_1_101' title='bbox 2485 1845 2573 1913; x_wconf 89' lang='lat' dir='ltr'><strong>ad</strong></span> 
     </span>
     <span class='ocr_line' id='line_1_15' title="bbox 343 1962 2571 2049; baseline 0 -20"><span class='ocrx_word' id='word_1_102' title='bbox 343 1963 800 2046; x_wconf 81' lang='lat' dir='ltr'><strong>propositionis</strong></span> <span class='ocrx_word' id='word_1_103' title='bbox 837 1969 1073 2031; x_wconf 80' lang='lat' dir='ltr'><strong>nostrae</strong></span> <span class='ocrx_word' id='word_1_104' title='bbox 1116 1962 1565 2048; x_wconf 84' lang='lat' dir='ltr'><strong>probationem</strong></span> <span class='ocrx_word' id='word_1_105' title='bbox 1615 1962 1986 2042; x_wconf 81' lang='lat' dir='ltr'><strong>ostendere,</strong></span> <span class='ocrx_word' id='word_1_106' title='bbox 2024 1972 2248 2037; x_wconf 87' lang='lat' dir='ltr'><strong>textus</strong></span> <span class='ocrx_word' id='word_1_107' title='bbox 2294 1964 2379 2029; x_wconf 84' lang='lat' dir='ltr'><strong>ab</strong></span> <span class='ocrx_word' id='word_1_108' title='bbox 2416 1965 2571 2049; x_wconf 84' lang='lat' dir='ltr'><strong>ipsis</strong></span> 
     </span>
     <span class='ocr_line' id='line_1_16' title="bbox 343 2078 2359 2165; baseline 0 -20"><span class='ocrx_word' id='word_1_109' title='bbox 343 2079 636 2164; x_wconf 84' lang='lat' dir='ltr'><strong>objectos</strong></span> <span class='ocrx_word' id='word_1_110' title='bbox 661 2080 822 2146; x_wconf 83' lang='lat' dir='ltr'><strong>nihil</strong></span> <span class='ocrx_word' id='word_1_111' title='bbox 848 2080 1153 2164; x_wconf 85' lang='lat' dir='ltr'><strong>probare,</strong></span> <span class='ocrx_word' id='word_1_112' title='bbox 1193 2080 1364 2145; x_wconf 85' lang='lat' dir='ltr'><strong>ultra</strong></span> <span class='ocrx_word' id='word_1_113' title='bbox 1390 2078 1458 2145; x_wconf 89' lang='lat' dir='ltr'><strong>id</strong></span> <span class='ocrx_word' id='word_1_114' title='bbox 1489 2079 1671 2165; x_wconf 87' lang='lat' dir='ltr'><strong>quod</strong></span> <span class='ocrx_word' id='word_1_115' title='bbox 1701 2081 1768 2147; x_wconf 91' lang='lat' dir='ltr'><strong>in</strong></span> <span class='ocrx_word' id='word_1_116' title='bbox 1796 2079 1967 2146; x_wconf 87' lang='lat' dir='ltr'><strong>thesi</strong></span> <span class='ocrx_word' id='word_1_117' title='bbox 1990 2082 2359 2147; x_wconf 83' lang='lat' dir='ltr'><strong>asserimus.</strong></span> 
     </span>
    </p>

    <p class='ocr_par' dir='ltr' id='par_1_5' title="bbox 335 2195 2571 4470">
     <span class='ocr_line' id='line_1_17' title="bbox 435 2195 2571 2280; baseline 0.001 -20"><span class='ocrx_word' id='word_1_118' title='bbox 435 2198 503 2259; x_wconf 81' lang='lat'><strong>1⁰</strong></span> <span class='ocrx_word' id='word_1_119' title='bbox 537 2195 871 2280; x_wconf 80' lang='lat' dir='ltr'><strong>Allegatnr</strong></span> <span class='ocrx_word' id='word_1_120' title='bbox 899 2214 1109 2262; x_wconf 85' lang='lat' dir='ltr'><strong>canon</strong></span> <span class='ocrx_word' id='word_1_121' title='bbox 1139 2198 1219 2261; x_wconf 85' lang='lat'><strong>19</strong></span> <span class='ocrx_word' id='word_1_122' title='bbox 1248 2195 1502 2261; x_wconf 89' lang='lat' dir='ltr'><strong>concilii</strong></span> <span class='ocrx_word' id='word_1_123' title='bbox 1529 2197 1570 2260; x_wconf 77' lang='lat'>2</span> <span class='ocrx_word' id='word_1_124' title='bbox 1599 2195 2161 2261; x_wconf 70' lang='lat' dir='ltr'><strong>Turonensisamii</strong></span> <span class='ocrx_word' id='word_1_125' title='bbox 2193 2196 2318 2261; x_wconf 72' lang='lat'><strong>567</strong></span> <span class='ocrx_word' id='word_1_126' title='bbox 2348 2217 2363 2261; x_wconf 91' lang='lat'><strong>:</strong></span> <span class='ocrx_word' id='word_1_127' title='bbox 2401 2218 2437 2256; x_wconf 72' lang='grc' dir='ltr'><strong><em>α</em></strong></span> <span class='ocrx_word' id='word_1_128' title='bbox 2459 2196 2571 2261; x_wconf 77' lang='lat' dir='ltr'><strong>Ar·</strong></span> 
     </span>
     <span class='ocr_line' id='line_1_18' title="bbox 349 2302 2566 2399; baseline 0.003 -25"><span class='ocrx_word' id='word_1_129' title='bbox 349 2334 383 2374; x_wconf 68' lang='lat' dir='ltr'><strong>a</strong></span> <span class='ocrx_word' id='word_1_130' title='bbox 416 2302 893 2398; x_wconf 84' lang='lat' dir='ltr'><strong>chipresbyteri</strong></span> <span class='ocrx_word' id='word_1_131' title='bbox 920 2315 1155 2393; x_wconf 77' lang='lat' dir='ltr'><strong>vicani,</strong></span> <span class='ocrx_word' id='word_1_132' title='bbox 1203 2321 1272 2379; x_wconf 87' lang='lat' dir='ltr'><strong>et</strong></span> <span class='ocrx_word' id='word_1_133' title='bbox 1305 2312 1562 2379; x_wconf 89' lang='lat' dir='ltr'><strong>diaconi</strong></span> <span class='ocrx_word' id='word_1_134' title='bbox 1590 2321 1660 2379; x_wconf 92' lang='lat' dir='ltr'><strong>et</strong></span> <span class='ocrx_word' id='word_1_135' title='bbox 1693 2312 2091 2392; x_wconf 85' lang='lat' dir='ltr'><strong>subdiaconi,</strong></span> <span class='ocrx_word' id='word_1_136' title='bbox 2132 2332 2263 2379; x_wconf 88' lang='lat' dir='ltr'><strong>nou</strong></span> <span class='ocrx_word' id='word_1_137' title='bbox 2302 2310 2566 2399; x_wconf 87' lang='lat' dir='ltr'><strong>quidem</strong></span> 
     </span>
     <span class='ocr_line' id='line_1_19' title="bbox 344 2425 2566 2515; baseline 0.003 -25"><span class='ocrx_word' id='word_1_138' title='bbox 344 2450 379 2490; x_wconf 74' lang='grc' dir='ltr'><strong><em>α</em></strong></span> <span class='ocrx_word' id='word_1_139' title='bbox 413 2446 659 2507; x_wconf 89' lang='lat' dir='ltr'><strong>omnes,</strong></span> <span class='ocrx_word' id='word_1_140' title='bbox 689 2425 805 2494; x_wconf 88' lang='lat' dir='ltr'><strong>sed</strong></span> <span class='ocrx_word' id='word_1_141' title='bbox 830 2426 1053 2511; x_wconf 89' lang='lat' dir='ltr'><strong>plures</strong></span> <span class='ocrx_word' id='word_1_142' title='bbox 1073 2428 1138 2492; x_wconf 91' lang='lat' dir='ltr'><strong>in</strong></span> <span class='ocrx_word' id='word_1_143' title='bbox 1167 2426 1286 2493; x_wconf 88' lang='lat' dir='ltr'><strong>hac</strong></span> <span class='ocrx_word' id='word_1_144' title='bbox 1305 2428 1670 2512; x_wconf 82' lang='lat' dir='ltr'><strong>suspicione</strong></span> <span class='ocrx_word' id='word_1_145' title='bbox 1688 2435 2001 2494; x_wconf 90' lang='lat' dir='ltr'><strong>tenentur</strong></span> <span class='ocrx_word' id='word_1_146' title='bbox 2026 2448 2064 2494; x_wconf 90' lang='lat' dir='ltr'><strong>a</strong></span> <span class='ocrx_word' id='word_1_147' title='bbox 2094 2428 2361 2513; x_wconf 88' lang='lat' dir='ltr'><strong>populo,</strong></span> <span class='ocrx_word' id='word_1_148' title='bbox 2389 2428 2566 2515; x_wconf 87' lang='lat' dir='ltr'><strong>quod</strong></span> 
     </span>
     <span class='ocr_line' id='line_1_20' title="bbox 343 2542 2569 2629; baseline 0.002 -22"><span class='ocrx_word' id='word_1_149' title='bbox 343 2567 379 2607; x_wconf 75' lang='grc' dir='ltr'><em>α</em></span> <span class='ocrx_word' id='word_1_150' title='bbox 413 2563 563 2610; x_wconf 88' lang='lat' dir='ltr'><strong>cum</strong></span> <span class='ocrx_word' id='word_1_151' title='bbox 590 2542 970 2628; x_wconf 83' lang='lat' dir='ltr'><strong>conjugibus</strong></span> <span class='ocrx_word' id='word_1_152' title='bbox 1010 2544 1144 2609; x_wconf 84' lang='lat' dir='ltr'><strong>suis</strong></span> <span class='ocrx_word' id='word_1_153' title='bbox 1185 2549 1510 2609; x_wconf 87' lang='lat' dir='ltr'><strong>maneant.</strong></span> <span class='ocrx_word' id='word_1_154' title='bbox 1550 2545 1684 2610; x_wconf 91' lang='lat' dir='ltr'><strong>Pro</strong></span> <span class='ocrx_word' id='word_1_155' title='bbox 1720 2562 1849 2629; x_wconf 88' lang='lat' dir='ltr'><strong>qna</strong></span> <span class='ocrx_word' id='word_1_156' title='bbox 1894 2562 1969 2609; x_wconf 87' lang='lat' dir='ltr'><strong>re</strong></span> <span class='ocrx_word' id='word_1_157' title='bbox 2017 2544 2143 2609; x_wconf 90' lang='lat' dir='ltr'><strong>hoc</strong></span> <span class='ocrx_word' id='word_1_158' title='bbox 2172 2544 2419 2629; x_wconf 80' lang='lat' dir='ltr'><strong>placuit</strong></span> <span class='ocrx_word' id='word_1_159' title='bbox 2456 2545 2569 2612; x_wconf 86' lang='lat' dir='ltr'><strong>ob-</strong></span> 
     </span>
     <span class='ocr_line' id='line_1_21' title="bbox 342 2657 2567 2745; baseline 0.004 -25"><span class='ocrx_word' id='word_1_160' title='bbox 342 2679 378 2720; x_wconf 79' lang='lat'>«</span> <span class='ocrx_word' id='word_1_161' title='bbox 412 2677 703 2738; x_wconf 81' lang='lat' dir='ltr'><strong>servare,</strong></span> <span class='ocrx_word' id='word_1_162' title='bbox 757 2668 835 2726; x_wconf 88' lang='lat' dir='ltr'><strong>ut</strong></span> <span class='ocrx_word' id='word_1_163' title='bbox 887 2659 1424 2745; x_wconf 84' lang='lat' dir='ltr'><strong>quotiescumque</strong></span> <span class='ocrx_word' id='word_1_164' title='bbox 1487 2657 2050 2743; x_wconf 78' lang='lat' dir='ltr'><strong>archipresbyter,</strong></span> <span class='ocrx_word' id='word_1_165' title='bbox 2114 2677 2232 2726; x_wconf 89' lang='lat' dir='ltr'><strong>seu</strong></span> <span class='ocrx_word' id='word_1_166' title='bbox 2295 2661 2364 2725; x_wconf 90' lang='lat' dir='ltr'><strong>in</strong></span> <span class='ocrx_word' id='word_1_167' title='bbox 2420 2662 2567 2728; x_wconf 74' lang='lat' dir='ltr'><strong>vico</strong></span> 
     </span>
     <span class='ocr_line' id='line_1_22' title="bbox 343 2772 2567 2852; baseline 0.002 -16"><span class='ocrx_word' id='word_1_168' title='bbox 343 2800 376 2836; x_wconf 71' lang='grc' dir='ltr'><strong>«ι</strong></span> <span class='ocrx_word' id='word_1_169' title='bbox 409 2776 741 2852; x_wconf 85' lang='lat' dir='ltr'><strong>manserit,</strong></span> <span class='ocrx_word' id='word_1_170' title='bbox 787 2794 905 2841; x_wconf 87' lang='lat' dir='ltr'><strong>sen</strong></span> <span class='ocrx_word' id='word_1_171' title='bbox 941 2772 1026 2839; x_wconf 89' lang='lat' dir='ltr'><strong>ad</strong></span> <span class='ocrx_word' id='word_1_172' title='bbox 1061 2774 1281 2840; x_wconf 82' lang='lat' dir='ltr'><strong>villam</strong></span> <span class='ocrx_word' id='word_1_173' title='bbox 1306 2792 1485 2839; x_wconf 87' lang='lat' dir='ltr'><strong>suam</strong></span> <span class='ocrx_word' id='word_1_174' title='bbox 1521 2774 1974 2851; x_wconf 82' lang='lat' dir='ltr'><strong>ambulaverit,</strong></span> <span class='ocrx_word' id='word_1_175' title='bbox 2012 2791 2180 2839; x_wconf 89' lang='lat' dir='ltr'><strong>unus</strong></span> <span class='ocrx_word' id='word_1_176' title='bbox 2210 2774 2425 2841; x_wconf 88' lang='lat' dir='ltr'><strong>lector</strong></span> <span class='ocrx_word' id='word_1_177' title='bbox 2459 2793 2567 2841; x_wconf 88' lang='lat' dir='ltr'><strong>ca-</strong></span> 
     </span>
     <span class='ocr_line' id='line_1_23' title="bbox 340 2887 2564 2973; baseline 0.002 -22"><span class='ocrx_word' id='word_1_178' title='bbox 340 2914 376 2951; x_wconf 78' lang='lat'><strong>«</strong></span> <span class='ocrx_word' id='word_1_179' title='bbox 412 2892 793 2957; x_wconf 82' lang='lat' dir='ltr'><strong>nonicorum</strong></span> <span class='ocrx_word' id='word_1_180' title='bbox 822 2907 1111 2968; x_wconf 88' lang='lat' dir='ltr'><strong>suorum,</strong></span> <span class='ocrx_word' id='word_1_181' title='bbox 1135 2895 1252 2955; x_wconf 87' lang='lat' dir='ltr'><strong>aut</strong></span> <span class='ocrx_word' id='word_1_182' title='bbox 1269 2895 1490 2954; x_wconf 87' lang='lat' dir='ltr'><strong>certus</strong></span> <span class='ocrx_word' id='word_1_183' title='bbox 1516 2889 1746 2973; x_wconf 88' lang='lat' dir='ltr'><strong>aliquis</strong></span> <span class='ocrx_word' id='word_1_184' title='bbox 1763 2887 1853 2954; x_wconf 85' lang='lat' dir='ltr'><strong>de</strong></span> <span class='ocrx_word' id='word_1_185' title='bbox 1874 2906 2152 2955; x_wconf 86' lang='lat' dir='ltr'><strong>numero</strong></span> <span class='ocrx_word' id='word_1_186' title='bbox 2174 2890 2564 2957; x_wconf 88' lang='lat' dir='ltr'><strong>clericorum</strong></span> 
     </span>
     <span class='ocr_line' id='line_1_24' title="bbox 342 3001 2565 3088; baseline 0.001 -21"><span class='ocrx_word' id='word_1_187' title='bbox 342 3029 378 3067; x_wconf 74' lang='grc' dir='ltr'><strong>α</strong></span> <span class='ocrx_word' id='word_1_188' title='bbox 419 3023 569 3071; x_wconf 92' lang='lat' dir='ltr'><strong>cum</strong></span> <span class='ocrx_word' id='word_1_189' title='bbox 599 3006 714 3071; x_wconf 91' lang='lat' dir='ltr'><strong>illo</strong></span> <span class='ocrx_word' id='word_1_190' title='bbox 749 3004 1038 3071; x_wconf 86' lang='lat' dir='ltr'><strong>ambulet</strong></span> <span class='ocrx_word' id='word_1_191' title='bbox 1070 3026 1086 3070; x_wconf 76' lang='lat' dir='ltr'><strong>t</strong></span> <span class='ocrx_word' id='word_1_192' title='bbox 1122 3009 1192 3069; x_wconf 87' lang='lat' dir='ltr'><strong>et</strong></span> <span class='ocrx_word' id='word_1_193' title='bbox 1226 3005 1292 3069; x_wconf 90' lang='lat' dir='ltr'><strong>in</strong></span> <span class='ocrx_word' id='word_1_194' title='bbox 1320 3003 1509 3080; x_wconf 85' lang='lat' dir='ltr'><strong>cella,</strong></span> <span class='ocrx_word' id='word_1_195' title='bbox 1545 3001 1660 3068; x_wconf 90' lang='lat' dir='ltr'><strong>ubi</strong></span> <span class='ocrx_word' id='word_1_196' title='bbox 1688 3003 1795 3069; x_wconf 83' lang='lat' dir='ltr'><strong>ille</strong></span> <span class='ocrx_word' id='word_1_197' title='bbox 1820 3003 2019 3088; x_wconf 81' lang='lat' dir='ltr'><strong>jacet,</strong></span> <span class='ocrx_word' id='word_1_198' title='bbox 2052 3003 2298 3070; x_wconf 87' lang='lat' dir='ltr'><strong>lectum</strong></span> <span class='ocrx_word' id='word_1_199' title='bbox 2326 3004 2565 3072; x_wconf 80' lang='lat' dir='ltr'><strong>babeat</strong></span> 
     </span>
     <span class='ocr_line' id='line_1_25' title="bbox 339 3118 2565 3206; baseline 0.002 -23"><span class='ocrx_word' id='word_1_200' title='bbox 339 3143 376 3183; x_wconf 72' lang='grc' dir='ltr'><strong>«ι</strong></span> <span class='ocrx_word' id='word_1_201' title='bbox 407 3139 529 3206; x_wconf 92' lang='lat' dir='ltr'><strong>pro</strong></span> <span class='ocrx_word' id='word_1_202' title='bbox 548 3120 944 3187; x_wconf 84' lang='lat' dir='ltr'><strong>testimonio.</strong></span> <span class='ocrx_word' id='word_1_203' title='bbox 977 3121 1241 3205; x_wconf 86' lang='lat' dir='ltr'><strong>Septem</strong></span> <span class='ocrx_word' id='word_1_204' title='bbox 1268 3127 1486 3184; x_wconf 91' lang='lat' dir='ltr'><strong>tamen</strong></span> <span class='ocrx_word' id='word_1_205' title='bbox 1521 3119 1699 3184; x_wconf 87' lang='lat' dir='ltr'><strong>inter</strong></span> <span class='ocrx_word' id='word_1_206' title='bbox 1724 3118 2152 3185; x_wconf 84' lang='lat' dir='ltr'><strong>subdiaconos</strong></span> <span class='ocrx_word' id='word_1_207' title='bbox 2187 3127 2252 3187; x_wconf 87' lang='lat' dir='ltr'><strong>et</strong></span> <span class='ocrx_word' id='word_1_208' title='bbox 2280 3120 2565 3187; x_wconf 86' lang='lat' dir='ltr'><strong>lectores</strong></span> 
     </span>
     <span class='ocr_line' id='line_1_26' title="bbox 339 3233 2562 3319; baseline 0.001 -21"><span class='ocrx_word' id='word_1_209' title='bbox 339 3257 374 3298; x_wconf 71' lang='lat' dir='ltr'><strong>a</strong></span> <span class='ocrx_word' id='word_1_210' title='bbox 415 3236 525 3303; x_wconf 75' lang='lat' dir='ltr'><strong>vel</strong></span> <span class='ocrx_word' id='word_1_211' title='bbox 575 3237 776 3303; x_wconf 89' lang='lat' dir='ltr'><strong>laicos</strong></span> <span class='ocrx_word' id='word_1_212' title='bbox 803 3237 1041 3304; x_wconf 86' lang='lat' dir='ltr'><strong>babeat</strong></span> <span class='ocrx_word' id='word_1_213' title='bbox 1080 3252 1439 3312; x_wconf 79' lang='lat' dir='ltr'><strong>concessos,</strong></span> <span class='ocrx_word' id='word_1_214' title='bbox 1496 3236 1608 3318; x_wconf 90' lang='lat' dir='ltr'><strong>qui</strong></span> <span class='ocrx_word' id='word_1_215' title='bbox 1648 3233 1924 3299; x_wconf 83' lang='lat' dir='ltr'><strong>vicissim</strong></span> <span class='ocrx_word' id='word_1_216' title='bbox 1976 3235 2368 3319; x_wconf 88' lang='lat' dir='ltr'><strong>septimanas</strong></span> <span class='ocrx_word' id='word_1_217' title='bbox 2413 3253 2562 3301; x_wconf 87' lang='lat' dir='ltr'><strong>cnm</strong></span> 
     </span>
     <span class='ocr_line' id='line_1_27' title="bbox 339 3345 2554 3433; baseline 0 -21"><span class='ocrx_word' id='word_1_218' title='bbox 339 3371 372 3411; x_wconf 78' lang='grc' dir='ltr'><strong>σι</strong></span> <span class='ocrx_word' id='word_1_219' title='bbox 403 3349 520 3414; x_wconf 91' lang='lat' dir='ltr'><strong>illo</strong></span> <span class='ocrx_word' id='word_1_220' title='bbox 554 3349 774 3416; x_wconf 87' lang='lat' dir='ltr'><strong>facere</strong></span> <span class='ocrx_word' id='word_1_221' title='bbox 818 3351 1081 3417; x_wconf 89' lang='lat' dir='ltr'><strong>omniuo</strong></span> <span class='ocrx_word' id='word_1_222' title='bbox 1112 3355 1503 3433; x_wconf 87' lang='lat' dir='ltr'><strong>procurent;</strong></span> <span class='ocrx_word' id='word_1_223' title='bbox 1540 3354 1609 3413; x_wconf 89' lang='lat' dir='ltr'><strong>et</strong></span> <span class='ocrx_word' id='word_1_224' title='bbox 1657 3348 1769 3433; x_wconf 88' lang='lat' dir='ltr'><strong>qui</strong></span> <span class='ocrx_word' id='word_1_225' title='bbox 1814 3345 2141 3413; x_wconf 85' lang='lat' dir='ltr'><strong>distulerit</strong></span> <span class='ocrx_word' id='word_1_226' title='bbox 2179 3347 2554 3432; x_wconf 76' lang='lat' dir='ltr'><strong>fustigetur.</strong></span> 
     </span>
     <span class='ocr_line' id='line_1_28' title="bbox 339 3461 2565 3551; baseline 0.002 -26"><span class='ocrx_word' id='word_1_227' title='bbox 339 3487 375 3525; x_wconf 74' lang='grc' dir='ltr'><strong><em>α</em></strong></span> <span class='ocrx_word' id='word_1_228' title='bbox 409 3466 493 3531; x_wconf 85' lang='lat' dir='ltr'><strong>Et</strong></span> <span class='ocrx_word' id='word_1_229' title='bbox 523 3466 578 3530; x_wconf 88' lang='lat' dir='ltr'><strong>si</strong></span> <span class='ocrx_word' id='word_1_230' title='bbox 621 3465 689 3530; x_wconf 90' lang='lat' dir='ltr'><strong>in</strong></span> <span class='ocrx_word' id='word_1_231' title='bbox 723 3465 846 3531; x_wconf 90' lang='lat' dir='ltr'><strong>hoc</strong></span> <span class='ocrx_word' id='word_1_232' title='bbox 875 3464 1227 3551; x_wconf 88' lang='lat' dir='ltr'><strong>presbyter</strong></span> <span class='ocrx_word' id='word_1_233' title='bbox 1253 3463 1587 3548; x_wconf 81' lang='lat' dir='ltr'><strong>negligens</strong></span> <span class='ocrx_word' id='word_1_234' title='bbox 1628 3464 1934 3530; x_wconf 78' lang='lat' dir='ltr'><strong>iuventus</strong></span> <span class='ocrx_word' id='word_1_235' title='bbox 1968 3461 2192 3542; x_wconf 83' lang='lat' dir='ltr'><strong>fuerit,</strong></span> <span class='ocrx_word' id='word_1_236' title='bbox 2227 3461 2411 3548; x_wconf 84' lang='lat' dir='ltr'><strong>quod</strong></span> <span class='ocrx_word' id='word_1_237' title='bbox 2430 3481 2565 3530; x_wconf 80' lang='lat' dir='ltr'><strong>nou</strong></span> 
     </span>
     <span class='ocr_line' id='line_1_29' title="bbox 338 3578 2563 3666; baseline 0.002 -21"><span class='ocrx_word' id='word_1_238' title='bbox 338 3603 374 3644; x_wconf 76' lang='grc' dir='ltr'><strong>α</strong></span> <span class='ocrx_word' id='word_1_239' title='bbox 406 3582 531 3648; x_wconf 89' lang='lat' dir='ltr'><strong>hoc</strong></span> <span class='ocrx_word' id='word_1_240' title='bbox 581 3582 673 3648; x_wconf 84' lang='lat' dir='ltr'><strong>sic</strong></span> <span class='ocrx_word' id='word_1_241' title='bbox 715 3582 989 3666; x_wconf 89' lang='lat' dir='ltr'><strong>implere</strong></span> <span class='ocrx_word' id='word_1_242' title='bbox 1056 3579 1440 3658; x_wconf 87' lang='lat' dir='ltr'><strong>contendat,</strong></span> <span class='ocrx_word' id='word_1_243' title='bbox 1496 3581 1765 3664; x_wconf 81' lang='lat' dir='ltr'><strong>triginta</strong></span> <span class='ocrx_word' id='word_1_244' title='bbox 1819 3578 2055 3646; x_wconf 86' lang='lat' dir='ltr'><strong>diebus</strong></span> <span class='ocrx_word' id='word_1_245' title='bbox 2109 3581 2563 3650; x_wconf 78' lang='lat' dir='ltr'><strong>00me</strong></span> 
     </span>
     <span class='ocr_line' id='line_1_30' title="bbox 337 3691 2560 3782; baseline 0 -23"><span class='ocrx_word' id='word_1_246' title='bbox 337 3722 370 3759; x_wconf 75' lang='grc' dir='ltr'><strong><em>α</em></strong></span> <span class='ocrx_word' id='word_1_247' title='bbox 406 3697 730 3782; x_wconf 82' lang='lat' dir='ltr'><strong>privetur,</strong></span> <span class='ocrx_word' id='word_1_248' title='bbox 758 3695 969 3764; x_wconf 89' lang='lat' dir='ltr'><strong>donec</strong></span> <span class='ocrx_word' id='word_1_249' title='bbox 998 3696 1450 3780; x_wconf 62' lang='lat' dir='ltr'><strong>poenitentiam</strong></span> <span class='ocrx_word' id='word_1_250' title='bbox 1475 3700 1625 3779; x_wconf 84' lang='lat' dir='ltr'><strong>agat</strong></span> <span class='ocrx_word' id='word_1_251' title='bbox 1659 3701 1727 3760; x_wconf 91' lang='lat' dir='ltr'><strong>et</strong></span> <span class='ocrx_word' id='word_1_252' title='bbox 1766 3694 1857 3759; x_wconf 91' lang='lat' dir='ltr'><strong>sic</strong></span> <span class='ocrx_word' id='word_1_253' title='bbox 1894 3699 2274 3761; x_wconf 80' lang='lat' dir='ltr'><strong>revertatur</strong></span> <span class='ocrx_word' id='word_1_254' title='bbox 2304 3691 2392 3760; x_wconf 89' lang='lat' dir='ltr'><strong>ad</strong></span> <span class='ocrx_word' id='word_1_255' title='bbox 2412 3711 2560 3778; x_wconf 86' lang='lat' dir='ltr'><strong>gra-</strong></span> 
     </span>
     <span class='ocr_line' id='line_1_31' title="bbox 337 3805 2558 3897; baseline 0.001 -24"><span class='ocrx_word' id='word_1_256' title='bbox 337 3833 370 3873; x_wconf 69' lang='lat' dir='ltr'><em>n</em></span> <span class='ocrx_word' id='word_1_257' title='bbox 403 3813 586 3878; x_wconf 82' lang='lat' dir='ltr'><strong>tiam.</strong></span> <span class='ocrx_word' id='word_1_258' title='bbox 621 3805 876 3897; x_wconf 84' lang='lat' dir='ltr'><strong>Reliqui</strong></span> <span class='ocrx_word' id='word_1_259' title='bbox 901 3810 1281 3896; x_wconf 87' lang='lat' dir='ltr'><strong>presbyteri</strong></span> <span class='ocrx_word' id='word_1_260' title='bbox 1308 3817 1378 3876; x_wconf 90' lang='lat' dir='ltr'><strong>et</strong></span> <span class='ocrx_word' id='word_1_261' title='bbox 1399 3808 1654 3875; x_wconf 89' lang='lat' dir='ltr'><strong>diaconi</strong></span> <span class='ocrx_word' id='word_1_262' title='bbox 1680 3815 1749 3874; x_wconf 89' lang='lat' dir='ltr'><strong>et</strong></span> <span class='ocrx_word' id='word_1_263' title='bbox 1778 3807 2161 3876; x_wconf 83' lang='lat' dir='ltr'><strong>subdiaconi</strong></span> <span class='ocrx_word' id='word_1_264' title='bbox 2202 3807 2413 3874; x_wconf 75' lang='lat' dir='ltr'><strong>vicani</strong></span> <span class='ocrx_word' id='word_1_265' title='bbox 2437 3807 2558 3876; x_wconf 87' lang='lat' dir='ltr'><strong>hoc</strong></span> 
     </span>
     <span class='ocr_line' id='line_1_32' title="bbox 335 3923 2559 4009; baseline 0.002 -20"><span class='ocrx_word' id='word_1_266' title='bbox 335 3951 368 3989; x_wconf 74' lang='grc' dir='ltr'><em>α</em></span> <span class='ocrx_word' id='word_1_267' title='bbox 403 3926 621 3994; x_wconf 85' lang='lat' dir='ltr'><strong>studio</strong></span> <span class='ocrx_word' id='word_1_268' title='bbox 666 3947 738 3993; x_wconf 92' lang='lat' dir='ltr'><strong>se</strong></span> <span class='ocrx_word' id='word_1_269' title='bbox 781 3923 1171 4002; x_wconf 85' lang='lat' dir='ltr'><strong>custodiant,</strong></span> <span class='ocrx_word' id='word_1_270' title='bbox 1228 3932 1304 3990; x_wconf 87' lang='lat' dir='ltr'><strong>ut</strong></span> <span class='ocrx_word' id='word_1_271' title='bbox 1346 3923 1732 4009; x_wconf 87' lang='lat' dir='ltr'><strong>mancipiola</strong></span> <span class='ocrx_word' id='word_1_272' title='bbox 1777 3942 1894 3990; x_wconf 90' lang='lat' dir='ltr'><strong>sua</strong></span> <span class='ocrx_word' id='word_1_273' title='bbox 1936 3923 2029 3989; x_wconf 88' lang='lat' dir='ltr'><strong>ibi</strong></span> <span class='ocrx_word' id='word_1_274' title='bbox 2078 3931 2386 3990; x_wconf 86' lang='lat' dir='ltr'><strong>maneant</strong></span> <span class='ocrx_word' id='word_1_275' title='bbox 2440 3924 2559 3994; x_wconf 84' lang='lat' dir='ltr'><strong>ubi</strong></span> 
     </span>
     <span class='ocr_line' id='line_1_33' title="bbox 337 4036 2559 4124; baseline 0 -20"><span class='ocrx_word' id='word_1_276' title='bbox 337 4066 373 4104; x_wconf 72' lang='grc' dir='ltr'><strong><em>α</em></strong></span> <span class='ocrx_word' id='word_1_277' title='bbox 407 4060 644 4109; x_wconf 81' lang='lat' dir='ltr'><strong>uxores</strong></span> <span class='ocrx_word' id='word_1_278' title='bbox 672 4060 804 4108; x_wconf 82' lang='lat' dir='ltr'><strong>suae</strong></span> <span class='ocrx_word' id='word_1_279' title='bbox 834 4064 850 4109; x_wconf 73' lang='grc' dir='ltr'><strong><em>ε</em></strong></span> <span class='ocrx_word' id='word_1_280' title='bbox 883 4039 981 4107; x_wconf 85' lang='lat' dir='ltr'><strong>illi</strong></span> <span class='ocrx_word' id='word_1_281' title='bbox 1003 4045 1229 4106; x_wconf 86' lang='lat' dir='ltr'><strong>tamen</strong></span> <span class='ocrx_word' id='word_1_282' title='bbox 1257 4039 1648 4124; x_wconf 79' lang='lat' dir='ltr'><strong>segregatim</strong></span> <span class='ocrx_word' id='word_1_283' title='bbox 1681 4036 1952 4106; x_wconf 86' lang='lat' dir='ltr'><strong>solitarii</strong></span> <span class='ocrx_word' id='word_1_284' title='bbox 1996 4039 2064 4104; x_wconf 91' lang='lat' dir='ltr'><strong>in</strong></span> <span class='ocrx_word' id='word_1_285' title='bbox 2111 4038 2274 4105; x_wconf 86' lang='lat' dir='ltr'><strong>cella</strong></span> <span class='ocrx_word' id='word_1_286' title='bbox 2300 4037 2559 4123; x_wconf 87' lang='lat' dir='ltr'><strong>jaceant</strong></span> 
     </span>
     <span class='ocr_line' id='line_1_34' title="bbox 338 4135 2548 4235; baseline -0.001 -19"><span class='ocrx_word' id='word_1_287' title='bbox 338 4177 374 4216; x_wconf 71' lang='grc' dir='ltr'><strong>α</strong></span> <span class='ocrx_word' id='word_1_288' title='bbox 411 4160 481 4219; x_wconf 92' lang='lat' dir='ltr'><strong>et</strong></span> <span class='ocrx_word' id='word_1_289' title='bbox 532 4162 721 4221; x_wconf 86' lang='lat' dir='ltr'><strong>orent</strong></span> <span class='ocrx_word' id='word_1_290' title='bbox 790 4161 861 4219; x_wconf 91' lang='lat' dir='ltr'><strong>et</strong></span> <span class='ocrx_word' id='word_1_291' title='bbox 922 4135 1270 4219; x_wconf 79' lang='lat' dir='ltr'><strong>dormiant.</strong></span> <span class='ocrx_word' id='word_1_292' title='bbox 1335 4151 1498 4217; x_wconf 80' lang='lat' dir='ltr'><strong>Nam</strong></span> <span class='ocrx_word' id='word_1_293' title='bbox 1548 4151 1662 4235; x_wconf 89' lang='lat' dir='ltr'><strong>qui</strong></span> <span class='ocrx_word' id='word_1_294' title='bbox 1736 4169 1983 4217; x_wconf 83' lang='lat' dir='ltr'><strong>uxores</strong></span> <span class='ocrx_word' id='word_1_295' title='bbox 2062 4167 2193 4215; x_wconf 91' lang='lat' dir='ltr'><strong>non</strong></span> <span class='ocrx_word' id='word_1_296' title='bbox 2278 4148 2548 4226; x_wconf 85' lang='lat' dir='ltr'><strong>habent,</strong></span> 
     </span>
     <span class='ocr_line' id='line_1_35' title="bbox 337 4264 2547 4353; baseline -0 -22"><span class='ocrx_word' id='word_1_297' title='bbox 337 4292 370 4331; x_wconf 71' lang='grc' dir='ltr'><strong>α</strong></span> <span class='ocrx_word' id='word_1_298' title='bbox 404 4270 474 4335; x_wconf 89' lang='lat' dir='ltr'><strong>in</strong></span> <span class='ocrx_word' id='word_1_299' title='bbox 508 4276 700 4353; x_wconf 87' lang='lat' dir='ltr'><strong>parte</strong></span> <span class='ocrx_word' id='word_1_300' title='bbox 746 4267 835 4336; x_wconf 91' lang='lat' dir='ltr'><strong>de</strong></span> <span class='ocrx_word' id='word_1_301' title='bbox 886 4266 1285 4351; x_wconf 84' lang='lat' dir='ltr'><strong>mancipiolis</strong></span> <span class='ocrx_word' id='word_1_302' title='bbox 1327 4266 1459 4332; x_wconf 91' lang='lat' dir='ltr'><strong>suis</strong></span> <span class='ocrx_word' id='word_1_303' title='bbox 1504 4264 1792 4332; x_wconf 87' lang='lat' dir='ltr'><strong>habeant</strong></span> <span class='ocrx_word' id='word_1_304' title='bbox 1818 4264 2089 4332; x_wconf 85' lang='lat' dir='ltr'><strong>cellulas</strong></span> <span class='ocrx_word' id='word_1_305' title='bbox 2133 4265 2547 4349; x_wconf 80' lang='lat' dir='ltr'><strong>segregatim,</strong></span> 
     </span>
     <span class='ocr_line' id='line_1_36' title="bbox 335 4379 2553 4470; baseline -0.002 -23"><span class='ocrx_word' id='word_1_306' title='bbox 335 4405 370 4447; x_wconf 73' lang='grc' dir='ltr'><strong>α</strong></span> <span class='ocrx_word' id='word_1_307' title='bbox 405 4383 518 4451; x_wconf 87' lang='lat' dir='ltr'><strong>ubi</strong></span> <span class='ocrx_word' id='word_1_308' title='bbox 539 4392 610 4450; x_wconf 91' lang='lat' dir='ltr'><strong>et</strong></span> <span class='ocrx_word' id='word_1_309' title='bbox 632 4384 754 4470; x_wconf 85' lang='lat' dir='ltr'><strong>ipsi</strong></span> <span class='ocrx_word' id='word_1_310' title='bbox 779 4381 1010 4451; x_wconf 84' lang='lat' dir='ltr'><strong>itidem</strong></span> <span class='ocrx_word' id='word_1_311' title='bbox 1036 4388 1108 4449; x_wconf 88' lang='lat' dir='ltr'><strong>et</strong></span> <span class='ocrx_word' id='word_1_312' title='bbox 1137 4390 1335 4450; x_wconf 90' lang='lat' dir='ltr'><strong>orent</strong></span> <span class='ocrx_word' id='word_1_313' title='bbox 1377 4379 1703 4465; x_wconf 77' lang='lat' dir='ltr'><strong>segregati</strong></span> <span class='ocrx_word' id='word_1_314' title='bbox 1730 4386 1798 4445; x_wconf 87' lang='lat' dir='ltr'><strong>et</strong></span> <span class='ocrx_word' id='word_1_315' title='bbox 1820 4379 2259 4448; x_wconf 61' lang='lat' dir='ltr'><strong>dormiant...</strong></span> <span class='ocrx_word' id='word_1_316' title='bbox 2290 4380 2374 4444; x_wconf 82' lang='lat' dir='ltr'><strong>Et</strong></span> <span class='ocrx_word' id='word_1_317' title='bbox 2404 4380 2553 4464; x_wconf 81' lang='lat' dir='ltr'><strong>quia</strong></span> 
     </span>
    </p>
   </div>
  </div>
 </body>
</html>
