3146 4973
1205 378 1365 428 mns
1409 378 1638 427 rmus.
2406 366 2521 431 101

299 501 448 579 bus,
485 509 674 587 patet
725 502 1112 568 Gereonium
1146 510 1409 569 curatos
1445 502 1747 569 habuisse
1777 520 1898 588 pro
1929 503 2105 573 veris
2156 503 2530 587 hierarchis,

299 618 574 684 tertium
626 616 923 685 ordinem
982 617 1343 685 essentialis
1393 617 1773 687 hierarchiae
1831 620 2404 702 constituentibus,
2456 641 2536 691 eo

296 751 495 800 sensu
529 752 726 819 quem
755 732 948 800 modo
975 732 1193 820 quoad
1218 734 1578 803 Sorbonam
1610 732 2087 801 adnotavimus.

385 847 508 914 111.
547 852 712 931 Quid
761 854 1018 913 tenuerit
1062 853 1431 915 Bossuetius.
1483 886 1572 898 —
1623 872 1657 911 α
1692 849 1897 915 Nimia
1943 849 2053 914 illa
2100 848 2400 934 quidem,
2436 851 2537 919 in·

299 984 334 1021 α
371 962 592 1047 quies,
628 981 772 1049 quae
820 969 1210 1048 potestatem
1242 962 1710 1051 jurisdictionis
1760 963 2193 1048 parochorum
2238 984 2424 1051 aeque
2458 986 2537 1034 ac

300 1101 336 1137 α
369 1077 842 1162 Episcoporum
873 1086 944 1145 et
985 1079 1210 1163 Papae,
1257 1098 1296 1146 a
1329 1079 1585 1145 Christo
1617 1097 1759 1146 esse
1788 1078 2017 1158 docet,
2064 1087 2140 1144 ut
2175 1099 2260 1146 ex
2288 1079 2536 1148 eisdem

301 1214 336 1251 α
374 1194 811 1259 monumentis
855 1197 1051 1277 atque
1095 1212 1177 1259 ex
1217 1194 1567 1260 novissima
1612 1195 1950 1260 Vernantii
1997 1212 2273 1260 censura
2321 1203 2531 1279 patet.

303 1331 336 1367 α
368 1307 500 1389 Qui
546 1307 686 1374 hoec
723 1306 1042 1393 objiciunt
1060 1357 1075 1386 ,
1129 1306 1499 1374 doctrinam
1559 1327 1755 1375 sacrae
1808 1307 2137 1375 facultatis
2184 1329 2314 1376 non
2349 1311 2541 1377 intel-

303 1446 335 1483 «
369 1423 586 1507 ligunt
635 1443 651 1488 z
703 1421 945 1489 diserte
993 1425 1165 1489 enim
1227 1424 1513 1508 explicat
1556 1423 1665 1489 hic
1722 1424 1826 1509 agi
1874 1421 1960 1490 de
2021 1423 2348 1506 parochis,
2408 1442 2541 1492 non

303 1561 335 1597 a
371 1543 689 1622 quantum
749 1534 835 1603 ad
894 1541 1355 1619 limitationem,
1419 1536 1540 1604 sed
1590 1546 1907 1624 quantum
1957 1536 2043 1604 ad
2098 1544 2541 1606 institutionem

305 1676 336 1713 α
359 1657 760 1736 primariam,-
804 1652 1157 1739 subditque
1201 1655 1268 1718 in
1323 1672 1597 1719 censura
1642 1652 1977 1718 Vernantii
2019 1675 2034 1718 :
2077 1656 2266 1718 Salva
2311 1675 2539 1739 semper

301 1792 332 1829 α
367 1772 724 1834 immediata
779 1773 1208 1852 Episcoporum
1260 1774 1327 1834 in
1369 1772 1665 1852 proelatos
1727 1774 1983 1834 minores
2027 1790 2132 1833 seu
2181 1778 2421 1835 curatos
2478 1780 2537 1835 et

305 1908 338 1945 α
365 1889 599 1969 plebem
628 1889 936 1950 subditam
974 1891 1359 1950 auctoritate.
1395 1886 1578 1951 Mens
1615 1902 1772 1968 ergo
1800 1883 2126 1951 facultatis
2154 1883 2239 1951 de
2267 1884 2539 1951 secundi

304 2026 335 2063 α
372 2002 623 2069 ordinis
666 2000 1116 2069 sacerdotibus
1159 2022 1289 2068 non
1329 2021 1407 2068 ea
1449 2010 1571 2079 est,
1632 2001 2004 2068 institutum
2055 2022 2093 2067 a
2140 2001 2427 2081 Christo,
2465 2008 2540 2068 ut

301 2143 332 2179 α
369 2120 504 2184 sint
531 2137 614 2184 eo
645 2118 801 2197 ritu,
839 2135 1037 2203 quem
1074 2137 1246 2184 nunc
1279 2118 1567 2185 Ecclesia
1596 2124 1841 2195 servat,
1872 2117 1940 2180 in
1979 2118 2295 2202 paroecias
2323 2116 2541 2183 distri-

300 2258 330 2293 «
364 2233 553 2317 buti3
589 2230 662 2297 id
696 2233 870 2299 enim
914 2232 1208 2315 pertinet
1246 2231 1330 2299 ad
1368 2250 1514 2299 eam
1543 2231 2036 2311 limitationem,
2072 2249 2265 2316 quam
2296 2251 2335 2296 a
2365 2233 2541 2315 Papa

301 2373 332 2410 α
363 2347 633 2434 quidem
659 2354 730 2413 et
762 2345 844 2411 ab
877 2345 1166 2412 Ecclesia
1189 2366 1328 2413 esse
1361 2348 1501 2431 ipsa
1521 2346 1800 2412 facultas
1835 2344 2091 2432 docuit3
2124 2344 2244 2412 sed
2273 2347 2533 2412 omnino

297 2489 331 2527 α
362 2486 403 2532 a
431 2464 690 2532 Christo
739 2480 878 2529 esse
921 2462 1028 2541 id,
1072 2461 1250 2549 qnod
1297 2462 1381 2530 ad
1426 2463 1801 2549 primariam
1839 2460 2032 2549 hujus
2080 2460 2326 2528 ordinis
2359 2463 2538 2530 insti-

297 2611 328 2645 α
363 2585 689 2652 tutionem
717 2584 1040 2667 pertinet3
1077 2600 1313 2667 nempe
1344 2588 1420 2645 ut
1447 2581 1555 2647 ille
1590 2579 1756 2646 ordo
1782 2583 1867 2646 sit
1894 2582 1961 2644 in
1993 2579 2279 2646 Ecclesia
2309 2597 2536 2646 neces-

297 2724 329 2760 α
364 2699 602 2776 serina,
655 2705 724 2764 et
759 2695 1054 2764 secundo
1094 2696 1239 2762 loco
1266 2694 1390 2761 sub
1433 2694 1767 2777 Episcopis
1810 2691 2308 2759 ecclesiasticam
2341 2691 2537 2777 juris·

296 2838 328 2874 α
362 2814 720 2880 dictionem
753 2817 1094 2897 exerceat3
1131 2830 1325 2898 quam
1374 2827 1525 2875 cum
1576 2815 1881 2887 exercet,
1920 2828 2051 2874 non
2082 2806 2163 2873 ab
2192 2806 2316 2873 alio
2343 2825 2538 2892 quam

296 2955 328 2992 «
365 2951 404 2995 a
445 2929 744 3008 Christo,
787 2926 1149 2994 secundum
1198 2944 1479 2992 canones
1514 2933 1585 2992 et
1620 2925 2084 3010 Episcoporum
2135 2921 2323 3009 juxta
2371 2942 2538 3007 prae-

295 3071 328 3109 α
364 3047 610 3132 scripta
631 3094 649 3123 ‚
712 3040 1150 3112 exercendam
1197 3041 1472 3125 accipiat
1524 3062 1538 3106 :
1588 3042 1679 3107 ita
1733 3048 1808 3104 ut
1858 3039 2193 3123 Episcopis
2226 3058 2264 3104 a
2299 3038 2537 3124 quihus

296 3187 328 3224 «ι
366 3168 837 3229 consecrantur
900 3167 969 3227 et
1022 3159 1476 3234 instituuntur,
1531 3161 1837 3239 tanquam
1884 3152 2274 3219 immediatis
2322 3160 2536 3238 pasto-

294 3303 326 3341 «
359 3278 580 3356 ribus,
625 3277 931 3343 vicariam
969 3290 1237 3359 operam
1275 3276 1591 3356 praestent
1638 3292 1653 3336 ε
1685 3268 1863 3356 quod
1893 3275 1993 3336 est
2022 3269 2455 3334 verissimum.
2495 3290 2528 3330 »

294 3395 621 3483 (Defensio,
662 3391 826 3458 edit.
864 3390 1068 3458 Lebel
1101 3390 1294 3465 1817,
1326 3392 1487 3453 tom.
1520 3386 1632 3463 32,
1667 3401 1815 3469 pag.
1849 3381 2032 3468 614.)
2063 3382 2339 3449 Admisit
2370 3401 2530 3466 ergo

289 3512 427 3595 ipse
453 3509 655 3577 etiam
668 3506 1068 3583 Bossnetius,
1085 3501 1400 3590 parochos
1424 3520 1565 3569 esse
1581 3497 1962 3567 immediate
1984 3518 2023 3566 a
2041 3497 2299 3564 Christo
2321 3497 2535 3583 quoad

283 3632 652 3710 primariam
679 3629 1145 3702 institutionem,
1179 3627 1246 3685 et
1267 3641 1305 3685 a
1325 3618 1474 3705 jure
1499 3616 1936 3683 ecclesiastico
1959 3620 2218 3680 tantum
2241 3610 2534 3697 pendere

289 3743 436 3809 talis
464 3748 536 3809 et
559 3739 706 3806 talis
735 3736 1055 3823 parochioe
1103 3735 1601 3820 assignationem
1628 3731 1898 3798 cuilibet
1940 3728 2225 3814 parocho
2266 3728 2526 3794 factam.

292 3860 385 3925 Ex
402 3876 535 3945 quo
556 3856 855 3942 sequitur
873 3850 1110 3920 eodem
1133 3871 1325 3918 sensu
1348 3848 1775 3915 institutionis
1796 3846 2031 3912 divinae
2049 3863 2189 3910 esse
2217 3843 2533 3928 parochos

294 3994 370 4041 ac
397 3972 790 4057 Episcopos3
822 3986 973 4034 cum
1019 3967 1141 4051 ipsi
1177 3967 1372 4032 etiam
1409 3963 1713 4048 Episcopi
1742 3961 1958 4049 quoad
1986 3960 2302 4038 dioecesis‚
2338 3977 2532 4046 quam

300 4094 552 4172 regant,
586 4083 1099 4169 designationem
1127 4080 1459 4165 pendeant
1489 4099 1526 4144 a
1558 4084 1884 4162 potestate
1913 4076 2366 4142 ecclesiastica.
2398 4073 2533 4140 Cae-

297 4213 514 4270 terum
542 4221 690 4268 cum
719 4200 930 4266 utitur
953 4197 1328 4264 Bossuetius
1354 4214 1514 4263 voce
1543 4197 1913 4271 consecrari,
1948 4188 2406 4274 intelligendus
2433 4196 2532 4255 est

299 4318 382 4384 de
410 4315 819 4403 presbyteris
843 4315 944 4380 uti
967 4311 1370 4397 presbyteris
1400 4308 1506 4396 (de
1535 4308 1774 4394 quibus
1801 4315 2021 4373 tamen
2050 4325 2181 4372 non
2208 4303 2529 4390 agebatur

301 4433 368 4497 in
409 4429 818 4517 qua-stione);
862 4428 1146 4514 alioquin
1181 4444 1310 4492 vox
1341 4424 1450 4491 illa
1492 4420 1858 4490 orthodoxa
1894 4438 2024 4485 non
2071 4425 2245 4485 esset
2282 4439 2296 4483 z
2344 4415 2530 4483 insti-
