<?xml version="1.0" encoding="UTF-8"?>
<!DOCTYPE html PUBLIC "-//W3C//DTD XHTML 1.0 Transitional//EN"
    "http://www.w3.org/TR/xhtml1/DTD/xhtml1-transitional.dtd">
<html xmlns="http://www.w3.org/1999/xhtml" xml:lang="en" lang="en">
 <head>
  <title>
</title>
<meta http-equiv="Content-Type" content="text/html;charset=utf-8" />
  <meta name='ocr-system' content='tesseract 3.04.00' />
  <meta name='ocr-capabilities' content='ocr_page ocr_carea ocr_par ocr_line ocrx_word'/>
</head>
<body>
  <div class='ocr_page' id='page_1' title='image "./tractatusdeparo00bouigoog_0274.png"; bbox 0 0 3146 4973; ppageno 0'>
   <div class='ocr_carea' id='block_1_1' title="bbox 577 332 2133 398">
    <p class='ocr_par' dir='ltr' id='par_1_1' title="bbox 577 332 2133 398">
     <span class='ocr_line' id='line_1_1' title="bbox 577 332 2133 398; baseline -0.004 -2"><span class='ocrx_word' id='word_1_1' title='bbox 577 332 704 398; x_wconf 71' lang='lat'>262</span> <span class='ocrx_word' id='word_1_2' title='bbox 1248 344 1626 394; x_wconf 62' lang='lat' dir='ltr'>&#39;raac‘rxms</span> <span class='ocrx_word' id='word_1_3' title='bbox 1675 344 1761 393; x_wconf 73' lang='lat' dir='ltr'>ns</span> <span class='ocrx_word' id='word_1_4' title='bbox 1803 345 2133 392; x_wconf 68' lang='lat' dir='ltr'>Panocuo.</span> 
     </span>
    </p>
   </div>
   <div class='ocr_carea' id='block_1_2' title="bbox 573 464 2826 3793">
    <p class='ocr_par' dir='ltr' id='par_1_2' title="bbox 573 464 2813 1244">
     <span class='ocr_line' id='line_1_2' title="bbox 574 464 2810 559; baseline -0.004 -19"><span class='ocrx_word' id='word_1_5' title='bbox 574 486 732 559; x_wconf 78' lang='lat' dir='ltr'>gere</span> <span class='ocrx_word' id='word_1_6' title='bbox 762 479 985 557; x_wconf 83' lang='lat' dir='ltr'>posset</span> <span class='ocrx_word' id='word_1_7' title='bbox 1017 480 1229 537; x_wconf 73' lang='lat' dir='ltr'>novus</span> <span class='ocrx_word' id='word_1_8' title='bbox 1256 468 1603 554; x_wconf 59' lang='lat' dir='ltr'>parochus„</span> <span class='ocrx_word' id='word_1_9' title='bbox 1627 489 1663 535; x_wconf 87' lang='lat' dir='ltr'>a</span> <span class='ocrx_word' id='word_1_10' title='bbox 1694 470 1948 536; x_wconf 82' lang='lat' dir='ltr'>fortiori</span> <span class='ocrx_word' id='word_1_11' title='bbox 1971 467 2223 552; x_wconf 70' lang='lat' dir='ltr'>degere</span> <span class='ocrx_word' id='word_1_12' title='bbox 2253 467 2502 551; x_wconf 77' lang='lat' dir='ltr'>poterit</span> <span class='ocrx_word' id='word_1_13' title='bbox 2529 464 2810 532; x_wconf 75' lang='lat' dir='ltr'>vicarius</span> 
     </span>
     <span class='ocr_line' id='line_1_3' title="bbox 575 583 2807 672; baseline -0.003 -18"><span class='ocrx_word' id='word_1_14' title='bbox 575 596 689 655; x_wconf 82' lang='lat' dir='ltr'>aut</span> <span class='ocrx_word' id='word_1_15' title='bbox 729 586 1096 672; x_wconf 73' lang='lat' dir='ltr'>coadiutor.</span> <span class='ocrx_word' id='word_1_16' title='bbox 1131 584 1409 651; x_wconf 82' lang='lat' dir='ltr'>Aliunde</span> <span class='ocrx_word' id='word_1_17' title='bbox 1453 604 1580 668; x_wconf 87' lang='lat' dir='ltr'>per</span> <span class='ocrx_word' id='word_1_18' title='bbox 1622 584 1944 670; x_wconf 83' lang='lat' dir='ltr'>ejusmodi</span> <span class='ocrx_word' id='word_1_19' title='bbox 1984 583 2347 666; x_wconf 84' lang='lat' dir='ltr'>cappellam</span> <span class='ocrx_word' id='word_1_20' title='bbox 2381 590 2454 649; x_wconf 72' lang='lat' dir='ltr'>et</span> <span class='ocrx_word' id='word_1_21' title='bbox 2495 583 2807 648; x_wconf 70' lang='lat' dir='ltr'>vicarium</span> 
     </span>
     <span class='ocr_line' id='line_1_4' title="bbox 576 684 2806 786; baseline -0.003 -16"><span class='ocrx_word' id='word_1_22' title='bbox 576 708 955 770; x_wconf 77' lang='lat' dir='ltr'>removetur</span> <span class='ocrx_word' id='word_1_23' title='bbox 1006 718 1242 786; x_wconf 88' lang='lat' dir='ltr'>magna</span> <span class='ocrx_word' id='word_1_24' title='bbox 1292 700 1399 767; x_wconf 85' lang='lat' dir='ltr'>illa</span> <span class='ocrx_word' id='word_1_25' title='bbox 1438 701 1977 784; x_wconf 84' lang='lat' dir='ltr'>parochianorum</span> <span class='ocrx_word' id='word_1_26' title='bbox 2020 684 2361 767; x_wconf 69' lang='lat' dir='ltr'>fficultas</span> <span class='ocrx_word' id='word_1_27' title='bbox 2405 706 2806 764; x_wconf 71' lang='lat' dir='ltr'>sacramenta</span> 
     </span>
     <span class='ocr_line' id='line_1_5' title="bbox 575 813 2811 902; baseline -0.003 -17"><span class='ocrx_word' id='word_1_28' title='bbox 575 818 934 902; x_wconf 80' lang='lat' dir='ltr'>recipiendi</span> <span class='ocrx_word' id='word_1_29' title='bbox 976 824 1048 883; x_wconf 89' lang='lat' dir='ltr'>et</span> <span class='ocrx_word' id='word_1_30' title='bbox 1098 816 1316 883; x_wconf 80' lang='lat' dir='ltr'>divina</span> <span class='ocrx_word' id='word_1_31' title='bbox 1365 816 1568 882; x_wconf 78' lang='lat' dir='ltr'>officia</span> <span class='ocrx_word' id='word_1_32' title='bbox 1597 814 1928 883; x_wconf 84' lang='lat' dir='ltr'>audiendi.</span> <span class='ocrx_word' id='word_1_33' title='bbox 1962 816 2132 901; x_wconf 84' lang='lat' dir='ltr'>Ergo</span> <span class='ocrx_word' id='word_1_34' title='bbox 2163 818 2271 882; x_wconf 72' lang='lat' dir='ltr'>vix</span> <span class='ocrx_word' id='word_1_35' title='bbox 2303 818 2588 900; x_wconf 75' lang='lat' dir='ltr'>anquam</span> <span class='ocrx_word' id='word_1_36' title='bbox 2613 813 2811 880; x_wconf 78' lang='lat' dir='ltr'>dare«-</span> 
     </span>
     <span class='ocr_line' id='line_1_6' title="bbox 573 927 2813 1015; baseline -0.002 -18"><span class='ocrx_word' id='word_1_37' title='bbox 573 940 686 997; x_wconf 88' lang='lat' dir='ltr'>tur</span> <span class='ocrx_word' id='word_1_38' title='bbox 714 950 900 997; x_wconf 90' lang='lat' dir='ltr'>casus</span> <span class='ocrx_word' id='word_1_39' title='bbox 937 949 1066 1015; x_wconf 88' lang='lat' dir='ltr'>quo</span> <span class='ocrx_word' id='word_1_40' title='bbox 1116 930 1438 1012; x_wconf 82' lang='lat' dir='ltr'><strong>Episcopo</strong></span> <span class='ocrx_word' id='word_1_41' title='bbox 1492 930 1721 995; x_wconf 86' lang='lat' dir='ltr'>liceret</span> <span class='ocrx_word' id='word_1_42' title='bbox 1777 927 1864 994; x_wconf 89' lang='lat' dir='ltr'>ad</span> <span class='ocrx_word' id='word_1_43' title='bbox 1899 929 2542 996; x_wconf 76' lang='lat' dir='ltr'>dismembrationem</span> <span class='ocrx_word' id='word_1_44' title='bbox 2585 944 2813 1012; x_wconf 79' lang='lat' dir='ltr'>proce-</span> 
     </span>
     <span class='ocr_line' id='line_1_7' title="bbox 575 1043 2810 1130; baseline -0.003 -16"><span class='ocrx_word' id='word_1_45' title='bbox 575 1048 757 1114; x_wconf 87' lang='lat' dir='ltr'>dere.</span> <span class='ocrx_word' id='word_1_46' title='bbox 795 1048 964 1130; x_wconf 85' lang='lat' dir='ltr'>Ergo</span> <span class='ocrx_word' id='word_1_47' title='bbox 982 1043 1341 1111; x_wconf 79' lang='lat' dir='ltr'>Tridentini</span> <span class='ocrx_word' id='word_1_48' title='bbox 1363 1052 1585 1127; x_wconf 88' lang='lat' dir='ltr'>patres</span> <span class='ocrx_word' id='word_1_49' title='bbox 1607 1045 1936 1129; x_wconf 87' lang='lat' dir='ltr'>Episcopis</span> <span class='ocrx_word' id='word_1_50' title='bbox 1965 1046 2390 1110; x_wconf 85' lang='lat' dir='ltr'>contulissent</span> <span class='ocrx_word' id='word_1_51' title='bbox 2416 1046 2810 1128; x_wconf 81' lang='lat' dir='ltr'>potestatem</span> 
     </span>
     <span class='ocr_line' id='line_1_8' title="bbox 574 1157 2669 1244; baseline -0.003 -16"><span class='ocrx_word' id='word_1_52' title='bbox 574 1164 720 1228; x_wconf 87' lang='lat' dir='ltr'>fere</span> <span class='ocrx_word' id='word_1_53' title='bbox 745 1162 1196 1243; x_wconf 83' lang='lat' dir='ltr'>chimericam;</span> <span class='ocrx_word' id='word_1_54' title='bbox 1228 1159 1409 1244; x_wconf 88' lang='lat' dir='ltr'>quod</span> <span class='ocrx_word' id='word_1_55' title='bbox 1440 1174 1849 1244; x_wconf 79' lang='lat' dir='ltr'><strong>nequaquam</strong></span> <span class='ocrx_word' id='word_1_56' title='bbox 1876 1158 2136 1224; x_wconf 79' lang='lat' dir='ltr'>admitti</span> <span class='ocrx_word' id='word_1_57' title='bbox 2159 1174 2349 1243; x_wconf 80' lang='lat' dir='ltr'>posse</span> <span class='ocrx_word' id='word_1_58' title='bbox 2390 1157 2669 1224; x_wconf 69' lang='lat' dir='ltr'>vidntur.</span> 
     </span>
    </p>

    <p class='ocr_par' dir='ltr' id='par_1_3' title="bbox 578 1272 2826 2632">
     <span class='ocr_line' id='line_1_9' title="bbox 668 1272 2814 1361; baseline -0.002 -18"><span class='ocrx_word' id='word_1_59' title='bbox 668 1276 1080 1361; x_wconf 81' lang='lat' dir='ltr'>Caeteroquin</span> <span class='ocrx_word' id='word_1_60' title='bbox 1120 1284 1189 1340; x_wconf 84' lang='lat' dir='ltr'>et</span> <span class='ocrx_word' id='word_1_61' title='bbox 1228 1277 1365 1358; x_wconf 84' lang='lat' dir='ltr'>ipse</span> <span class='ocrx_word' id='word_1_62' title='bbox 1399 1276 1797 1358; x_wconf 77' lang='lat' dir='ltr'>Pignatellus</span> <span class='ocrx_word' id='word_1_63' title='bbox 1830 1275 1994 1361; x_wconf 91' lang='lat' dir='ltr'>(loco</span> <span class='ocrx_word' id='word_1_64' title='bbox 2031 1275 2254 1351; x_wconf 82' lang='lat' dir='ltr'>citato,</span> <span class='ocrx_word' id='word_1_65' title='bbox 2297 1294 2364 1341; x_wconf 90' lang='lat' dir='ltr'>n.</span> <span class='ocrx_word' id='word_1_66' title='bbox 2403 1272 2467 1358; x_wconf 81' lang='lat'>9)</span> <span class='ocrx_word' id='word_1_67' title='bbox 2505 1273 2661 1340; x_wconf 87' lang='lat' dir='ltr'>huic</span> <span class='ocrx_word' id='word_1_68' title='bbox 2693 1290 2814 1357; x_wconf 85' lang='lat' dir='ltr'>po-</span> 
     </span>
     <span class='ocr_line' id='line_1_10' title="bbox 578 1384 2814 1477; baseline -0.002 -18"><span class='ocrx_word' id='word_1_69' title='bbox 578 1392 847 1460; x_wconf 79' lang='lat' dir='ltr'>steriori</span> <span class='ocrx_word' id='word_1_70' title='bbox 885 1392 1174 1477; x_wconf 86' lang='lat' dir='ltr'>opinioni</span> <span class='ocrx_word' id='word_1_71' title='bbox 1222 1388 1558 1475; x_wconf 82' lang='lat' dir='ltr'>suffragari</span> <span class='ocrx_word' id='word_1_72' title='bbox 1575 1390 1877 1475; x_wconf 58' lang='lat' dir='ltr'>videtum</span> <span class='ocrx_word' id='word_1_73' title='bbox 1915 1392 2010 1457; x_wconf 87' lang='lat' dir='ltr'>sic</span> <span class='ocrx_word' id='word_1_74' title='bbox 2039 1392 2210 1457; x_wconf 85' lang='lat' dir='ltr'>enim</span> <span class='ocrx_word' id='word_1_75' title='bbox 2251 1390 2450 1456; x_wconf 84' lang='lat' dir='ltr'>habet</span> <span class='ocrx_word' id='word_1_76' title='bbox 2492 1412 2506 1454; x_wconf 75' lang='grc' dir='ltr'>ε</span> <span class='ocrx_word' id='word_1_77' title='bbox 2553 1402 2588 1449; x_wconf 73' lang='grc' dir='ltr'>ιι</span> <span class='ocrx_word' id='word_1_78' title='bbox 2635 1384 2814 1471; x_wconf 84' lang='lat' dir='ltr'>Quin</span> 
     </span>
     <span class='ocr_line' id='line_1_11' title="bbox 583 1506 2813 1591; baseline -0.001 -20"><span class='ocrx_word' id='word_1_79' title='bbox 583 1534 616 1571; x_wconf 70' lang='grc' dir='ltr'>α</span> <span class='ocrx_word' id='word_1_80' title='bbox 650 1511 780 1575; x_wconf 84' lang='grc' dir='ltr'>ἰιιιο</span> <span class='ocrx_word' id='word_1_81' title='bbox 811 1510 865 1575; x_wconf 90' lang='lat' dir='ltr'>si</span> <span class='ocrx_word' id='word_1_82' title='bbox 888 1508 1255 1573; x_wconf 89' lang='lat' dir='ltr'>constiterit</span> <span class='ocrx_word' id='word_1_83' title='bbox 1286 1506 1466 1590; x_wconf 88' lang='lat' dir='ltr'>quod</span> <span class='ocrx_word' id='word_1_84' title='bbox 1493 1507 1599 1571; x_wconf 79' lang='lat' dir='ltr'>via</span> <span class='ocrx_word' id='word_1_85' title='bbox 1624 1508 1708 1572; x_wconf 89' lang='lat' dir='ltr'>sit</span> <span class='ocrx_word' id='word_1_86' title='bbox 1729 1515 2093 1587; x_wconf 83' lang='lat' dir='ltr'>montuosa,</span> <span class='ocrx_word' id='word_1_87' title='bbox 2135 1522 2387 1591; x_wconf 85' lang='lat' dir='ltr'>aspera,</span> <span class='ocrx_word' id='word_1_88' title='bbox 2423 1506 2707 1583; x_wconf 63' lang='lat' dir='ltr'>lutuosas,</span> <span class='ocrx_word' id='word_1_89' title='bbox 2733 1523 2813 1569; x_wconf 86' lang='lat' dir='ltr'>ac</span> 
     </span>
     <span class='ocr_line' id='line_1_12' title="bbox 584 1622 2814 1707; baseline 0 -21"><span class='ocrx_word' id='word_1_90' title='bbox 584 1650 616 1686; x_wconf 90' lang='lat'>«</span> <span class='ocrx_word' id='word_1_91' title='bbox 650 1627 742 1692; x_wconf 87' lang='lat' dir='ltr'>ita</span> <span class='ocrx_word' id='word_1_92' title='bbox 772 1624 979 1691; x_wconf 88' lang='lat' dir='ltr'>ardua</span> <span class='ocrx_word' id='word_1_93' title='bbox 1007 1629 1082 1687; x_wconf 89' lang='lat' dir='ltr'>ut</span> <span class='ocrx_word' id='word_1_94' title='bbox 1117 1623 1491 1707; x_wconf 89' lang='lat' dir='ltr'>parochiani</span> <span class='ocrx_word' id='word_1_95' title='bbox 1518 1623 1653 1689; x_wconf 87' lang='lat' dir='ltr'>sine</span> <span class='ocrx_word' id='word_1_96' title='bbox 1694 1640 1930 1707; x_wconf 83' lang='lat' dir='ltr'>magno</span> <span class='ocrx_word' id='word_1_97' title='bbox 1963 1622 2395 1700; x_wconf 87' lang='lat' dir='ltr'>incommodo,</span> <span class='ocrx_word' id='word_1_98' title='bbox 2444 1622 2574 1687; x_wconf 87' lang='lat' dir='ltr'>imo</span> <span class='ocrx_word' id='word_1_99' title='bbox 2615 1623 2814 1687; x_wconf 83' lang='lat' dir='ltr'>etiam</span> 
     </span>
     <span class='ocr_line' id='line_1_13' title="bbox 583 1739 2820 1827; baseline 0 -23"><span class='ocrx_word' id='word_1_100' title='bbox 583 1768 617 1804; x_wconf 85' lang='lat'>«</span> <span class='ocrx_word' id='word_1_101' title='bbox 650 1742 941 1827; x_wconf 89' lang='lat' dir='ltr'>periculo</span> <span class='ocrx_word' id='word_1_102' title='bbox 977 1740 1063 1807; x_wconf 88' lang='lat' dir='ltr'>ad</span> <span class='ocrx_word' id='word_1_103' title='bbox 1099 1741 1539 1826; x_wconf 80' lang='lat' dir='ltr'>parochialem</span> <span class='ocrx_word' id='word_1_104' title='bbox 1586 1739 1901 1807; x_wconf 74' lang='lat' dir='ltr'>accedere</span> <span class='ocrx_word' id='word_1_105' title='bbox 1962 1746 2408 1826; x_wconf 84' lang='lat' dir='ltr'>nequeant...‚</span> <span class='ocrx_word' id='word_1_106' title='bbox 2451 1756 2580 1805; x_wconf 83' lang='lat' dir='ltr'>non</span> <span class='ocrx_word' id='word_1_107' title='bbox 2609 1739 2820 1805; x_wconf 78' lang='lat' dir='ltr'>solum</span> 
     </span>
     <span class='ocr_line' id='line_1_14' title="bbox 584 1854 2823 1942; baseline 0 -23"><span class='ocrx_word' id='word_1_108' title='bbox 584 1883 617 1919; x_wconf 72' lang='lat' dir='ltr'>a</span> <span class='ocrx_word' id='word_1_109' title='bbox 648 1863 996 1942; x_wconf 86' lang='lat' dir='ltr'>reputatur</span> <span class='ocrx_word' id='word_1_110' title='bbox 1051 1857 1415 1921; x_wconf 86' lang='lat' dir='ltr'>necessaria</span> <span class='ocrx_word' id='word_1_111' title='bbox 1456 1855 1802 1938; x_wconf 76' lang='lat' dir='ltr'>deputatio</span> <span class='ocrx_word' id='word_1_112' title='bbox 1857 1856 2106 1935; x_wconf 82' lang='lat' dir='ltr'>vicarii,</span> <span class='ocrx_word' id='word_1_113' title='bbox 2151 1866 2385 1922; x_wconf 80' lang='lat' dir='ltr'>verum</span> <span class='ocrx_word' id='word_1_114' title='bbox 2438 1856 2632 1920; x_wconf 85' lang='lat' dir='ltr'>etiam</span> <span class='ocrx_word' id='word_1_115' title='bbox 2685 1854 2823 1920; x_wconf 76' lang='lat' dir='ltr'>dis-</span> 
     </span>
     <span class='ocr_line' id='line_1_15' title="bbox 584 1958 2826 2056; baseline -0 -21"><span class='ocrx_word' id='word_1_116' title='bbox 584 1998 617 2035; x_wconf 81' lang='lat'>«</span> <span class='ocrx_word' id='word_1_117' title='bbox 650 1972 1035 2038; x_wconf 87' lang='lat' dir='ltr'>membratio</span> <span class='ocrx_word' id='word_1_118' title='bbox 1072 1973 1210 2036; x_wconf 88' lang='lat' dir='ltr'>sive</span> <span class='ocrx_word' id='word_1_119' title='bbox 1239 1972 1487 2036; x_wconf 86' lang='lat' dir='ltr'>erectio</span> <span class='ocrx_word' id='word_1_120' title='bbox 1510 1988 1694 2036; x_wconf 79' lang='lat' dir='ltr'>novoe</span> <span class='ocrx_word' id='word_1_121' title='bbox 1723 1958 2070 2055; x_wconf 66' lang='lat' dir='ltr'>parochiis,</span> <span class='ocrx_word' id='word_1_122' title='bbox 2105 1970 2292 2056; x_wconf 79' lang='lat' dir='ltr'>juxta</span> <span class='ocrx_word' id='word_1_123' title='bbox 2323 1988 2402 2036; x_wconf 88' lang='lat' dir='ltr'>ea</span> <span class='ocrx_word' id='word_1_124' title='bbox 2441 1980 2584 2055; x_wconf 70' lang='lat' dir='ltr'>quae</span> <span class='ocrx_word' id='word_1_125' title='bbox 2615 1969 2826 2034; x_wconf 80' lang='lat' dir='ltr'>tradit</span> 
     </span>
     <span class='ocr_line' id='line_1_16' title="bbox 586 2080 2824 2173; baseline 0.001 -24"><span class='ocrx_word' id='word_1_126' title='bbox 586 2115 617 2149; x_wconf 89' lang='lat'>«</span> <span class='ocrx_word' id='word_1_127' title='bbox 650 2091 813 2154; x_wconf 83' lang='lat' dir='ltr'>Rota</span> <span class='ocrx_word' id='word_1_128' title='bbox 846 2088 937 2173; x_wconf 88' lang='lat' dir='ltr'>(in</span> <span class='ocrx_word' id='word_1_129' title='bbox 981 2088 1242 2152; x_wconf 82' lang='lat' dir='ltr'>Lucana</span> <span class='ocrx_word' id='word_1_130' title='bbox 1261 2134 1276 2163; x_wconf 94' lang='lat'>,</span> <span class='ocrx_word' id='word_1_131' title='bbox 1324 2080 1922 2152; x_wconf 82' lang='lat' dir='ltr'>dismembrationis</span> <span class='ocrx_word' id='word_1_132' title='bbox 1978 2091 2018 2153; x_wconf 84' lang='lat'>9</span> <span class='ocrx_word' id='word_1_133' title='bbox 2056 2088 2205 2151; x_wconf 80' lang='lat' dir='ltr'>maii</span> <span class='ocrx_word' id='word_1_134' title='bbox 2249 2088 2409 2151; x_wconf 72' lang='lat'>1611</span> <span class='ocrx_word' id='word_1_135' title='bbox 2452 2096 2670 2151; x_wconf 81' lang='lat' dir='ltr'>coram</span> <span class='ocrx_word' id='word_1_136' title='bbox 2711 2085 2824 2151; x_wconf 88' lang='lat' dir='ltr'>Ot-</span> 
     </span>
     <span class='ocr_line' id='line_1_17' title="bbox 584 2199 2815 2287; baseline 0 -23"><span class='ocrx_word' id='word_1_137' title='bbox 584 2228 618 2264; x_wconf 70' lang='lat' dir='ltr'>u</span> <span class='ocrx_word' id='word_1_138' title='bbox 653 2204 1032 2287; x_wconf 82' lang='lat' dir='ltr'>tembe&#39;rg03</span> <span class='ocrx_word' id='word_1_139' title='bbox 1062 2211 1131 2268; x_wconf 86' lang='lat' dir='ltr'>et</span> <span class='ocrx_word' id='word_1_140' title='bbox 1164 2200 1491 2267; x_wconf 82' lang='lat' dir='ltr'>decisione</span> <span class='ocrx_word' id='word_1_141' title='bbox 1526 2205 1633 2280; x_wconf 82' lang='lat'>59,</span> <span class='ocrx_word' id='word_1_142' title='bbox 1678 2222 1745 2268; x_wconf 87' lang='lat' dir='ltr'>n.</span> <span class='ocrx_word' id='word_1_143' title='bbox 1782 2205 1845 2280; x_wconf 80' lang='lat'>2,</span> <span class='ocrx_word' id='word_1_144' title='bbox 1882 2210 2100 2268; x_wconf 79' lang='lat' dir='ltr'>coram</span> <span class='ocrx_word' id='word_1_145' title='bbox 2139 2203 2418 2268; x_wconf 74' lang='lat' dir='ltr'>Mai-tino</span> <span class='ocrx_word' id='word_1_146' title='bbox 2454 2199 2815 2284; x_wconf 76' lang='lat' dir='ltr'>Andrea).»</span> 
     </span>
     <span class='ocr_line' id='line_1_18' title="bbox 580 2306 2816 2401; baseline -0.001 -17"><span class='ocrx_word' id='word_1_147' title='bbox 580 2321 653 2384; x_wconf 86' lang='lat' dir='ltr'>In</span> <span class='ocrx_word' id='word_1_148' title='bbox 683 2319 806 2384; x_wconf 90' lang='lat' dir='ltr'>hoc</span> <span class='ocrx_word' id='word_1_149' title='bbox 838 2326 1019 2384; x_wconf 84' lang='lat' dir='ltr'>certe</span> <span class='ocrx_word' id='word_1_150' title='bbox 1047 2336 1199 2383; x_wconf 88' lang='lat' dir='ltr'>casu</span> <span class='ocrx_word' id='word_1_151' title='bbox 1224 2306 1365 2382; x_wconf 83' lang='lat' dir='ltr'>tolli</span> <span class='ocrx_word' id='word_1_152' title='bbox 1388 2323 1608 2399; x_wconf 87' lang='lat' dir='ltr'>posset</span> <span class='ocrx_word' id='word_1_153' title='bbox 1624 2316 2107 2383; x_wconf 85' lang='lat' dir='ltr'>incommodum</span> <span class='ocrx_word' id='word_1_154' title='bbox 2129 2328 2251 2400; x_wconf 85' lang='lat' dir='ltr'>per</span> <span class='ocrx_word' id='word_1_155' title='bbox 2274 2318 2476 2383; x_wconf 87' lang='lat' dir='ltr'>solam</span> <span class='ocrx_word' id='word_1_156' title='bbox 2499 2317 2816 2401; x_wconf 73' lang='lat' dir='ltr'>cappellae</span> 
     </span>
     <span class='ocr_line' id='line_1_19' title="bbox 582 2428 2818 2517; baseline 0.001 -19"><span class='ocrx_word' id='word_1_157' title='bbox 582 2436 1107 2501; x_wconf 82' lang='lat' dir='ltr'>constitutionem</span> <span class='ocrx_word' id='word_1_158' title='bbox 1142 2441 1212 2499; x_wconf 88' lang='lat' dir='ltr'>et</span> <span class='ocrx_word' id='word_1_159' title='bbox 1252 2433 1479 2499; x_wconf 78' lang='lat' dir='ltr'>vicarii</span> <span class='ocrx_word' id='word_1_160' title='bbox 1531 2431 2050 2517; x_wconf 84' lang='lat' dir='ltr'>deputationem.</span> <span class='ocrx_word' id='word_1_161' title='bbox 2093 2432 2176 2500; x_wconf 83' lang='lat' dir='ltr'>Et</span> <span class='ocrx_word' id='word_1_162' title='bbox 2204 2428 2636 2513; x_wconf 74' lang='lat' dir='ltr'>nihilominus,</span> <span class='ocrx_word' id='word_1_163' title='bbox 2673 2435 2818 2517; x_wconf 81' lang='lat' dir='ltr'>ipso</span> 
     </span>
     <span class='ocr_line' id='line_1_20' title="bbox 579 2547 2482 2632; baseline -0.001 -18"><span class='ocrx_word' id='word_1_164' title='bbox 579 2547 827 2616; x_wconf 83' lang='lat' dir='ltr'>fatente</span> <span class='ocrx_word' id='word_1_165' title='bbox 850 2549 1235 2632; x_wconf 85' lang='lat' dir='ltr'>Pignatello,</span> <span class='ocrx_word' id='word_1_166' title='bbox 1274 2548 1471 2615; x_wconf 85' lang='lat' dir='ltr'>datur</span> <span class='ocrx_word' id='word_1_167' title='bbox 1500 2555 1661 2614; x_wconf 82' lang='lat' dir='ltr'>tuuc</span> <span class='ocrx_word' id='word_1_168' title='bbox 1689 2550 1872 2615; x_wconf 86' lang='lat' dir='ltr'>locus</span> <span class='ocrx_word' id='word_1_169' title='bbox 1900 2548 2482 2615; x_wconf 82' lang='lat' dir='ltr'>dismembrationi.</span> 
     </span>
    </p>

    <p class='ocr_par' dir='ltr' id='par_1_4' title="bbox 579 2662 2816 3326">
     <span class='ocr_line' id='line_1_21' title="bbox 668 2662 2816 2749; baseline 0.001 -20"><span class='ocrx_word' id='word_1_170' title='bbox 668 2665 831 2729; x_wconf 84' lang='lat' dir='ltr'>Hinc</span> <span class='ocrx_word' id='word_1_171' title='bbox 867 2664 1039 2729; x_wconf 84' lang='lat' dir='ltr'>forte</span> <span class='ocrx_word' id='word_1_172' title='bbox 1077 2662 1451 2743; x_wconf 86' lang='lat' dir='ltr'>dicendum,</span> <span class='ocrx_word' id='word_1_173' title='bbox 1500 2666 1780 2730; x_wconf 81' lang='lat' dir='ltr'>voluisse</span> <span class='ocrx_word' id='word_1_174' title='bbox 1826 2664 2237 2731; x_wconf 81' lang='lat' dir='ltr'>Tridentinos</span> <span class='ocrx_word' id='word_1_175' title='bbox 2281 2673 2506 2749; x_wconf 82' lang='lat' dir='ltr'>patres</span> <span class='ocrx_word' id='word_1_176' title='bbox 2549 2671 2627 2730; x_wconf 87' lang='lat' dir='ltr'>ut</span> <span class='ocrx_word' id='word_1_177' title='bbox 2665 2667 2816 2749; x_wconf 87' lang='lat' dir='ltr'>Epi-</span> 
     </span>
     <span class='ocr_line' id='line_1_22' title="bbox 581 2778 2811 2862; baseline 0.002 -18"><span class='ocrx_word' id='word_1_178' title='bbox 581 2781 757 2862; x_wconf 87' lang='lat' dir='ltr'>scopi</span> <span class='ocrx_word' id='word_1_179' title='bbox 786 2786 1051 2862; x_wconf 77' lang='lat' dir='ltr'>possent</span> <span class='ocrx_word' id='word_1_180' title='bbox 1105 2778 1189 2844; x_wconf 84' lang='lat' dir='ltr'>ad</span> <span class='ocrx_word' id='word_1_181' title='bbox 1239 2778 1883 2845; x_wconf 80' lang='lat' dir='ltr'>dismembrationem</span> <span class='ocrx_word' id='word_1_182' title='bbox 1937 2779 2279 2859; x_wconf 79' lang='lat' dir='ltr'>devenire,</span> <span class='ocrx_word' id='word_1_183' title='bbox 2318 2782 2514 2847; x_wconf 84' lang='lat' dir='ltr'>etiam</span> <span class='ocrx_word' id='word_1_184' title='bbox 2551 2782 2616 2846; x_wconf 70' lang='lat' dir='ltr'>in</span> <span class='ocrx_word' id='word_1_185' title='bbox 2662 2791 2811 2848; x_wconf 73' lang='lat' dir='ltr'>casu</span> 
     </span>
     <span class='ocr_line' id='line_1_23' title="bbox 579 2891 2810 2981; baseline 0.001 -21"><span class='ocrx_word' id='word_1_186' title='bbox 579 2912 709 2979; x_wconf 83' lang='lat' dir='ltr'>quo</span> <span class='ocrx_word' id='word_1_187' title='bbox 739 2894 935 2960; x_wconf 80' lang='lat' dir='ltr'>aliter</span> <span class='ocrx_word' id='word_1_188' title='bbox 959 2897 1286 2960; x_wconf 57' lang='lat' dir='ltr'>removeri</span> <span class='ocrx_word' id='word_1_189' title='bbox 1321 2903 1541 2979; x_wconf 85' lang='lat' dir='ltr'>posset</span> <span class='ocrx_word' id='word_1_190' title='bbox 1570 2891 2077 2978; x_wconf 62' lang='lat' dir='ltr'>incommodum</span> <span class='ocrx_word' id='word_1_191' title='bbox 2119 2895 2381 2981; x_wconf 73' lang='lat' dir='ltr'>quando</span> <span class='ocrx_word' id='word_1_192' title='bbox 2411 2894 2497 2961; x_wconf 87' lang='lat' dir='ltr'>ad</span> <span class='ocrx_word' id='word_1_193' title='bbox 2535 2897 2810 2963; x_wconf 78' lang='lat' dir='ltr'>salutem</span> 
     </span>
     <span class='ocr_line' id='line_1_24' title="bbox 582 2999 2812 3095; baseline 0.002 -21"><span class='ocrx_word' id='word_1_194' title='bbox 582 3011 935 3074; x_wconf 80' lang='lat' dir='ltr'>animarum</span> <span class='ocrx_word' id='word_1_195' title='bbox 990 3010 1218 3076; x_wconf 82' lang='lat' dir='ltr'>utilior</span> <span class='ocrx_word' id='word_1_196' title='bbox 1258 3012 1411 3094; x_wconf 84' lang='lat' dir='ltr'>ipsis</span> <span class='ocrx_word' id='word_1_197' title='bbox 1454 3009 1720 3077; x_wconf 77' lang='lat' dir='ltr'>videtur</span> <span class='ocrx_word' id='word_1_198' title='bbox 1763 3025 1948 3075; x_wconf 75' lang='lat' dir='ltr'>novae</span> <span class='ocrx_word' id='word_1_199' title='bbox 1995 2999 2315 3095; x_wconf 75' lang='lat' dir='ltr'>pamehiae</span> <span class='ocrx_word' id='word_1_200' title='bbox 2359 3013 2653 3095; x_wconf 62' lang='lat' dir='ltr'>erectim</span> <span class='ocrx_word' id='word_1_201' title='bbox 2691 3029 2812 3079; x_wconf 82' lang='lat' dir='ltr'>nec</span> 
     </span>
     <span class='ocr_line' id='line_1_25' title="bbox 582 3125 2813 3212; baseline 0.001 -20"><span class='ocrx_word' id='word_1_202' title='bbox 582 3127 828 3211; x_wconf 83' lang='lat' dir='ltr'>requiri</span> <span class='ocrx_word' id='word_1_203' title='bbox 863 3146 901 3190; x_wconf 90' lang='lat' dir='ltr'>a</span> <span class='ocrx_word' id='word_1_204' title='bbox 930 3125 1304 3192; x_wconf 82' lang='lat' dir='ltr'>Tridentina</span> <span class='ocrx_word' id='word_1_205' title='bbox 1346 3127 1600 3211; x_wconf 81' lang='lat' dir='ltr'>synodo</span> <span class='ocrx_word' id='word_1_206' title='bbox 1648 3127 1835 3192; x_wconf 85' lang='lat' dir='ltr'>aliam</span> <span class='ocrx_word' id='word_1_207' title='bbox 1869 3126 2333 3207; x_wconf 72' lang='lat' dir='ltr'>conditionem,</span> <span class='ocrx_word' id='word_1_208' title='bbox 2369 3135 2567 3212; x_wconf 71' lang='lat' dir='ltr'>quam</span> <span class='ocrx_word' id='word_1_209' title='bbox 2596 3135 2672 3194; x_wconf 90' lang='lat' dir='ltr'>ut</span> <span class='ocrx_word' id='word_1_210' title='bbox 2702 3143 2813 3195; x_wconf 77' lang='lat' dir='ltr'>ve-</span> 
     </span>
     <span class='ocr_line' id='line_1_26' title="bbox 582 3231 2330 3326; baseline -0.001 -17"><span class='ocrx_word' id='word_1_211' title='bbox 582 3239 876 3310; x_wconf 80' lang='lat' dir='ltr'>rificetur</span> <span class='ocrx_word' id='word_1_212' title='bbox 912 3259 1214 3326; x_wconf 84' lang='lat' dir='ltr'>maguum</span> <span class='ocrx_word' id='word_1_213' title='bbox 1246 3241 1790 3325; x_wconf 80' lang='lat' dir='ltr'>parochianorum</span> <span class='ocrx_word' id='word_1_214' title='bbox 1823 3231 2330 3309; x_wconf 79' lang='lat' dir='ltr'>incommodum.</span> 
     </span>
    </p>

    <p class='ocr_par' dir='ltr' id='par_1_5' title="bbox 581 3358 2814 3793">
     <span class='ocr_line' id='line_1_27' title="bbox 669 3358 2812 3442; baseline 0 -20"><span class='ocrx_word' id='word_1_215' title='bbox 669 3359 1067 3424; x_wconf 76' lang='lat' dir='ltr'>Pnorosmo</span> <span class='ocrx_word' id='word_1_216' title='bbox 1089 3358 1255 3423; x_wconf 74' lang='grc' dir='ltr'>ΠΡ.</span> <span class='ocrx_word' id='word_1_217' title='bbox 1292 3394 1380 3405; x_wconf 91' lang='grc'><strong>-</strong></span> <span class='ocrx_word' id='word_1_218' title='bbox 1399 3361 1494 3423; x_wconf 74' lang='lat' dir='ltr'>Ad</span> <span class='ocrx_word' id='word_1_219' title='bbox 1520 3362 2044 3423; x_wconf 61' lang='lat' dir='ltr'>decer-mutandum</span> <span class='ocrx_word' id='word_1_220' title='bbox 2066 3363 2303 3441; x_wconf 65' lang='lat' dir='ltr'>quando</span> <span class='ocrx_word' id='word_1_221' title='bbox 2333 3363 2500 3423; x_wconf 73' lang='lat' dir='ltr'>adsit</span> <span class='ocrx_word' id='word_1_222' title='bbox 2527 3369 2812 3442; x_wconf 63' lang='lat' dir='ltr'>moytiam</span> 
     </span>
     <span class='ocr_line' id='line_1_28' title="bbox 581 3479 2802 3558; baseline 0.001 -20"><span class='ocrx_word' id='word_1_223' title='bbox 581 3479 1056 3554; x_wconf 79' lang='lat' dir='ltr'>incommodum,</span> <span class='ocrx_word' id='word_1_224' title='bbox 1103 3481 1230 3538; x_wconf 80' lang='lat' dir='ltr'>sive</span> <span class='ocrx_word' id='word_1_225' title='bbox 1268 3495 1348 3538; x_wconf 76' lang='lat' dir='ltr'>ex</span> <span class='ocrx_word' id='word_1_226' title='bbox 1385 3479 1720 3556; x_wconf 78' lang='lat' dir='ltr'>distantia,</span> <span class='ocrx_word' id='word_1_227' title='bbox 1760 3483 1884 3540; x_wconf 81' lang='lat' dir='ltr'>sive</span> <span class='ocrx_word' id='word_1_228' title='bbox 1924 3498 2003 3541; x_wconf 74' lang='lat' dir='ltr'>ea:</span> <span class='ocrx_word' id='word_1_229' title='bbox 2050 3479 2412 3557; x_wconf 65' lang='lat' dir='ltr'>difficaltate</span> <span class='ocrx_word' id='word_1_230' title='bbox 2452 3481 2802 3558; x_wconf 68' lang='lat' dir='ltr'>accedendi,</span> 
     </span>
     <span class='ocr_line' id='line_1_29' title="bbox 581 3593 2813 3681; baseline 0.001 -27"><span class='ocrx_word' id='word_1_231' title='bbox 581 3595 755 3654; x_wconf 69' lang='lat' dir='ltr'>nullu</span> <span class='ocrx_word' id='word_1_232' title='bbox 793 3593 978 3653; x_wconf 75' lang='lat' dir='ltr'>datur</span> <span class='ocrx_word' id='word_1_233' title='bbox 1008 3609 1047 3651; x_wconf 85' lang='lat' dir='ltr'>a</span> <span class='ocrx_word' id='word_1_234' title='bbox 1070 3595 1217 3672; x_wconf 80' lang='lat' dir='ltr'>jure</span> <span class='ocrx_word' id='word_1_235' title='bbox 1248 3594 1493 3672; x_wconf 74' lang='lat' dir='ltr'>requla,·</span> <span class='ocrx_word' id='word_1_236' title='bbox 1521 3611 1594 3654; x_wconf 83' lang='lat' dir='ltr'>ac</span> <span class='ocrx_word' id='word_1_237' title='bbox 1618 3595 1874 3672; x_wconf 74' lang='lat' dir='ltr'>proinde</span> <span class='ocrx_word' id='word_1_238' title='bbox 1901 3596 1971 3656; x_wconf 82' lang='lat' dir='ltr'>iel</span> <span class='ocrx_word' id='word_1_239' title='bbox 2000 3595 2321 3657; x_wconf 75' lang='lat' dir='ltr'>ordinarii</span> <span class='ocrx_word' id='word_1_240' title='bbox 2346 3596 2607 3681; x_wconf 37' lang='lat' dir='ltr'>jundai-io·</span> <span class='ocrx_word' id='word_1_241' title='bbox 2631 3595 2813 3657; x_wconf 76' lang='lat' dir='ltr'>retin-</span> 
     </span>
     <span class='ocr_line' id='line_1_30' title="bbox 581 3705 2814 3793; baseline 0.004 -25"><span class='ocrx_word' id='word_1_242' title='bbox 581 3712 812 3787; x_wconf 66' lang='lat' dir='ltr'>qnitur.</span> <span class='ocrx_word' id='word_1_243' title='bbox 831 3707 1171 3770; x_wconf 77' lang='lat' dir='ltr'>—Textus</span> <span class='ocrx_word' id='word_1_244' title='bbox 1191 3705 1379 3790; x_wconf 79' lang='lat' dir='ltr'>juriS‚</span> <span class='ocrx_word' id='word_1_245' title='bbox 1413 3707 1650 3792; x_wconf 77' lang='lat' dir='ltr'>quihus</span> <span class='ocrx_word' id='word_1_246' title='bbox 1669 3707 1944 3773; x_wconf 76' lang='lat' dir='ltr'>facultas</span> <span class='ocrx_word' id='word_1_247' title='bbox 1964 3708 2040 3773; x_wconf 85' lang='lat' dir='ltr'>fit</span> <span class='ocrx_word' id='word_1_248' title='bbox 2062 3705 2377 3793; x_wconf 76' lang='lat' dir='ltr'>Episcopo</span> <span class='ocrx_word' id='word_1_249' title='bbox 2403 3707 2489 3774; x_wconf 86' lang='lat' dir='ltr'>ad</span> <span class='ocrx_word' id='word_1_250' title='bbox 2518 3708 2814 3776; x_wconf 66' lang='lat' dir='ltr'>(lismen-</span> 
     </span>
    </p>
   </div>
   <div class='ocr_carea' id='block_1_3' title="bbox 581 3820 2815 4014">
    <p class='ocr_par' dir='ltr' id='par_1_6' title="bbox 581 3820 2815 4014">
     <span class='ocr_line' id='line_1_31' title="bbox 582 3820 2811 3906; baseline 0.002 -20"><span class='ocrx_word' id='word_1_251' title='bbox 582 3820 944 3888; x_wconf 83' lang='lat' dir='ltr'>brationem</span> <span class='ocrx_word' id='word_1_252' title='bbox 984 3820 1411 3905; x_wconf 78' lang='lat' dir='ltr'>procedendi,</span> <span class='ocrx_word' id='word_1_253' title='bbox 1453 3829 1605 3888; x_wconf 82' lang='lat' dir='ltr'>sunt</span> <span class='ocrx_word' id='word_1_254' title='bbox 1649 3832 1851 3906; x_wconf 85' lang='lat' dir='ltr'>caput</span> <span class='ocrx_word' id='word_1_255' title='bbox 1883 3826 1920 3888; x_wconf 75' lang='lat'><strong>4</strong></span> <span class='ocrx_word' id='word_1_256' title='bbox 1977 3824 2271 3889; x_wconf 76' lang='lat' dir='ltr'>sessionis</span> <span class='ocrx_word' id='word_1_257' title='bbox 2300 3826 2373 3888; x_wconf 77' lang='lat'>21</span> <span class='ocrx_word' id='word_1_258' title='bbox 2419 3823 2811 3891; x_wconf 66' lang='lat' dir='ltr'>‘l&#39;ridentinae</span> 
     </span>
     <span class='ocr_line' id='line_1_32' title="bbox 581 3927 2815 4014; baseline 0 -20"><span class='ocrx_word' id='word_1_259' title='bbox 581 3927 835 4014; x_wconf 77' lang='lat' dir='ltr'>synodi,</span> <span class='ocrx_word' id='word_1_260' title='bbox 869 3935 937 3993; x_wconf 84' lang='lat' dir='ltr'>et</span> <span class='ocrx_word' id='word_1_261' title='bbox 963 3945 1159 4011; x_wconf 88' lang='lat' dir='ltr'>supra</span> <span class='ocrx_word' id='word_1_262' title='bbox 1184 3928 1384 3994; x_wconf 87' lang='lat' dir='ltr'>citata</span> <span class='ocrx_word' id='word_1_263' title='bbox 1410 3929 1767 3995; x_wconf 81' lang='lat' dir='ltr'>decretalis</span> <span class='ocrx_word' id='word_1_264' title='bbox 1788 3934 1884 3993; x_wconf 82' lang='lat' dir='ltr'>Ad</span> <span class='ocrx_word' id='word_1_265' title='bbox 1909 3934 2307 3994; x_wconf 67' lang='lat' dir='ltr'>medientioem,</span> <span class='ocrx_word' id='word_1_266' title='bbox 2339 3931 2547 3996; x_wconf 85' lang='lat' dir='ltr'>Porro</span> <span class='ocrx_word' id='word_1_267' title='bbox 2573 3931 2637 3994; x_wconf 90' lang='lat' dir='ltr'>in</span> <span class='ocrx_word' id='word_1_268' title='bbox 2676 3930 2815 3995; x_wconf 79' lang='lat' dir='ltr'>istis</span> 
     </span>
    </p>
   </div>
   <div class='ocr_carea' id='block_1_4' title="bbox 573 4043 2815 4479">
    <p class='ocr_par' dir='ltr' id='par_1_7' title="bbox 573 4043 2815 4479">
     <span class='ocr_line' id='line_1_33' title="bbox 580 4043 2815 4131; baseline 0.001 -21"><span class='ocrx_word' id='word_1_269' title='bbox 580 4043 872 4110; x_wconf 83' lang='lat' dir='ltr'>textibus</span> <span class='ocrx_word' id='word_1_270' title='bbox 916 4043 1298 4110; x_wconf 82' lang='lat' dir='ltr'>nullatenus</span> <span class='ocrx_word' id='word_1_271' title='bbox 1357 4043 1732 4111; x_wconf 83' lang='lat' dir='ltr'>declaratur</span> <span class='ocrx_word' id='word_1_272' title='bbox 1783 4045 2112 4129; x_wconf 85' lang='lat' dir='ltr'>quodnam</span> <span class='ocrx_word' id='word_1_273' title='bbox 2166 4045 2646 4113; x_wconf 80' lang='lat' dir='ltr'>incommodum</span> <span class='ocrx_word' id='word_1_274' title='bbox 2691 4063 2815 4131; x_wconf 88' lang='lat' dir='ltr'>pro</span> 
     </span>
     <span class='ocr_line' id='line_1_34' title="bbox 580 4156 2815 4246; baseline 0.001 -21"><span class='ocrx_word' id='word_1_275' title='bbox 580 4178 813 4245; x_wconf 72' lang='lat' dir='ltr'>magno</span> <span class='ocrx_word' id='word_1_276' title='bbox 842 4156 1213 4225; x_wconf 84' lang='lat' dir='ltr'>habendum</span> <span class='ocrx_word' id='word_1_277' title='bbox 1256 4161 1362 4236; x_wconf 88' lang='lat' dir='ltr'>sit,</span> <span class='ocrx_word' id='word_1_278' title='bbox 1406 4177 1784 4245; x_wconf 60' lang='lat' dir='ltr'>quaenamve</span> <span class='ocrx_word' id='word_1_279' title='bbox 1825 4159 2173 4227; x_wconf 75' lang='lat' dir='ltr'>d&#39;fflcuitas</span> <span class='ocrx_word' id='word_1_280' title='bbox 2212 4164 2387 4227; x_wconf 83' lang='lat' dir='ltr'>inter</span> <span class='ocrx_word' id='word_1_281' title='bbox 2423 4163 2687 4246; x_wconf 70' lang='lat' dir='ltr'>magnas</span> <span class='ocrx_word' id='word_1_282' title='bbox 2731 4163 2815 4227; x_wconf 78' lang='lat' dir='ltr'>sit</span> 
     </span>
     <span class='ocr_line' id='line_1_35' title="bbox 578 4275 2806 4364; baseline 0 -23"><span class='ocrx_word' id='word_1_283' title='bbox 578 4275 978 4361; x_wconf 76' lang='lat' dir='ltr'>reponenda.</span> <span class='ocrx_word' id='word_1_284' title='bbox 1006 4277 1143 4342; x_wconf 81' lang='lat' dir='ltr'>Nec</span> <span class='ocrx_word' id='word_1_285' title='bbox 1174 4276 1327 4342; x_wconf 87' lang='lat' dir='ltr'>alibi</span> <span class='ocrx_word' id='word_1_286' title='bbox 1358 4279 1427 4342; x_wconf 86' lang='lat' dir='ltr'>in</span> <span class='ocrx_word' id='word_1_287' title='bbox 1453 4277 1604 4361; x_wconf 87' lang='lat' dir='ltr'>jure</span> <span class='ocrx_word' id='word_1_288' title='bbox 1642 4280 1975 4361; x_wconf 85' lang='lat' dir='ltr'>reperitur</span> <span class='ocrx_word' id='word_1_289' title='bbox 2011 4277 2382 4364; x_wconf 70' lang='lat' dir='ltr'>hujusmodi</span> <span class='ocrx_word' id='word_1_290' title='bbox 2422 4276 2806 4345; x_wconf 72' lang='lat' dir='ltr'>declaratio.</span> 
     </span>
     <span class='ocr_line' id='line_1_36' title="bbox 573 4390 2814 4479; baseline 0.001 -21"><span class='ocrx_word' id='word_1_291' title='bbox 573 4393 711 4458; x_wconf 85' lang='lat' dir='ltr'>Hoc</span> <span class='ocrx_word' id='word_1_292' title='bbox 738 4392 879 4475; x_wconf 82' lang='lat' dir='ltr'>ipso</span> <span class='ocrx_word' id='word_1_293' title='bbox 902 4400 1122 4459; x_wconf 86' lang='lat' dir='ltr'>autem</span> <span class='ocrx_word' id='word_1_294' title='bbox 1155 4391 1331 4479; x_wconf 87' lang='lat' dir='ltr'>quod</span> <span class='ocrx_word' id='word_1_295' title='bbox 1355 4390 1482 4477; x_wconf 77' lang='lat' dir='ltr'>ius,</span> <span class='ocrx_word' id='word_1_296' title='bbox 1518 4391 1760 4461; x_wconf 78' lang='lat' dir='ltr'>dictam</span> <span class='ocrx_word' id='word_1_297' title='bbox 1800 4393 2179 4461; x_wconf 69' lang='lat' dir='ltr'>facultatem</span> <span class='ocrx_word' id='word_1_298' title='bbox 2213 4392 2514 4462; x_wconf 75' lang='lat' dir='ltr'>faciendo</span> <span class='ocrx_word' id='word_1_299' title='bbox 2545 4394 2814 4479; x_wconf 80' lang='lat' dir='ltr'>Episco-</span> 
     </span>
    </p>
   </div>
  </div>
 </body>
</html>
