3146 4973
1254 359 1415 412 rsas
1457 359 1719 410 mam.
2466 348 2598 416 429

370 505 407 544 α
440 481 745 550 cedentis
788 481 1189 568 praejudicio‚
1229 504 1415 567 acque
1442 492 1628 549 etiam
1662 487 1935 567 stipa-di
1972 487 2442 569 coadjutor-iam
2471 489 2592 556 sed

369 621 404 660 α
446 599 511 662 in
540 599 675 664 vim
698 596 1058 664 Tridentini
1089 599 1268 685 (sess.
1322 602 1433 678 21,
1476 618 1535 664 c.
1568 598 1663 683 4),
1710 599 1986 684 cogendi
2019 619 2141 684 per
2177 600 2592 672 Ordinarium

368 737 402 776 ut
439 721 755 793 rectores,
791 714 900 781 vel
934 714 1045 781 alii
1065 713 1153 780 ad
1178 732 1340 800 quos
1365 723 1643 800 spectat,
1678 715 1765 782 ad
1800 714 2290 801 adjungendum
2335 717 2460 784 sibi
2495 724 2596 786 tot

366 853 401 892 α
436 829 832 907 sacerdotes,
886 837 1049 916 quot
1103 829 1418 897 sufficiant
1453 829 1541 898 ad
1575 829 2000 898 ministranda
2035 840 2442 900 sacramenta
2460 881 2479 912 ‚
2527 840 2600 899 et

370 968 405 1008 α
439 947 689 1012 cultum
707 944 1001 1012 divinum
1026 945 1471 1031 peragendum
1515 947 1864 1034 (lotterus.
1880 995 1895 1014 .
1911 995 1955 1026 .,
2006 948 2315 1014 Barbosa.
2329 997 2346 1014 .
2360 995 2408 1028 .,
2439 949 2593 1016 Cor·

374 1085 409 1124 α
444 1060 697 1128 radus..
714 1110 756 1139 .‚
794 1063 1069 1128 citantes
1121 1061 1411 1147 desuper
1435 1062 1940 1131 declarationem
1987 1063 2197 1130 Sacroe
2231 1064 2593 1149 congrega-

369 1200 403 1239 α
438 1175 682 1262 tionis).
705 1199 741 1239 n
1368 1185 1373 1190 '

448 1295 846 1361 Pnorosmo
874 1294 981 1359 11·.
1016 1330 1108 1342 —
1129 1297 1384 1375 Quando
1409 1296 1727 1377 parochus,
1761 1315 1842 1360 em
1868 1299 2076 1378 ciiqm
2091 1302 2349 1379 perennia·
2387 1317 2595 1380 corpo-

354 1416 443 1472 ris
471 1417 581 1473 aut
607 1414 803 1474 animi
817 1409 1200 1489 infirmitate,
1218 1415 1356 1493 jam
1378 1417 1588 1492 nequit
1610 1412 1964 1492 parochiam
1988 1431 2162 1476 suam
2187 1420 2343 1494 recte
2361 1433 2587 1495 repere,

351 1527 497 1588 dari
537 1530 596 1587 ei
628 1532 829 1607 potest
866 1533 924 1589 et
967 1527 1135 1589 debet
1180 1529 1514 1608 coadjutor.
1544 1561 1635 1574 —-
1659 1528 1734 1591 In
1773 1524 2182 1596 admittenda
2212 1526 2335 1594 hac
2367 1535 2589 1595 nostra

353 1641 771 1708 conclusione
810 1642 1149 1707 unanimes
1185 1648 1339 1705 sunt
1379 1639 1709 1707 doctores.
1744 1642 1927 1707 Inter
1962 1659 2127 1725 quos
2170 1643 2262 1707 sic
2302 1642 2588 1710 Barbosa

358 1757 457 1844 (de
478 1760 770 1836 parocho,
802 1776 950 1822 cum
980 1755 1191 1823 addit.
1228 1754 1500 1835 Giraldi,
1525 1776 1669 1840 cap.
1708 1760 1818 1835 23,
1855 1778 1922 1824 n.
1947 1755 2022 1842 1.)
2069 1781 2085 1824 ε
2128 1782 2162 1821 α
2189 1760 2589 1844 Temporalis

358 1896 393 1934 α
433 1873 773 1960 coadjutor
808 1881 879 1939 et
906 1872 1293 1940 revocabilis
1327 1872 1472 1940 dari
1496 1874 1662 1940 solet
1683 1874 1973 1940 ecclesioe
1999 1875 2265 1954 rectori,
2293 1876 2377 1941 ab
2411 1877 2590 1959 aegri·

352 2011 386 2051 a
418 1988 738 2066 tudinem,
773 1988 883 2056 vel
914 1988 1360 2055 infirmitatem
1403 1991 1598 2055 animi
1630 2008 1750 2056 seu
1784 1991 2096 2074 corporis,
2137 1989 2316 2057 facto
2344 1990 2579 2068 inutili,

349 2127 383 2166 α
424 2111 495 2170 et
551 2104 918 2170 ministrare
946 2104 1331 2188 impotenti;
1383 2110 1459 2169 ut
1514 2123 1636 2187 pro
1671 2123 1754 2170 eo
1807 2105 2136 2171 ministret
2183 2112 2253 2171 et
2307 2104 2586 2171 officium

351 2241 385 2279 α
422 2227 753 2297 exerceat,
789 2238 938 2285 cum
974 2237 1264 2304 congrua
1302 2220 1603 2303 portione
1651 2238 1736 2287 ex
1774 2218 2142 2288 redditibus
2181 2220 2482 2292 beneficii
2523 2222 2586 2286 ei

351 2357 385 2396 a
415 2333 815 2419 assignanda.
853 2359 889 2397 υ

434 2451 599 2517 Item
626 2452 917 2518 Ferraris
947 2449 1179 2537 (verbo
1210 2453 1564 2535 coadjutor,
1619 2470 1689 2519 n.
1740 2449 1843 2537 11)
1889 2469 2114 2520 causas
2139 2450 2584 2521 enumerando

340 2565 429 2632 ob
457 2584 618 2652 quas
652 2567 791 2633 sive
817 2566 1141 2650 parochis,
1176 2567 1314 2633 sive
1342 2567 1483 2632 aliis
1506 2568 1867 2650 generatim
1889 2567 2146 2634 clericis
2171 2548 2586 2653 coadjutores

338 2680 483 2748 dari
513 2688 805 2766 possunt,
839 2684 930 2748 sic
958 2682 1160 2749 habet
1191 2704 1206 2748 ε
1244 2705 1279 2744 α
1310 2681 1670 2768 coadjutor
1692 2682 1777 2747 ob
1808 2683 2016 2749 varias
2048 2701 2273 2748 causas
2307 2681 2452 2749 dari
2473 2702 2582 2767 po-

343 2817 379 2857 a
413 2800 546 2860 test
567 2800 639 2860 et
665 2795 853 2861 solet.
883 2799 1117 2874 Primo,
1156 2792 1352 2861 datur
1382 2793 1723 2879 coadjutor
1765 2794 2151 2879 simpliciter
2194 2799 2265 2859 et
2309 2795 2450 2861 sine
2479 2796 2584 2861 fn-

341 2933 377 2973 «
410 2919 562 2977 tura
590 2911 995 2978 successione
1019 2910 1275 2977 clericis
1318 2910 1404 2976 ob
1442 2909 1747 2977 morbum
1783 2910 2203 2977 incurabilem
2246 2919 2318 2977 et
2352 2930 2584 2996 perpe·

338 3050 375 3090 a
416 3035 603 3092 tuum
636 3028 801 3113 (cap.
822 3032 925 3092 Ex·
950 3036 1133 3110 parte
1164 3031 1228 3108 5,
1254 3031 1330 3092 de
1358 3031 1591 3092 clerico
1630 3035 1991 3108 oeyrotantc‚·
2032 3046 2175 3112 cap.
2204 3031 2570 3105 Pastoralis,

337 3164 373 3205 a
407 3146 483 3207 de
520 3145 752 3208 clerico
785 3151 1131 3225 oeqrotoente,
1174 3144 1241 3208 in
1286 3140 1378 3226 6).
1421 3143 1621 3208 Secus
1665 3140 2039 3220 dicendum,
2084 3143 2143 3207 si
2179 3141 2448 3208 morbus
2489 3143 2574 3209 sit

340 3281 375 3320 «
409 3257 717 3323 curabilis
751 3264 824 3323 et
850 3257 1264 3342 temporalis3
1293 3263 1452 3322 tunc
1475 3258 1647 3323 enim
1690 3257 1968 3340 ipsemet
1993 3255 2270 3323 clericus
2295 3265 2580 3340 aegrotus

337 3396 373 3435 «ι
411 3375 657 3458 poterit
701 3371 824 3438 sibi
870 3373 1182 3439 vicarium
1211 3372 1649 3456 temporalem
1698 3371 2098 3438 constituere
2124 3390 2246 3455 pro
2272 3380 2576 3458 tempore

339 3512 375 3552 α
417 3489 629 3556 morbi
669 3487 969 3555 durantis
1019 3489 1341 3576 (arguitur
1390 3490 1606 3573 capite
1643 3491 1979 3570 Adjicimus
2032 3490 2136 3566 19,
2194 3505 2404 3554 causoe
2464 3491 2568 3567 16,

340 3630 369 3665 a
412 3624 478 3689 q.
532 3607 597 3687 ¹3
636 3604 865 3689 juncto
892 3604 1163 3672 concilio
1196 3603 1603 3683 Tridentino,
1642 3622 1800 3670 sess.
1858 3605 1968 3682 21,
2006 3621 2068 3668 c.
2105 3606 2163 3682 1,
2205 3606 2280 3668 de
2309 3600 2562 3688 Rem...

338 3743 375 3780 a
405 3723 675 3784 Secundo
721 3726 997 3804 propter
1060 3719 1395 3802 lepram...
1436 3723 1638 3783 Tertio
1682 3716 1883 3783 datur
1929 3715 2277 3802 coadjutor
2319 3717 2574 3785 benefi-

337 3858 374 3898 α
409 3837 580 3902 ciato
622 3844 898 3921 propter
932 3837 1235 3902 amissum
1283 3835 1520 3918 linguae
1563 3852 1756 3900 usum
1802 3834 2038 3920 (capite
2091 3836 2573 3898 consultatione·-

337 3975 372 4015 ιι
407 3955 514 4016 bus
539 3954 606 4032 6,
630 3956 706 4016 dc
732 3955 963 4017 Clerico
989 3948 1368 4035 oeqrotame).
1393 3955 1627 4032 Qimrto
1652 3947 1909 4016 dandus
1938 3956 2041 4015 est
2070 3946 2415 4032 coadjutor
2442 3950 2572 4016 cle-

337 4090 371 4129 «
409 4068 544 4134 rico
572 4066 959 4135 beneficiato
987 4076 1263 4153 propter
1304 4064 1446 4150 ejus
1479 4063 1830 4131 amentiam
1864 4063 2101 4149 (capite
2137 4067 2429 4144 manicis
2460 4065 2565 4139 14,

334 4207 369 4247 α
411 4202 618 4250 causoe
653 4192 716 4263 7,
746 4202 811 4268 q.
858 4188 917 4267 13
957 4184 1496 4268 cap.Pa³toralis,
1518 4185 1595 4246 dc
1630 4183 1860 4246 clerico
1890 4198 2069 4260 (εφη,
2107 4179 2175 4242 in
2211 4176 2304 4263 6).
2337 4183 2564 4261 Quinto

332 4322 368 4362 a
399 4298 598 4367 datur
625 4298 968 4385 coadjutor
996 4306 1274 4384 propter
1299 4304 1731 4375 senectutem,
1761 4313 1889 4380 qua
1910 4296 2049 4378 ipse
2073 4292 2395 4361 reddatur
2421 4313 2566 4379 per·

334 4439 370 4480 a
410 4423 613 4504 petuo
647 4414 895 4483 inutilis
929 4412 1018 4481 ad
1040 4415 1496 4482 executionem
1528 4411 1883 4479 officiorum
1908 4428 2174 4476 suorum
2198 4409 2434 4497 (capite
2457 4414 2568 4474 Pe-
