3146 4973
572 340 693 407 554
1250 351 1625 401 ‘rmcnrus
1672 351 1760 401 nr.
1804 350 2132 400 amoeno.

568 476 892 545 habenda.
946 477 1196 559 Quibus
1246 475 1570 545 stantibus
1614 475 1954 545 momentis
1975 523 1992 553 ,
2054 476 2192 547 haec
2240 495 2362 561 ego
2420 478 2783 547 adnotabo:

656 597 890 670 Primo,
909 610 1208 677 suppono
1230 592 1653 675 quaestionem
1685 610 1724 656 a
1750 587 1965 657 Sacris
1995 590 2615 675 congregationibus
2642 614 2791 661 non·

568 707 728 777 dum
759 707 949 773 fuisse
976 706 1260 773 decisam
1314 729 1328 770 ε
1375 706 1681 790 alioquin,
1718 706 1776 769 si
1804 724 1947 790 quae
1970 705 2478 774 intervenissent
2506 706 2791 775 declara-

569 824 777 888 tiones
810 821 992 907 (quas
1028 840 1294 906 prorsus
1333 822 1587 905 ignoro)
1622 820 1974 906 essent-hae
2011 838 2132 903 pro
2170 840 2398 886 norma
2433 822 2788 889 sumendae.

655 940 946 1015 Secundo,
972 937 1086 1003 ubi
1117 937 1276 1002 nihil
1306 935 1390 1002 de
1415 936 1533 1002 hac
1562 956 1637 1002 re
1662 934 1810 1020 jure
1848 937 2225 1019 particulari
2263 935 2562 1004 dioecesis
2591 946 2795 1005 statu·

568 1060 706 1117 tum
745 1060 866 1129 est,
914 1060 983 1117 et
1016 1053 1191 1135 viget
1228 1049 1637 1119 consuetudo
1666 1050 1990 1117 licentiam
2022 1051 2089 1115 in
2119 1050 2301 1117 dicto
2328 1071 2484 1119 casu
2515 1072 2641 1118 non
2681 1072 2795 1137 pe-

565 1163 774 1241 tendi,
809 1184 938 1229 non
977 1164 1289 1232 videntur
1320 1164 1725 1251 inquietandi
1753 1164 2016 1249 parochi
2046 1165 2211 1230 hane
2247 1173 2598 1251 sequentes
2649 1186 2793 1232 eon·

564 1279 981 1345 suetudinem
1043 1302 1058 1345 ε
1127 1280 1321 1347 modo
1375 1287 1598 1347 tamen
1650 1280 1939 1364 aliquem
2002 1279 2124 1345 sibi
2177 1280 2577 1347 substituant
2626 1284 2741 1366 qui
2772 1330 2788 1358 ,

566 1402 954 1461 occurrente
980 1397 1389 1474 necessitate,
1426 1402 1829 1460 sacramenta
1852 1394 2258 1477 parochianis
2287 1393 2743 1461 administrent
2774 1418 2791 1479 3

566 1518 635 1574 et
671 1507 1024 1575 dummodo
1049 1511 1245 1575 etiam
1273 1508 1470 1574 dietae
1510 1508 1823 1574 absentiae
1843 1508 2230 1593 frequenter
2258 1527 2387 1573 nen
2418 1518 2790 1593 recurrant3

565 1625 716 1707 quia
737 1624 1021 1709 alioquin
1057 1625 1445 1708 parvitatem
1472 1623 1759 1689 materiae
1790 1630 1971 1688 certe
2005 1622 2432 1693 excederent.

659 1743 881 1820 Tertio,
927 1739 1041 1805 ubi
1080 1757 1239 1805 vero
1278 1759 1408 1804 non
1442 1745 1700 1805 constat
1738 1737 1822 1803 de
1855 1735 2330 1803 consuetudine
2359 1737 2686 1804 licentiam
2733 1742 2796 1804 in

572 1851 749 1918 dicto
791 1871 943 1919 casu
978 1851 1347 1932 omittendi,
1385 1872 1504 1921 nec
1549 1851 1735 1919 adest
1775 1851 2077 1934 Episcopi
2108 1858 2426 1916 statutum
2462 1853 2639 1917 illam
2694 1873 2798 1937 pe·

564 1966 831 2033 tendam
874 1966 1271 2046 decernenS,
1305 1967 1601 2053 parochis
1641 1967 2067 2031 vehementer
2099 1964 2480 2045 suaderem,
2509 1977 2585 2034 ut
2622 1968 2795 2034 illam

564 2090 794 2165 petere
824 2103 952 2149 non
982 2084 1284 2150 omittant
1315 2105 1329 2167 ;
1391 2085 1684 2168 quamvis
1730 2101 1860 2147 non
1889 2080 2229 2158 auderem,
2272 2084 2322 2147 si
2356 2102 2544 2148 secus
2570 2091 2791 2168 agant,

566 2196 652 2267 de
693 2198 911 2282 aliquo
950 2218 1062 2263 eos
1101 2205 1373 2281 peceato
1410 2215 1711 2282 arguere.
1763 2199 2061 2263 Diximus
2104 2205 2321 2264 autem
2368 2200 2435 2263 in
2472 2200 2671 2277 thesi,
2724 2206 2797 2266 de

549 2318 694 2394 J'ure
748 2320 1074 2394 commwni,·
1113 2316 1262 2399 quia
1311 2312 1424 2378 ubi
1462 2312 1832 2379 dioecesano
1889 2319 2139 2380 statuto
2193 2313 2479 2396 petenda
2508 2317 2574 2380 in
2613 2314 2796 2382 dieto

564 2447 717 2496 casu
747 2430 1122 2513 praecipitur
1168 2430 1468 2514 Episcopi
1509 2430 1791 2507 lieentia,
1828 2428 2099 2496 dubium
2142 2448 2271 2495 non
2299 2435 2420 2509 est,
2464 2430 2622 2516 quin
2652 2433 2796 2516 peti

563 2551 630 2610 et
661 2544 946 2610 obtineri
974 2543 1241 2622 debeat,
1286 2553 1361 2610 ut
1391 2545 1741 2628 probamus
1766 2545 1959 2609 infra.

650 2661 1048 2728 Pnoposmo
1082 2662 1186 2725 Ψ.
1236 2697 1320 2708 -—-
1357 2664 1570 2742 Quoad
1602 2663 2165 2754 absentiaqubidui,
2191 2664 2286 2724 vel
2322 2664 2503 2725 biduo
2550 2664 2783 2726 brevio·

562 2795 706 2852 rem,
743 2795 862 2837 non
899 2779 1138 2839 videtur
1173 2779 1248 2840 de
1267 2783 1414 2859 jure
1457 2781 1753 2842 commum·
1801 2782 2135 2839 necessaria
2180 2779 2424 2840 lieentia
2472 2779 2781 2859 Episcopi.

559 2889 745 2954 -Id
780 2898 1086 2975 tanquam
1116 2895 1548 2959 communiter
1585 2900 1927 2976 receptum
1954 2890 2154 2957 tradit
2181 2892 2518 2957 Ferrarius
2554 2891 2789 2977 (verbo

558 3007 883 3084 Parochus,
918 3015 1044 3073 art.
1083 3011 1144 3086 2,
1194 3028 1255 3072 n.
1302 3006 1411 3093 33)
1443 3009 1510 3073 in
1541 3009 1717 3073 hune
1749 3006 2015 3074 modum
2063 3031 2077 3073 :
2136 3032 2166 3068 «
2218 3008 2340 3073 Ubi
2390 3015 2613 3073 autem
2660 3029 2786 3073 uon

565 3144 597 3190 (ι
629 3119 800 3188 adsit
840 3123 989 3190 talis
1046 3124 1422 3190 constitutio
1475 3124 1777 3207 Episcopi
1813 3119 1936 3208 (1),
2000 3128 2216 3206 potest
2271 3122 2634 3206 paroehuS,
2705 3143 2787 3188 ex

564 3259 595 3295 «
631 3255 824 3304 causa
876 3255 1020 3323 quae
1071 3238 1192 3305 sibi
1236 3239 1523 3321 legitima
1571 3236 1891 3314 videatur,
1932 3257 2051 3320 per
2101 3257 2299 3302 unum
2349 3244 2464 3303 aut
2504 3239 2787 3303 alterum

564 3375 596 3413 «
626 3351 800 3418 diem
829 3353 1055 3420 abesse
1082 3354 1220 3419 sine
1258 3354 1523 3418 lieentia
1571 3352 1932 3437 Ordinarii3
1966 3352 2322 3422 dummodo
2348 3355 2609 3419 interim
2636 3352 2783 3420 ido-

561 3488 595 3530 «
627 3487 826 3534 neum
853 3469 1162 3534 vicarium
1207 3469 1291 3534 ab
1330 3466 1678 3534 Ordinatio
1727 3468 2161 3552 approbatum
2202 3467 2528 3553 relinquat
2564 3492 2577 3533 ε
2629 3491 2787 3533 com-

561 3604 594 3646 «
631 3589 851 3646 munis.
886 3583 988 3647 Sic
1018 3584 1191 3648 enim
1220 3581 1422 3649 docet
1447 3582 1827 3649 universalis
1871 3591 2136 3667 recepta
2172 3583 2601 3659 consuetudo,
2639 3603 2783 3669 quae

561 3719 592 3757 «
628 3705 728 3761 est
761 3697 1003 3779 optima
1032 3697 1249 3778 legum
1283 3698 1630 3781 interpres.
1666 3700 1798 3764 Neo
1829 3700 2185 3782 immerit03
2222 3704 2505 3780 quoniam
2530 3705 2635 3781 qui
2670 3701 2785 3763 ali·

559 3833 595 3878 ε(
623 3817 975 3892 quantisper
1014 3820 1250 3878 cantum
1293 3818 1532 3892 absunt,
1564 3835 1644 3878 ex
1682 3823 1944 3879 veterum
1988 3835 2279 3878 canonum
2321 3821 2618 3879 sententia
2664 3835 2785 3879 non

560 3948 594 3985 «
629 3931 912 3994 videntur
938 3931 1158 4006 abesse,
1186 3935 1330 4010 quia
1360 3937 1570 3996 statim
1603 3937 1903 3995 reversuri
1927 3938 2102 4009 suu&
2133 3930 2230 3996 uti
2258 3930 2550 4014 loquitur
2579 3928 2787 3995 idem-

561 4065 596 4105 «
628 4051 764 4109 met
809 4044 1025 4126 ipsum
1076 4045 1421 4111 concilium
1461 4045 1933 4125 Tridentium,
1971 4049 2170 4114 citato
2214 4045 2512 4113 sessionis
2544 4048 2623 4112 23
2687 4063 2787 4109 ca·

561 4178 594 4218 ((
630 4159 765 4241 pite
811 4163 868 4223 l.
901 4182 934 4217 n

621 4417 696 4480 (1)
729 4418 903 4481 Nempe
928 4417 1221 4482 praeeipiens,
1248 4427 1300 4467 ut
1324 4419 1372 4466 in
1400 4421 1488 4469 hoc
1516 4419 1653 4470 etiam
1681 4432 1792 4469 casu
1818 4427 2002 4482 petatur
2026 4419 2229 4468 lieentia.
