3146 4973
1238 359 1396 406 rans
1438 360 1698 405 'runa-ts.
2465 347 2589 408 353
2651 402 2658 408 .

366 499 589 557 omum
608 480 692 546 ab
711 481 939 547 ultima·
952 481 1282 548 celebrata
1299 484 1575 567 synodo.
1607 487 1677 550 3⁰
1698 485 1761 550 si
1785 502 1990 548 annus
2013 485 2314 551 elabatur
2331 493 2401 550 et
2420 504 2594 550 nova

366 595 656 680 synodus
684 614 814 662 non
842 597 1236 678 celebretur,
1281 620 1313 660 α
1339 607 1598 665 certum
1630 608 1733 666 est
1758 602 1974 666 statim
2005 619 2084 666 ac
2116 600 2366 667 effluxit
2389 620 2595 667 annus

391 735 407 769 ι
444 709 528 776 ab
553 711 781 776 ultima
810 712 1084 796 synodo,
1110 732 1362 780 cessare
1395 712 1675 779 officium
1709 714 2246 792 examinatorum,
2277 715 2392 799 qui
2426 717 2595 780 intra

375 852 406 888 κ
445 825 739 910 ejusdem
786 829 939 893 anni
985 830 1403 896 intervallum
1437 831 1505 895 in
1536 830 2031 897 demortuorum
2075 849 2197 896 seu
2234 830 2598 896 absentium

373 967 403 1002 c«
442 943 657 1010 locum
688 944 860 1010 forte
889 944 1136 1010 suerint
1168 946 1250 1011 ab
1297 947 1616 1030 Episcopo
1653 946 1910 1012 suffecti
1945 969 1980 1014 z.
2005 947 2096 1012 ita
2138 946 2310 1012 enim
2352 944 2597 1012 diserte

377 1081 409 1118 α
444 1060 672 1125 statuit
701 1059 1002 1126 Clemens
1036 1061 1191 1125 VIII
1232 1063 1297 1125 in
1332 1062 1531 1146 citato
1579 1060 1874 1128 decreto.
1921 1061 2154 1142 Quoad
2194 1062 2350 1130 alios
2401 1077 2602 1145 porro

380 1195 411 1234 α
448 1192 578 1238 non
616 1174 1019 1258 subrogatos,
1060 1175 1184 1242 sed
1228 1178 1294 1240 iu
1330 1176 1555 1241 ultima
1586 1175 1838 1261 synodo
1876 1177 2141 1254 electos„
2187 1176 2310 1241 hoc
2353 1177 2607 1242 censuit

380 1313 411 1350 a
448 1289 641 1355 Sacra
673 1292 1098 1375 congregatio
1129 1292 1393 1362 Concilii
1425 1315 1439 1358 :
1471 1290 1760 1378 quandiu
1789 1310 1904 1358 sex
1931 1292 2193 1357 illorum
2221 1294 2608 1375 superstites

379 1429 412 1466 «
446 1415 619 1485 sunt,
645 1426 868 1475 omnes
903 1417 1328 1493 perseverant
1357 1410 1427 1473 in
1449 1428 1720 1475 munere
1756 1431 1770 1473 :
1804 1406 1925 1474 sed
1956 1409 2011 1473 si
2046 1408 2148 1473 vel
2181 1425 2350 1474 unus
2371 1428 2454 1474 ex
2479 1408 2606 1474 iliis

383 1547 415 1583 a
452 1521 829 1601 decesserit,
867 1525 957 1589 ita
983 1530 1058 1589 ut
1092 1544 1207 1590 sex
1238 1540 1368 1590 non
1403 1530 1806 1603 remaneant,
1844 1525 2132 1590 omnium
2169 1524 2447 1590 officium
2493 1542 2607 1590 ex-

385 1659 418 1698 «
451 1638 645 1722 pirat,
682 1646 753 1703 et
779 1639 994 1704 nullus
1025 1638 1318 1705 adhiberi
1354 1646 1570 1723 potest
1602 1640 1673 1704 iu
1710 1638 2153 1706 concursibus.
2201 1642 2425 1725 Neque
2463 1647 2610 1724 post

385 1776 418 1816 α
451 1771 691 1819 annum
729 1751 957 1820 datum
995 1763 1096 1820 est
1131 1756 1447 1838 Episcopo
1484 1754 1550 1818 in
1592 1752 1920 1819 demortui
1968 1753 2186 1820 locum
2218 1772 2610 1839 quemquam

386 1891 419 1928 a
456 1867 773 1935 sufficere.
809 1893 843 1931 υ
883 1868 1298 1956 (Benedictus
1321 1871 1488 1948 xlv,
1524 1870 1671 1935 loco
1694 1870 1916 1947 citato,
1955 1890 2024 1934 n.
2049 1868 2160 1954 8.)
2188 1871 2258 1932 4⁰
2294 1866 2468 1951 Quid
2498 1888 2612 1932 au-

382 1993 518 2049 tem
543 1985 610 2049 iu
640 1984 761 2050 hoc
795 2004 947 2050 casu
978 1984 1348 2051 faciendum
1384 1986 1491 2062 sit,
1530 1986 1798 2069 exponit
1829 1982 2005 2050 idem
2042 1983 2437 2048 Benedictus
2465 1983 2606 2048 xiv

382 2098 480 2164 his
511 2099 727 2165 verbis
755 2121 769 2164 ε
814 2123 844 2160 α
873 2101 1290 2184 Quapropter
1319 2108 1415 2178 ut,
1453 2101 1675 2183 elapso
1706 2117 1896 2177 annu,
1936 2107 2005 2164 et
2028 2118 2159 2164 non
2181 2098 2613 2164 existentibus

388 2238 429 2292 α,
456 2234 577 2281 sex.
600 2215 1145 2281 examinatoribus
1183 2216 1248 2278 in
1285 2214 1538 2299 synodo
1588 2215 1835 2292 electis,
1893 2215 2140 2279 institui
2197 2214 2409 2279 valeat
2458 2213 2612 2278 vali·-

388 2353 422 2392 α
460 2329 617 2396 dum
668 2330 1190 2413 experimentum
1250 2330 1779 2396 concurrentium
1826 2327 1911 2394 ad
1953 2337 2258 2395 vacantes
2309 2328 2614 2408 ecclesias

391 2469 422 2505 α
457 2444 871 2530 parochiales,
906 2463 1170 2512 necesse
1204 2450 1304 2510 est
1343 2451 1415 2509 ut
1462 2445 1836 2528 EpiscopuS,
1872 2443 1980 2510 vel
2015 2461 2248 2509 novam
2288 2442 2611 2536 synodum

391 2590 421 2620 ιι
456 2570 663 2647 cogat,
704 2564 808 2628 vel
838 2561 1214 2628 facultatem
1263 2570 1448 2646 petat
1484 2581 1521 2626 a
1569 2562 1763 2626 Sacra
1803 2561 2314 2644 congregatione
2354 2560 2616 2626 Concilii

391 2702 425 2740 «
454 2697 656 2745 novos
696 2680 1164 2745 examinatores
1211 2687 1396 2744 extra
1457 2677 1782 2763 synodum
1828 2675 2207 2760 deputandi.
2262 2678 2516 2742 Etenim
2559 2680 2615 2742 si

392 2820 425 2855 a
459 2814 807 2861 concursus
844 2794 957 2860 fiat
1000 2812 1218 2860 coram
1261 2793 1813 2860 examinatoribus
1849 2798 2036 2858 extra
2081 2792 2406 2877 synodum
2435 2791 2613 2858 desi-

393 2934 425 2970 «
458 2913 667 2994 gnatis
692 2910 775 2975 ab
806 2911 1145 2994 Episcop0,
1178 2910 1356 2975 nulla
1386 2910 1470 2976 ad
1494 2909 1619 2975 hoc
1640 2910 1962 2974 instructo
1982 2909 2247 2991 speciali
2269 2907 2606 2985 facultate,

391 3051 423 3086 α
456 3027 911 3111 parochialium
943 3026 1341 3102 collationes,
1376 3024 1813 3090 institutiones
1845 3043 1959 3088 seu
1991 3024 2388 3107 provisiones
2417 3034 2611 3089 erunt

392 3166 423 3201 «
459 3143 741 3208 irritae...
784 3143 918 3207 Nec
962 3142 1155 3206 Sacra
1191 3139 1619 3222 congregatio
1654 3138 2058 3215 facultatem,
2099 3138 2182 3203 de
2229 3157 2355 3223 qua
2400 3140 2607 3226 loqui-

393 3281 421 3317 α
458 3278 628 3336 mur,
657 3259 876 3322 renuit
907 3274 1189 3341 unquam
1222 3253 1596 3340 petentibus
1635 3252 1997 3318 concedere
2042 3274 2056 3318 τ
2093 3254 2416 3337 quoniam,
2461 3275 2608 3320 cum

390 3396 424 3433 α
458 3372 664 3456 probe
715 3372 972 3438 noverit
1024 3389 1154 3434 non
1206 3369 1398 3434 facile
1444 3388 1585 3434 esse
1635 3367 1982 3452 EpiscopiS,
2025 3368 2290 3451 singulis
2345 3388 2609 3452 prorsus

392 3514 422 3547 a
459 3489 639 3554 annis
677 3507 826 3553 suas
855 3486 1138 3572 synodos
1159 3505 1418 3570 cogere,
1451 3505 1534 3551 ne
1559 3483 1804 3550 idcirco
1831 3484 2138 3567 legitimis
2164 3493 2430 3550 careant
2453 3505 2605 3553 exa·

393 3628 423 3666 c<
458 3602 902 3680 minatoribus,
962 3603 1179 3667 statim
1227 3621 1303 3665 ac
1351 3601 1710 3684 Episcopus
1755 3598 1970 3665 eidem
2019 3601 2306 3683 exponit,
2359 3619 2472 3668 sex
2521 3623 2606 3668 ex
2708 3663 2717 3672 .

392 3744 425 3781 ι(
459 3720 683 3785 electis
708 3720 773 3782 in
809 3725 1134 3802 postrema
1160 3714 1412 3800 synodo
1443 3716 1719 3798 amplius
1741 3733 1874 3780 non
1904 3722 2183 3792 exstare,
2213 3723 2608 3798 potestatem

392 3860 424 3897 «
459 3834 523 3900 ei
546 3834 703 3899 facit
723 3851 925 3899 novos
956 3829 1262 3915 eligendi,
1294 3849 1331 3894 a
1360 3829 1589 3914 majori
1611 3838 1798 3913 parte
1829 3830 2094 3913 capituli
2116 3832 2601 3917 approbandos3

392 3977 423 4011 α
461 3969 740 4035 quorum
769 3955 985 4014 tamen
1019 3946 1299 4013 officium
1327 3944 1717 4011 duraturum
1761 3943 2056 4010 decernit
2089 3952 2344 4011 tantum
2376 3947 2460 4014 ad
2497 3968 2620 4032 an<
2694 3992 2703 4001 ·

389 4090 427 4137 a
457 4084 647 4149 num3
690 4084 818 4150 quo
850 4063 1088 4148 elapso,
1115 4063 1354 4128 iterum
1373 4061 1459 4125 ad
1484 4079 1717 4145 preces
1744 4060 2039 4143 Episcopi
2063 4061 2210 4126 illos
2237 4063 2300 4127 in
2332 4083 2614 4149 munere·

395 4214 422 4242 «ι
461 4183 825 4259 confirmat,
867 4178 1042 4265 quod
1079 4187 1149 4244 et
1184 4179 1493 4261 deinceps
1529 4194 1787 4261 semper
1823 4176 1890 4240 in
1926 4196 2167 4241 annum
2194 4177 2427 4245 iisdem
2459 4199 2611 4264 pro-

396 4324 428 4361 «
470 4307 679 4385 rogat.
709 4324 735 4356 ι»
776 4297 885 4383 (De
915 4298 1154 4378 Synodo
1174 4298 1438 4373 dioeceS„
1483 4294 1528 4358 l.
1562 4295 1629 4374 4,
1667 4313 1725 4359 c.
1764 4301 1825 4371 7,
1865 4291 2012 4380 ιι.ξ9
2044 4300 2113 4358 et
2154 4294 2285 4380 10.)

477 4414 779 4495 QUAESTto
814 4413 902 4476 3⁸.
929 4447 1021 4461 --
1061 4413 1361 4491 Quomodo
1412 4418 1469 4474 et
1519 4410 1756 4493 quando
1814 4412 2257 4473 examinatores
2316 4414 2613 4492 suffraqae'a

2315 4520 2385 4579 2³
