3146 4973
550 347 673 409 354
1230 362 1605 409 mammos
1655 359 1739 408 nt:
1785 362 2115 408 mnocuo.

550 505 659 548 suu
686 489 847 567 ferre
866 488 1139 548 demant.
1183 519 1269 532 -—-
1296 506 1330 545 a
1366 484 1491 549 Sua
1541 480 1843 568 suffragia
1881 484 2062 549 ferro
2113 482 2365 550 debent
2411 484 2789 569 priusquam

554 624 587 661 α
622 620 661 666 a
689 601 833 668 loco
886 601 1196 666 examinis
1239 598 1604 678 (incedant,
1659 608 1732 665 ct
1779 599 1863 665 ab
1912 600 2258 682 Episcopo,
2292 598 2520 683 ejusve
2543 597 2787 665 vicario

555 740 587 778 κ
612 716 1121 802 sejungantur...
1193 715 1328 782 Nec
1374 714 1729 801 quidquam
1766 714 1977 781 refert
2027 734 2114 781 an
2177 714 2480 799 suffragia
2533 724 2789 782 secreto

553 852 586 890 κ
618 830 728 895 vel
756 829 970 912 palam
993 829 1315 908 ferantur,
1356 847 1503 894 cum
1532 828 1689 894 nihil
1732 828 1817 893 de
1852 827 1973 894 hac
1999 845 2074 894 re
2102 828 2307 893 fuerit
2336 846 2375 893 a
2401 820 2786 894 Tridentino

554 968 588 1006 α
620 948 1029 1012 sancitum.»
1088 946 1505 1034 (Benedictus
1568 947 1738 1025 XIV,
1798 947 1874 1009 de
1923 948 2164 1028 synodo
2216 947 2573 1024 dioecesam,
2616 945 2662 1010 l.
2716 947 2781 1023 4,

553 1087 587 1125 α
622 1079 680 1130 c.
723 1068 786 1143 8,
816 1085 883 1130 n.
920 1064 1016 1148 4.)
1784 1135 1832 1168 ⁰

636 1183 939 1264 Quasno
966 1183 1056 1245 4⁸.
1094 1219 1183 1230 —-
1226 1184 1321 1245 An
1357 1184 1707 1263 Epist-opica,
1741 1183 1836 1243 vel
1868 1186 1996 1264 qius
2024 1186 2290 1244 vicarius
2328 1185 2600 1244 examini
2637 1185 2788 1243 assi-

550 1306 732 1376 stens,
761 1306 961 1361 votum
995 1313 1129 1360 cum
1165 1299 1682 1360 examinatoribus
1716 1297 1976 1359 habeat?
2011 1331 2102 1344 -—
2132 1318 2164 1356 α
2200 1298 2274 1360 In
2311 1295 2436 1361 hoc
2463 1296 2785 1360 examina-

555 1439 585 1476 «
618 1422 836 1479 torum
881 1412 1127 1498 judicio
1171 1413 1365 1477 nullae
1397 1417 1547 1477 sunt
1593 1421 1813 1496 partes
1867 1413 2191 1497 Episcopi,
2243 1414 2351 1478 vel
2387 1413 2630 1492 vicarii,
2675 1414 2785 1498 qui

556 1559 583 1591 «ι
623 1531 921 1615 Episcopi
955 1531 1099 1595 loco
1130 1528 1407 1595 examini
1443 1529 1700 1608 assistit,
1732 1531 1856 1595 nisi
1883 1530 2059 1595 forte
2096 1530 2606 1596 examinatorum
2630 1538 2782 1595 vota

555 1673 587 1708 ι(
622 1648 749 1712 sint
786 1648 963 1730 paria
1008 1653 1122 1711 aut
1149 1645 1497 1728 singularia
1530 1643 1620 1731 (1)
1664 1668 1678 1711 :
1711 1654 1872 1712 tunc
1904 1649 2075 1712 enim
2107 1649 2437 1731 integrum
2476 1647 2604 1712 erit
2638 1647 2785 1730 Epi-

552 1786 586 1822 «
622 1781 820 1845 scopo
850 1763 956 1827 vel
994 1761 1236 1825 vican‘o
1266 1762 1370 1825 cui
1408 1760 1694 1826 voluerit
1724 1761 2066 1843 accedere,
2106 1762 2296 1847 juxta
2331 1761 2779 1828 Tridentinum

555 1906 580 1938 a
625 1881 707 1965 (c.
746 1881 847 1956 18,
884 1895 1040 1942 sess.
1077 1876 1273 1962 24)...
1302 1877 1404 1953 At,
1442 1877 1632 1942 sicuti
1666 1877 1747 1943 ab
1783 1878 2332 1944 examinatoribus
2363 1877 2664 1962 suffragia
2690 1878 2781 1942 fe-

552 2018 582 2056 «
621 1993 826 2061 renda
875 2000 1026 2058 sunt
1064 1995 1282 2060 statim
1330 2001 1599 2078 peracto
1661 1995 1982 2072 examine,
2022 1995 2113 2059 ita
2161 1996 2356 2059 etiam
2401 1996 2468 2059 in
2505 2001 2772 2070 eventu,

548 2134 582 2172 «
617 2109 793 2196 qnod
851 2111 1208 2193 Episcopus
1259 2115 1372 2174 aut
1425 2108 1568 2193 ejus
1628 2110 1912 2174 vicarius
1957 2108 2148 2174 alicui
2180 2108 2498 2174 accedere
2549 2110 2771 2192 possit,

550 2253 578 2288 α
612 2241 832 2292 eoram
859 2224 1087 2291 iisdem
1118 2224 1671 2291 examinatoribus
1711 2225 2039 2308 explicare
2074 2225 2278 2290 debet
2313 2226 2571 2289 cuinam
2599 2239 2777 2289 acce·

545 2369 576 2403 «
613 2342 749 2418 dat,
782 2357 932 2406 cum
965 2339 1033 2404 id
1064 2343 1391 2423 pertineat
1424 2340 1508 2407 ad
1541 2342 1855 2406 examinis
1881 2340 2454 2425 complementum.
2491 2363 2523 2400 »
2558 2340 2779 2426 (Bene-

539 2458 755 2529 dictus
783 2458 948 2534 xlv,
985 2459 1060 2519 de
1080 2458 1317 2539 synodo
1349 2458 1702 2535 elioecesana,
1738 2456 1871 2535 1.4,
1895 2473 1954 2521 c.
1992 2459 2056 2536 8,
2086 2473 2151 2520 n.
2193 2455 2283 2540 5.)

1454 2742 1721 2808 CAPUT
1781 2742 1888 2805 lv.

539 3008 679 3057 EUM
730 3008 1126 3056 'rmnmt'rma
1168 3009 1293 3055 Lux
1350 3010 1438 3056 m:
1496 3010 1834 3059 CONCURSU
1878 3011 2089 3059 nomn
2131 3012 2196 3057 IN
2238 3010 2480 3057 GALLIA
2533 3011 2773 3058 vianne

1398 3126 1736 3175 CENSENDA
1778 3127 1900 3175 sl'r.

553 3417 559 3423 ·
627 3386 1110 3449 Proenotandum.
1157 3420 1243 3432 --
1270 3386 1343 3449 In
1365 3384 1668 3449 omnibus
1707 3385 1926 3450 Galliae
1959 3385 2372 3465 dioecesibuS,
2412 3408 2450 3453 a
2477 3396 2770 3471 tempore

539 3499 914 3566 concordati
945 3500 1027 3564 ad
1065 3508 1457 3582 praesentem
1506 3520 1711 3585 usque
1755 3502 1950 3581 diem,
2009 3511 2309 3568 constans
2363 3506 2580 3587 praxis
2620 3502 2765 3579 fuit,

538 3623 613 3680 ut
667 3625 960 3682 rectores
1012 3617 1329 3700 parochiis
1381 3617 1622 3701 absque
1669 3618 1808 3683 ullo
1852 3621 2095 3703 praevio
2126 3634 2446 3686 concursu
2477 3619 2772 3705 praeflce-

538 3741 791 3799 rentur.
829 3734 1189 3798 Nominatio
1228 3733 1471 3800 scilicet
1509 3741 1576 3800 et
1621 3735 1878 3801 collatio
1924 3734 2138 3820 quoad
2185 3737 2519 3820 parochias
2553 3754 2776 3802 omnes

536 3868 573 3912 a
598 3847 749 3913 solis
776 3849 1107 3932 Episcopis
1130 3848 1272 3914 fieri
1303 3850 1680 3934 consuevit3
1738 3853 1849 3935 qui
1878 3850 1959 3915 ad
1991 3850 2059 3915 id
2097 3853 2407 3930 munerat,
2452 3871 2615 3936 quos
2650 3866 2771 3937 'pro

535 3984 647 4029 sua
680 3963 1024 4046 prudentia
1060 3965 1261 4048 magis
1289 3963 1558 4030 idoneos
1595 3968 1984 4044 existimant,
2022 3968 2458 4048 praetermissa
2503 3966 2771 4032 Triden-

535 4083 680 4146 tinae
735 4080 896 4164 legis
949 4080 1383 4157 observantia,
1437 4081 1687 4164 eligunt
1726 4089 1921 4167 atque
1963 4079 2320 4166 deputaut3
2374 4081 2443 4148 id
2493 4090 2775 4149 tantum·

598 4363 667 4421 (i)
700 4360 817 4407 Vota
845 4358 1100 4420 singularia
1129 4367 1255 4420 sunt,
1286 4360 1415 4406 verbi
1442 4359 1612 4419 gratia,
1642 4358 1827 4420 quando
1859 4366 1952 4406 tres
1989 4358 2160 4407 adsunt
2198 4366 2547 4421 concurrentes,
2586 4366 2768 4423 tresque

528 4453 767 4502 dumtaxat
796 4454 1152 4512 examinatores,
1183 4461 1228 4500 et
1258 4452 1576 4514 unusquisque
1605 4465 1886 4501 concurrens
1915 4467 2056 4501 unum
2084 4459 2240 4503 votum
2273 4453 2466 4503 obtinet.
