3146 4973
542 366 669 428 442
1222 383 1594 433 ramma-os
1642 388 1728 433 nn
1775 388 2098 436 ranocno.

1476 661 1744 727 CAPUT
1791 666 1838 725 l.

632 908 718 954 DE
763 907 1216 957 msrmcnonss
1275 909 1471 960 mum
1534 909 1701 960 mna
1741 909 2190 962 nauculam
2213 941 2229 972 ‚
2282 914 2682 962 runcnonm

730 1023 1205 1084 PAROCHIALES,
1263 1026 1345 1071 ΕΤ
1387 1025 1793 1073 FUNCTIONES
1839 1025 2021 1072 MERE
2067 1027 2586 1077 SAGERDOTALES.

634 1264 820 1329 Nulla
862 1264 1003 1330 fere
1040 1266 1312 1330 materia
1342 1271 1441 1332 tot
1466 1263 1696 1332 litibus
1726 1270 1795 1330 et
1840 1262 2055 1332 dubus
2082 1272 2302 1330 ortum
2324 1264 2534 1342 dedit,
2577 1285 2770 1350 quam

545 1400 643 1456 ea,
684 1378 767 1443 de
813 1397 941 1462 qua
978 1397 1151 1443 nunc
1178 1378 1367 1442 nobis
1407 1376 1756 1460 agendum,
1786 1377 1935 1462 jura
1981 1386 2051 1443 et
2097 1379 2315 1443 munia
2347 1378 2774 1461 parochorum

548 1497 808 1577 propria
838 1494 1209 1576 respiciens,
1244 1494 1320 1556 In
1349 1512 1427 1557 ea
1457 1512 1618 1558 vero
1657 1492 2047 1559 excutienda
2068 1501 2370 1558 constans
2401 1494 2527 1559 fuit
2555 1494 2775 1559 docto-

546 1628 690 1674 rum
716 1610 955 1691 praxiS,
1000 1614 1077 1673 ut
1105 1611 1276 1673 iuter
1306 1616 1460 1692 jura
1498 1611 1879 1691 parochialia
1915 1616 1984 1673 et
2023 1613 2363 1689 functiones
2391 1611 2775 1691 parochiales

544 1723 1031 1789 distinctionem
1051 1726 1507 1808 instituerent3
1554 1726 1852 1808 quamvis
1876 1726 2246 1807 potuissent
2276 1722 2598 1808 ejusmodi
2627 1724 2776 1788 fun-

546 1841 789 1906 ctiones
838 1841 959 1905 sub
994 1839 1240 1924 jurium
1278 1841 1745 1924 parochialium
1787 1838 2309 1906 denominatione
2351 1838 2776 1923 comprehen-

544 1953 728 2032 dere,
776 1973 926 2019 cum
956 1962 1025 2018 et
1059 1957 1210 2038 ipsae
1237 1955 1345 2040 jus
1377 1953 1639 2040 aliquod
1659 1953 2093 2038 parochorum
2139 1955 2561 2018 constituant.
2612 1953 2770 2018 Cum

541 2076 759 2135 autem
787 2068 1180 2134 distinctioni
1208 2070 1359 2136 huic
1384 2071 1682 2136 Romanae
1710 2070 2265 2164 congregationeS,
2303 2069 2368 2132 in
2389 2070 2524 2134 suis
2543 2067 2663 2133 hac
2687 2065 2772 2134 de

546 2204 616 2250 re
649 2184 924 2251 edendis
947 2187 1142 2251 variis
1166 2185 1450 2251 decretis
1465 2192 1533 2252 et
1556 2185 2128 2261 declarationibu8‚
2160 2204 2305 2251 sese
2338 2182 2776 2248 accommoda-

550 2303 762 2366 verint
798 2301 896 2386 (ut
928 2300 1098 2365 infra
1132 2301 1433 2384 patebit),
1490 2299 1578 2365 ad
1626 2320 1771 2367 eam
1806 2301 2066 2366 omnino
2119 2307 2222 2365 est
2264 2298 2766 2370 attendendum.

546 2415 736 2484 Unde
772 2416 877 2481 hic
914 2413 1443 2499 proemittendum
1472 2413 1803 2495 ᾶιιιίηιυε,
1853 2414 2012 2500 quid
2049 2433 2171 2497 per
2199 2413 2348 2500 jara
2381 2413 2776 2499 parochialia

538 2540 762 2616 ctper
797 2532 1169 2597 functiones
1190 2530 1614 2615 parochialem,
1650 2539 1970 2616 quatenus
1993 2531 2130 2597 haec
2164 2529 2298 2597 duo
2321 2532 2500 2596 inter
2521 2550 2592 2599 ae
2621 2549 2776 2601 cen-

546 2646 1157 2729 trradistinguuntur,
1186 2647 1463 2729 intelligi
1494 2647 1723 2713 soleat.

1594 2883 1741 2955 51.

947 3074 1065 3133 Quid
1098 3076 1319 3127 strictiori
1344 3090 1483 3126 sensu
1513 3091 1597 3139 per
1627 3079 1736 3137 jura
1766 3078 2051 3140 parochialia
2071 3076 2374 3137 intelligatur.

634 3279 856 3345 Solent
888 3277 1194 3344 doctores
1236 3297 1312 3343 ea
1359 3279 1764 3362 potissimum
1811 3296 1954 3362 quae
2001 3277 2284 3361 parocho
2319 3280 2647 3339 utilitatem
2673 3275 2778 3341 ad-

546 3396 795 3473 ferunt,
838 3413 967 3461 non
1012 3398 1233 3458 autem
1281 3391 1630 3478 quamdam
1673 3392 2017 3458 dumtaxat
2071 3391 2623 3475 praeeminentiam
2663 3408 2776 3455 seu

552 3511 884 3588 honorem,
902 3515 1143 3592 jurium
1166 3509 1612 3591 parochialium
1645 3510 1926 3586 nomine,
1957 3508 2284 3572 strictiore
2311 3508 2520 3573 veluti
2555 3524 2770 3581 sensu,

552 3625 914 3710 complecti.
962 3625 1251 3706 Quorum
1292 3622 1535 3707 jurium
1599 3623 1962 3706 catalogum
2017 3623 2168 3687 olim
2219 3623 2511 3688 contexit
2561 3620 2775 3687 Abbas

552 3740 1048 3807 panormitanus
1088 3739 1184 3826 (cle
1220 3741 1565 3819 Parce-hiis,
1605 3759 1669 3803 n.
1739 3737 1825 3824 2),
1871 3740 1938 3804 in
1988 3740 2313 3806 nonnullis
2366 3736 2562 3804 hodie
2618 3736 2773 3803 defi-

553 3859 857 3933 cientem,
900 3853 985 3920 ob
1044 3862 1366 3921 mutatum
1423 3861 1649 3939 postea
1707 3873 2048 3920 commune
2093 3854 2222 3939 jus.
2269 3854 2504 3919 Caeteri
2552 3860 2770 3917 autem

554 3972 950 4039 recentiores
1001 3973 1343 4038 canonistae
1396 3973 1463 4036 in
1502 3969 1908 4037 conficienda
1956 3968 2275 4053 ejusmodi
2312 3967 2558 4053 jurium
2587 3987 2774 4051 paro-

553 4088 853 4154 chialium
883 4087 1373 4153 enumeratione
1401 4084 1822 4151 concordant.
1860 4086 2043 4150 Inter
2064 4103 2226 4169 quos
2251 4084 2344 4148 sic
2375 4085 2730 4149 Leurenius
2758 4104 2771 4145 :

560 4230 592 4266 «ι
625 4206 741 4271 Jus
767 4203 1131 4288 parochiale
1180 4203 1470 4268 consistit
1511 4202 1578 4266 in
1629 4202 1926 4284 pluribus
1991 4222 2004 4263 :
2065 4201 2368 4266 nimirum
2430 4201 2496 4264 in
2536 4199 2778 4282 obliga-

562 4341 593 4375 «
629 4317 805 4381 tione
841 4314 1379 4397 parochianorum
1435 4311 1800 4396 recipiendi
1844 4312 1911 4375 in
1944 4312 2229 4379 Ecclesia
2289 4310 2636 4395 parochiali
2681 4328 2777 4375 sa-

561 4455 592 4492 «
631 4435 1035 4495 oramentum
1087 4427 1499 4493 Eucharistiae
1563 4429 1625 4492 in
1676 4426 2010 4511 paschate3
2065 4428 2317 4512 aliaque
2378 4432 2772 4491 sacramenta
