3146 4973
541 334 624 396 88
1212 344 1588 392 macru-us
1635 344 1723 392 nn
1766 341 2093 391 ranocno.

625 477 1037 541 Pastoratum
1077 472 1376 557 parochis
1420 471 1830 538 confirmavit
1868 470 2157 537 Morinus
2206 470 2614 555 (exercitatio
2658 473 2761 548 16,

537 612 595 656 c.
638 594 701 668 2,
741 612 807 655 n.
851 588 937 675 5),
991 608 1285 655 asserens
1322 606 1437 656 eos
1472 588 1829 673 antiquitus
1867 593 2165 670 pastores
2219 586 2420 653 fuisse
2475 594 2762 664 vocatos,

535 705 712 792 quod
741 724 1006 789 prorsus
1038 705 1270 773 falsum
1305 710 1426 781 est,
1479 711 1556 769 ut
1585 703 1754 767 infra
1782 702 2228 785 probabimus.

624 823 916 905 systema
954 822 1242 886 retexuit
1283 820 1667 898 Juveninus,
1708 818 2165 884 auctoritatem
2221 818 2507 901 allegans
2534 819 2773 884 Gerso·

538 936 657 1013 niS‚
693 935 1018 1012 Sorbonae,
1056 940 1125 1000 et
1172 933 1372 1021 (quod
1404 935 1511 998 vix
1559 931 1877 998 credibile
1921 930 2045 1015 est)
2081 933 2277 998 etiam
2307 938 2481 998 Petri
2510 936 2766 1011 Aurelii,

538 1051 606 1116 id
658 1059 759 1116 est
803 1051 1056 1116 abbatis
1120 1051 1204 1117 de
1258 1051 1698 1135 Saint-Cyran.
1728 1051 1764 1115 J
1770 1049 2053 1116 uvenino
2094 1049 2146 1114 si
2184 1048 2385 1115 fidem
2432 1047 2767 1124 adhibeas,

539 1167 801 1251 parochi
833 1167 1251 1232 institutionis
1273 1166 1507 1233 divinae
1537 1173 1713 1243 sunt,
1745 1164 1941 1231 iidem
1979 1185 2053 1230 ac
2086 1166 2197 1250 qui
2229 1165 2588 1249 antiquitus
2614 1161 2776 1228 dicti

540 1284 940 1368 presbyteri,
983 1283 1232 1366 praelati
1276 1302 1516 1366 nempe
1568 1283 2049 1367 principesque,
2096 1289 2167 1347 ct
2207 1281 2532 1347 seniorum
2576 1287 2772 1364 atque

543 1402 624 1465 72
656 1398 1124 1481 discipulorum
1152 1417 1581 1475 successoreS,
1618 1399 1733 1483 qui
1754 1398 1908 1462 olim
1952 1397 2439 1482 presbyterium
2476 1393 2775 1461 efforma-

540 1515 722 1592 bant,
759 1516 825 1579 in
857 1512 1146 1597 regenda
1177 1512 1444 1579 dioecesi
1473 1522 1695 1596 partes
1717 1532 1864 1579 suas
1900 1513 2251 1589 habebant,
2287 1511 2373 1578 de
2407 1513 2614 1578 causis
2650 1530 2778 1576 ma-

536 1632 788 1717 joribus
815 1630 1191 1708 noscebant,
1214 1631 1614 1713 poenitentes
1645 1631 1942 1714 publicos
1965 1630 2411 1707 absolvebant,
2446 1635 2776 1696 tonsuram

540 1744 971 1813 conferebant
998 1793 1014 1823 ,
1088 1747 1788 1812 excommunicationes
1849 1745 2304 1811 fulminabant.
2383 1746 2774 1811 Juveninum

546 1868 847 1929 recenset
879 1861 1384 1946 jansenistarum
1423 1862 1824 1947 cathaloguS,
1855 1864 1967 1948 qui
1995 1862 2238 1946 legitur
2265 1862 2331 1926 in
2365 1860 2777 1946 jansenistico

546 1998 746 2063 opere
779 1982 998 2041 Ruincs
1034 1981 1109 2041 de
1137 1982 1526 2061 Pori-Royal.

638 2096 806 2159 Item
852 2101 1080 2176 aperte
1135 2093 1541 2177 parochismo
1617 2093 1800 2158 favet
1856 2094 2340 2175 Van-Espenius
2363 2141 2377 2170 ,
2437 2112 2607 2157 anno
2664 2111 2779 2155 na-

548 2215 658 2274 tus
695 2210 887 2285 1646,
936 2208 1432 2293 Ultrajectensis
1476 2208 1835 2273 schismatis
1885 2215 2254 2290 promotor,
2308 2185 2547 2292 quique
2588 2208 2652 2271 in
2700 2226 2782 2273 eo

548 2323 888 2389 schismate
928 2326 1226 2407 pertinax
1254 2333 1552 2390 mortuus
1590 2332 1731 2410 est;
1784 2323 1971 2409 cujus
2002 2343 2202 2408 opera
2234 2324 2502 2390 fuerunt
2532 2332 2785 2407 aposto·

549 2442 673 2508 lica
708 2440 1096 2506 auctoritate
1150 2438 1474 2506 damnata.
1530 2441 1597 2506 Is
1646 2439 1963 2525 parochos
2011 2440 2243 2507 asserit
2289 2458 2428 2506 esse
2490 2448 2788 2524 pastores

550 2557 816 2642 proprie
853 2556 1084 2635 dictoS,
1119 2576 1475 2642 eorumque
1516 2558 1788 2624 vicarios
1832 2577 1948 2622 seu
1997 2558 2364 2639 capellanos
2395 2563 2585 2623 vocat
2612 2559 2788 2624 vice-

553 2679 884 2757 pastores3
919 2681 1115 2757 atque
1139 2674 1312 2740 inter
1341 2674 1464 2738 alia
1497 2675 1704 2739 multa
1732 2671 2135 2740 heterodoxa
2163 2670 2410 2751 docuit,
2447 2692 2635 2757 posse
2656 2673 2789 2740 cle-

557 2791 787 2867 ricum,
827 2808 1023 2874 quem
1049 2809 1205 2855 suus
1226 2790 1527 2874 superior
1552 2790 2030 2855 ecclesiasticus
2052 2809 2327 2857 censura
2361 2791 2662 2874 perculit,
2702 2791 2788 2857 ad

556 2905 947 2988 guberninm
994 2923 1377 2988 recurrere3
1432 2904 1619 2989 cujus
1660 2907 1712 2969 si
1747 2907 2221 2987 protectionem
2251 2905 2565 2985 obtineat,
2613 2907 2789 2972 licite

557 3025 788 3104 perget
817 3038 1071 3085 sacrum
1092 3020 1522 3086 ministerium
1553 3040 1887 3099 exercere,
1934 3021 2090 3087 nihil
2127 3041 2360 3087 curans
2388 3020 2472 3088 de
2515 3041 2789 3088 censura

558 3141 628 3199 et
655 3134 993 3216 superiore
1017 3153 1132 3200 suo
1174 3135 1636 3201 ecclesiastico·
1666 3136 1807 3215 Qua
1839 3136 2063 3218 regula
2103 3135 2403 3218 parochis
2440 3136 2784 3220 applicata,

559 3266 753 3314 nemo
779 3268 910 3313 non
939 3247 1119 3314 videt
1142 3267 1253 3314 eos
1280 3248 1564 3315 evadere
1589 3250 1671 3314 ab
1703 3250 2021 3332 Episcopo
2053 3268 2320 3332 prorsus
2347 3251 2792 3334 independen-

559 3371 683 3441 teS‚
741 3362 935 3428 modo
986 3363 1051 3426 in
1101 3362 1172 3428 id
1227 3365 1594 3429 consentiat
1647 3363 1852 3428 civilis
1905 3371 2216 3446 potestas,
2274 3365 2484 3450 Atque
2542 3367 2789 3431 utinam

560 3477 830 3544 tandem
866 3498 902 3542 a
930 3484 1245 3542 venenata
1275 3477 1711 3563 Van-Espenii
1744 3476 2043 3544 doctrina
2071 3481 2272 3564 magis
2308 3479 2541 3546 sedulo
2577 3481 2796 3547 clerus

566 3580 985 3658 averteretur
1013 3589 1129 3677 (1).

632 3809 702 3872 (1)
732 3828 751 3850 α
784 3805 1061 3866 Bachusius‚
1082 3807 1129 3855 in
1154 3820 1239 3854 suo
1267 3806 1491 3856 historico
1516 3805 1643 3855 circa
1666 3807 2038 3868 Van-Espenium
2062 3814 2260 3855 tractatu
2284 3807 2427 3870 (edito
2446 3808 2616 3858 iterum
2638 3810 2797 3859 assisii

565 3921 587 3946 ι
622 3901 770 3962 1787)
789 3937 803 3961 ‚
829 3899 942 3948 dicit
963 3900 1042 3960 jus
1069 3899 1339 3948 canonicum
1376 3899 1695 3962 Van-Espenii
1724 3901 1771 3948 in
1801 3902 1924 3948 huuc
1952 3904 2143 3961 scopum
2172 3898 2319 3948 fuisse
2358 3901 2709 3961 concinnatum,
2748 3909 2797 3949 ut

565 4011 587 4040 ι
620 3995 898 4042 Jansenistis
922 3994 1044 4041 viros
1069 3991 1278 4055 adderet,
1302 4006 1463 4042 eorum
1491 4007 1677 4042 errores
1706 3999 1930 4052 tueretur,
1959 3991 2123 4041 Sedem
2154 3994 2466 4055 Apostolicam
2493 3992 2793 4055 deprimeret,

564 4108 584 4130 ι
614 4087 985 4148 Jurisdictionem
1022 4087 1360 4149 Episcoporum
1402 4087 1721 4146 subverteret,
1760 4087 2097 4135 immunitatem
2131 4087 2492 4135 ecclesiasticam
2540 4086 2598 4135 de
2642 4088 2795 4136 medio

564 4201 587 4224 ι
624 4182 820 4241 tolleret,
850 4181 1106 4243 laicamque
1140 4188 1433 4243 potestatem,
1460 4179 1639 4247 dejecta
1675 4182 2007 4242 ecclesiastiea,
2031 4181 2289 4229 extolleret.
2314 4182 2589 4230 Jansenistae
2616 4182 2796 4243 (subdit

563 4293 585 4318 ι
619 4274 741 4324 idem
771 4276 1076 4336 pachasius),
1104 4289 1224 4338 opus
1262 4275 1380 4325 inad
1406 4276 1648 4325 immensis
1684 4281 2028 4338 prosequuntur
2056 4274 2308 4336 laudibus;
2347 4275 2469 4336 quod
2508 4281 2663 4324 tamen
2701 4289 2794 4324 non

563 4386 585 4410 ι
622 4375 694 4417 cst
714 4369 805 4417 nisi
829 4369 1032 4430 plagium
1054 4369 1362 4432 quorumdam
1381 4370 1580 4419 aliorum
1600 4371 1910 4431 pessimorum
1933 4382 2145 4432 operum,
2166 4368 2294 4417 verbi
2321 4369 2487 4429 gratia,
2509 4369 2795 4417 concordia

563 4478 583 4502 e
615 4461 894 4511 sacordotii
918 4466 964 4512 el
990 4462 1215 4525 imperii,
1257 4460 1433 4512 Traia&
1467 4463 1555 4514 des
1586 4463 1717 4513 abus
1745 4476 1849 4527 par
1875 4461 2084 4515 Char-los
2108 4460 2312 4515 Βόννα,
2353 4459 2529 4522 Opera
2554 4462 2795 4514 Molinae·
