3146 4973
1180 371 1338 419 luas
1381 370 1642 419 raam.
2396 359 2512 423 381

392 514 424 550 «
471 492 762 559 Tandem
804 512 963 560 vero
996 493 1181 579 juxta
1224 497 1587 561 sanctiones
1634 495 1798 559 sacri
1834 494 2092 561 concilii
2133 494 2518 575 Tridentini,

300 626 330 663 α
365 605 419 670 si
447 625 558 672 res
586 610 669 673 sit
710 608 795 675 de
828 610 1081 675 clericis
1107 608 1505 677 beneficiatis
1534 611 1671 675 sine
1713 628 1869 675 cura
1897 610 2288 689 animarum,
2310 631 2391 678 ne
2423 632 2526 678 ra-

298 745 329 783 «
368 724 533 804 ptim
593 726 870 807 propriis
921 724 1253 791 beneficiis
1299 745 1374 791 ac
1405 724 1777 792 redditibus
1821 728 2185 810 priventur,
2225 729 2325 793 hic
2358 728 2522 796 ordo

297 860 329 896 «
368 836 690 920 gradatim
739 838 1103 906 servandus
1154 843 1573 925 praescriptus
1626 841 1773 920 fuit,
1829 850 1905 907 ut
1949 842 2002 907 si
2051 851 2198 926 post
2247 845 2518 927 primam

295 973 327 1011 α
364 954 810 1032 monitionem,
835 961 905 1020 et
934 953 1200 1039 quidem
1228 956 1659 1037 personalem,
1692 977 1730 1021 a
1757 954 2066 1022 damnato
2096 960 2420 1024 consortio
2451 979 2521 1024 se

294 1089 326 1126 α
369 1085 501 1132 non
526 1068 983 1146 abstinuerint,
1001 1071 1196 1135 tertia
1220 1077 1406 1153 parte
1429 1068 1769 1134 fructuum
1798 1071 1938 1154 ipso
1961 1070 2111 1155 jure
2137 1074 2516 1157 priventur:

296 1204 326 1241 α
367 1187 436 1246 et
463 1184 519 1247 si
544 1191 694 1265 post
727 1182 1076 1249 secundam
1127 1184 1455 1267 expletam
1505 1184 1930 1249 monitionem
1962 1204 2083 1251 nec
2128 1188 2327 1254 etiam
2365 1189 2525 1253 resi·

296 1321 323 1353 ι
361 1298 651 1380 puerint,
686 1317 915 1364 omnes
943 1298 1200 1364 fructus
1235 1300 1559 1376 amittant,
1597 1305 1665 1364 et
1695 1297 1779 1364 ab
1811 1297 2365 1366 administratione
2409 1302 2524 1367 be·

293 1433 323 1469 «
359 1411 749 1478 neficiorum
769 1412 1291 1497 suspendantur:
1312 1433 1389 1478 ac
1411 1412 1678 1479 demum
1705 1415 1759 1478 si
1784 1414 1874 1479 ita
1892 1416 2185 1498 suspensi
2206 1416 2273 1479 in
2290 1416 2522 1483 eodem

294 1551 324 1588 α
361 1526 612 1596 delicto
664 1529 879 1596 adhuc
935 1532 1539 1613 perseveraverint,
1583 1539 1743 1597 tunc
1797 1531 2017 1599 officiis
2071 1540 2141 1598 et
2191 1533 2525 1600 beneficiis

293 1667 322 1702 α
364 1645 806 1726 privarentur,
853 1645 1264 1730 subindeque
1310 1648 1998 1714 excommunicationis
2034 1646 2252 1732 gladio
2276 1650 2520 1733 plecte-

295 1781 325 1819 «
356 1767 594 1826 rentur
625 1761 805 1847 (sess.
840 1763 948 1838 25,
990 1780 1050 1827 c.
1101 1762 1197 1838 14,
1244 1763 1318 1823 de
1344 1760 1667 1846 Reform).

380 1898 412 1936 α
443 1876 648 1942 Seeus
675 1883 896 1942 autem
923 1877 1373 1960 praescriptum
1402 1874 1684 1941 habetur
1713 1876 1931 1962 quoad
1961 1877 2390 1961 privationem
2415 1897 2520 1962 pa·

295 2010 326 2049 «
364 1991 718 2056 rochorum
760 1991 1047 2074 turpiter
1093 1996 1161 2056 et
1192 1987 1568 2055 scandalose
1610 1991 1994 2056 viventium.
2031 1992 2111 2054 Hi
2145 1994 2315 2057 enim
2353 2001 2523 2075 post-

295 2126 326 2163 «
363 2124 557 2189 quam
587 2112 805 2170 moniti
826 2112 896 2171 et
923 2111 1128 2187 puniti
1160 2104 1432 2182 fuerint,
1463 2106 1519 2170 si
1548 2103 1765 2170 adhuc
1799 2106 1863 2170 in
1894 2107 2183 2190 nequitia
2211 2125 2522 2190 perseve-

295 2242 326 2281 α
357 2225 673 2301 raverint,
728 2223 902 2287 illico
944 2221 1187 2304 privari
1231 2220 1420 2304 jussit
1466 2223 1648 2308 (sess,
1684 2223 1792 2298 21,
1842 2239 1900 2285 c.
1942 2223 2007 2298 6,
2040 2224 2116 2285 de
2151 2220 2339 2306 Bell),
2375 2223 2463 2290 ibi
2497 2246 2512 2290 ε

294 2357 324 2394 α
356 2340 471 2399 Eos
497 2344 607 2419 qui
635 2343 899 2419 turpiter
928 2345 986 2401 et
1014 2339 1363 2399 scandaloso
1390 2341 1628 2415 vivunt,
1671 2342 1991 2420 postquam
2019 2343 2366 2420 praemoniti
2388 2342 2520 2418 fue-

295 2474 325 2512 c«
360 2459 485 2518 rint
517 2461 827 2518 coerceant
863 2461 1041 2536 atque
1066 2458 1394 2536 eastiqent,·
1420 2460 1479 2515 et
1512 2458 1569 2515 si
1604 2453 1801 2517 adhue
1831 2455 2271 2535 incorriyibites
2301 2458 2368 2518 in
2407 2474 2519 2520 sua

295 2588 325 2627 α
355 2576 627 2651 nequitia
676 2579 1075 2652 perseverent,
1127 2590 1223 2633 eos
1276 2569 1577 2647 benefieiis
1616 2574 1810 2650 juxta
1858 2590 2166 2633 sacrorum
2226 2591 2517 2635 canonum

293 2705 324 2744 α
360 2693 816 2750 constitutiones
842 2690 1136 2768 privandi
1161 2689 1513 2767 famaltatem
1541 2686 1869 2750 habeant.»
1898 2686 1994 2773 (In
2029 2688 2328 2750 Thesauro
2357 2708 2517 2751 reso-

290 2801 583 2867 lutionum
607 2807 784 2868 tomo
821 2803 931 2879 47,
969 2803 1037 2866 iu
1064 2820 1254 2867 causa
1278 2809 1475 2865 sancti
1504 2806 1803 2881 Severini,
1832 2803 1868 2865 4
1901 2802 2120 2885 aprilis
2155 2801 2379 2887 1778.)

372 2918 703 3002 Expositio
739 2918 848 2983 illa
876 2917 1201 2995 historica,
1254 2919 1377 2984 etsi
1415 2919 1480 2983 in
1524 2917 1777 2983 caeteris
1808 2918 2087 3001 placeat,
2133 2938 2265 2985 non
2295 2927 2514 2985 tamen

289 3028 398 3093 ubi
426 3040 739 3118 tanquam
771 3039 1026 3097 certum
1068 3032 1397 3114 supponit,
1446 3051 1484 3096 a
1528 3036 1829 3115 tempore
1863 3032 2114 3096 concilii
2156 3031 2516 3099 Tridentini

285 3145 410 3227 jam
455 3171 589 3219 non
632 3169 820 3234 posse
860 3150 1106 3232 privari
1139 3147 1460 3213 beneficio
1515 3147 2068 3224 concubinarium,
2117 3146 2200 3214 de
2246 3153 2518 3231 patratis

289 3258 817 3331 fornicationibus
855 3263 1047 3347 plene
1096 3261 1484 3336 convictum,
1530 3259 1672 3337 nisi,
1729 3266 1880 3343 post
1931 3259 2252 3326 adhibitas
2310 3266 2517 3328 moni-

290 3375 495 3444 tiones
526 3387 594 3446 et
627 3379 1138 3463 suspensionem,
1173 3395 1315 3441 sese
1336 3373 1691 3441 emendare
1716 3382 2001 3453 recuset,
2025 3381 2096 3440 et
2127 3376 2192 3440 in
2228 3378 2515 3461 nequitia

290 3502 683 3570 perseveret.
728 3496 888 3559 Nam
939 3494 1061 3559 hoc
1106 3495 1319 3577 ipsum
1360 3492 1907 3568 controvertitur,
1949 3498 2026 3555 ut
2077 3508 2229 3557 mox
2269 3490 2514 3559 videbi-

289 3623 455 3693 mus;
483 3628 607 3676 nec
637 3609 956 3693 probabili
984 3610 1220 3675 saltem
1252 3606 1683 3674 fundamento
1709 3625 1936 3673 carere
1968 3605 2233 3672 videtur
2258 3616 2514 3674 senten-

290 3720 394 3799 tia,
432 3742 575 3807 quae
604 3731 792 3791 tenet
821 3722 1177 3790 hodiedum
1219 3740 1408 3806 posse
1453 3720 1538 3787 ab
1590 3720 1956 3799 Ordinatio,
1994 3720 2108 3787 ubi
2143 3720 2226 3788 de
2253 3730 2509 3806 patrata

291 3832 709 3907 fornicatione
764 3840 953 3924 plene
995 3845 1249 3904 constat
1267 3884 1284 3915 ,
1322 3837 1542 3902 statim
1587 3835 1860 3920 procedi
1903 3836 1987 3902 ad
2039 3839 2503 3920 privationem,

289 3952 528 4019 omissis
557 3955 818 4040 praeviis
846 3952 1309 4020 monitionibus
1333 3958 1403 4017 et
1424 3950 1863 4033 suspensionis
1894 3966 2121 4033 poena3
2163 3952 2254 4017 ita
2273 3973 2509 4039 nempe

288 4072 360 4128 ut
384 4085 645 4137 necesse
671 4086 800 4134 non
830 4070 914 4134 sit
936 4086 1125 4135 reum
1155 4086 1297 4133 esse
1320 4063 1847 4149 incorrigibilem,
1871 4063 1990 4131 sed
2012 4064 2306 4134 sufficere
2330 4068 2509 4155 quod

290 4182 475 4263 turpe
498 4182 665 4249 illud
704 4183 951 4250 facinus
983 4182 1365 4267 patraverit.
