3146 4973
647 346 776 408 320
1318 359 1695 407 Trucnrus
1740 360 1828 406 m:
1873 359 2198 406 mimano,

739 508 770 545 «
806 484 937 548 Per
967 489 1246 547 mortem
1281 481 1632 566 cujuslibet
1670 482 2018 560 PontificiS‚
2064 484 2161 548 vis
2191 490 2261 548 et
2291 484 2647 548 auctoritas
2677 481 2872 549 dicta·

649 622 681 660 α
717 618 863 663 rum
913 599 1289 681 regularum
1333 597 1617 680 expirat;
1652 596 1947 681 adeoque
1986 604 2242 663 cessant
2292 599 2531 682 regulae
2585 617 2876 664 reserva·

650 739 682 777 «
713 714 895 779 toriae
924 712 1090 778 Sede
1114 712 1479 794 Apostolica
1518 720 1813 777 vacante.
1854 712 2044 779 Unde
2073 712 2390 778 beneficia
2420 715 2482 776 vi
2515 733 2745 779 earum
2773 733 2879 778 re-·

650 853 682 889 «
719 836 997 905 servata,
1022 826 1190 893 Sede
1220 827 1584 910 Apostolica
1616 834 1908 903 vacante,
1944 826 2152 892 libere
2195 827 2542 893 conferunt
2572 829 2875 913 Episcopi

650 968 682 1005 «
715 963 834 1009 seu
871 942 1179 1008 ordinarii
1206 943 1570 1008 collatores.
1612 965 1644 1003 »
1684 943 2086 1028 (LeureniuS,
2119 943 2262 1009 loco
2290 942 2540 1027 citato.)
2567 944 2781 1027 Atque
2808 942 2876 1009 id

643 1058 1135 1143 intelligendum
1164 1067 1286 1136 est,
1324 1078 1453 1124 non
1481 1065 1738 1123 tantum
1768 1057 1925 1124 sede
1955 1067 2251 1137 vacante,
2286 1058 2402 1125 sed
2435 1060 2630 1125 etiam
2663 1059 2872 1126 donec

644 1196 854 1242 novus
904 1177 1154 1241 electus
1192 1175 1497 1240 Pontifex
1541 1195 1651 1240 eas
1686 1176 1946 1258 regulas
1982 1177 2424 1241 renovaverit.
2465 1177 2867 1261 (Leurenius‚

648 1290 941 1375 ibidem.)
974 1293 1149 1358 Solet
1196 1299 1413 1356 autem
1464 1310 1575 1356 eas
1611 1310 1926 1357 renovare
1987 1290 2093 1358 die
2133 1294 2436 1376 sequenti
2487 1293 2712 1375 ipsius·
2748 1286 2878 1382 est„-
2933 1361 2948 1374 ,

648 1408 950 1472 ctionem.

1714 1604 1797 1664 11.

684 1824 1029 1883 Quandonam
1064 1828 1350 1874 reservetur
1367 1820 1490 1871 Sodi
1512 1821 1820 1884 Apostolicae
1847 1822 2224 1885 parochiarum
2255 1823 2471 1872 collatio
2495 1836 2592 1884 per
2615 1825 2844 1885 primam

1443 1915 1771 1964 cancellaria*
1806 1915 2063 1978 requiam.

739 2128 920 2191 Inter
965 2127 1086 2192 alia
1134 2145 1276 2209 quae
1331 2127 1395 2189 in
1443 2125 1561 2189 hac
1614 2125 1841 2207 regula
1888 2131 2288 2203 statuuntur,
2361 2134 2693 2190 reservata
2723 2124 2867 2190 Sedi

645 2243 1021 2325 Apostolicoe
1054 2241 1472 2308 declarantur
1521 2239 1839 2305 beneficia
1892 2242 2125 2318 omnia,
2182 2258 2324 2324 quae
2374 2242 2461 2306 ab
2518 2240 2874 2306 Ordinariis

646 2359 864 2422 aliisve
923 2358 1343 2424 collatoribus
1392 2364 1621 2422 contra
1669 2357 2116 2439 praescriptam
2144 2376 2182 2420 a
2213 2358 2593 2423 Tridentino
2624 2356 2874 2441 synodo

646 2473 920 2538 formam
952 2474 1184 2539 collata
1214 2473 1462 2538 fuerint
1497 2494 1510 2536 :
1544 2480 1604 2535 et
1633 2493 1702 2535 ea
1730 2479 1912 2536 etiam
1933 2474 2216 2550 beneficia
2237 2479 2438 2537 omnia
2469 2472 2641 2557 (sunt
2671 2473 2873 2540 verba

645 2586 910 2671 regulae)
940 2592 1324 2669 dispositioni
1356 2607 1477 2650 suce
1508 2593 1863 2666 reservavit,
1905 2591 1979 2649 (Ie
2011 2590 2222 2667 quibus
2242 2608 2354 2670 per
2389 2591 2584 2650 dictos
2612 2590 2874 2651 Ordina-

644 2710 769 2765 rios
797 2711 906 2765 aut
933 2707 1087 2766 alios
1116 2706 1454 2781 collatores,
1502 2710 1712 2764 contra
1748 2705 2007 2783 ejusdem
2049 2705 2290 2764 concilii
2331 2706 2700 2765 decretorum
2741 2676 2873 2781 for-

645 2837 825 2892 mam,
861 2821 1218 2897 dispositum
1248 2822 1455 2897 suerit.
1500 2816 1692 2896 Quod
1741 2813 1825 2879 ad
1862 2815 2199 2897 parochias
2237 2817 2644 2899 applicando,
2690 2819 2741 2881 si
2786 2817 2868 2881 de

645 2933 723 2996 iis
757 2931 1121 2996 ordinarius
1162 2933 1434 2996 collator
1489 2930 1880 3014 disposuerit
1925 2939 2151 2995 contra
2207 2931 2594 2998 Tridentinae
2640 2934 2871 3018 synodi

645 3046 933 3124 decreta,
962 3045 1151 3111 verbi
1180 3049 1406 3130 gratia,
1437 3066 1547 3111 eas
1566 3044 1969 3111 conserendo
1991 3046 2232 3129 absque
2259 3049 2502 3129 praevio
2524 3067 2870 3124 concursu,

645 3163 753 3227 vel
797 3168 1055 3243 aetatem
1103 3163 1478 3247 requisitam
1515 3181 1645 3226 non
1683 3160 2095 3238 habentibus,
2132 3171 2289 3240 etc„
2319 3163 2425 3247 jus
2461 3183 2648 3229 suum
2688 3164 2874 3229 colla·

645 3280 835 3343 tionis
873 3279 1149 3362 amittit3
1192 3298 1312 3343 nec
1358 3285 1672 3361 poterunt
1716 3276 1848 3359 jam
1889 3274 2207 3358 ejusmodi
2252 3280 2568 3361 parochiae
2620 3280 2704 3344 ab
2752 3279 2871 3343 alio

644 3413 838 3478 quam
873 3415 909 3459 a
935 3395 1221 3459 Romano
1265 3392 1582 3459 Pontiflce
1629 3392 1937 3456 conferri.
1976 3391 2162 3475 (Vide
2204 3394 2618 3473 Leurenium‚
2657 3400 2870 3458 Forum

646 3513 864 3591 benef„
899 3529 966 3592 p.
1005 3512 1066 3587 2,
1103 3529 1167 3592 q.
1211 3511 1360 3587 543,
1399 3529 1463 3572 11.
1500 3509 1595 3593 3.)

1707 3728 1823 3792 111.

647 3953 912 4012 Quomodo
937 3952 1061 4006 Sodi
1081 3955 1121 4004 Δ
1128 3954 1391 4017 postolicae
1424 3962 1713 4007 reservetur
1739 3960 2130 4020 parochiarum
2156 3962 2390 4024 collatio,
2419 3965 2475 4013 vi
2499 3965 2689 4027 requie?
2708 3976 2873 4021 novur,

1282 4064 1394 4113 qua:
1421 4051 1621 4100 dicitur
1655 4053 1840 4116 requla
1870 4054 1933 4105 do
1962 4054 2239 4107 maniam.

733 4258 799 4322 ln
838 4258 951 4323 hac
976 4259 1202 4341 regula
1233 4262 1324 4324 sic
1373 4259 1741 4345 disponitur
1784 4283 1796 4326 ε
1839 4268 2098 4346 Cupiens
2131 4272 2560 4333 sanctissimus
2589 4274 2876 4334 Dominus

645 4377 860 4440 Noster
893 4379 1063 4456 Papa
1087 4377 1450 4455 pauperibus
1488 4379 1723 4439 clericis
1751 4386 1808 4440 et
1837 4382 1981 4442 aliis
2006 4384 2146 4446 bene
2176 4391 2409 4449 mere‘tis
2434 4392 2710 4467 personis
2734 4406 2877 4467 pro-
