3146 4973
1238 388 1563 437 mmlx
1611 389 1655 434 1.
2437 370 2563 434 647

1373 625 1405 697 5
1452 620 1535 683 11.

347 826 412 872 De
434 826 607 874 vicario
636 828 925 889 parochiali,
956 830 1070 892 qui,
1091 836 1282 878 vacante
1321 832 1573 892 parochia,
1604 830 1663 878 ad
1693 844 1796 879 eam
1839 830 2084 892 regendam
2130 829 2397 892 deputatur,
2428 829 2573 879 donec

966 936 1114 972 novus
1143 932 1296 972 rector
1324 924 1368 972 in
1396 938 1450 972 ea
1478 926 1761 973 constitutus
1787 924 1944 973 fucrit.

438 1126 489 1188 Ι.
547 1122 876 1208 Ejusmodi
926 1126 1143 1191 vicarii
1202 1145 1317 1192 seu
1378 1128 1696 1192 oeconomi
1746 1125 2087 1210 deputatio
2150 1128 2438 1209 pertinet
2489 1126 2572 1192 ad

347 1240 730 1322 Episcopum
767 1262 781 1305 ε
824 1248 1022 1323 prout
1067 1239 1421 1308 adnotatur
1459 1263 1496 1307 a
1536 1241 1837 1308 Ferrario
1876 1241 2103 1328 (verbo
2150 1248 2422 1305 Via-arius
2463 1262 2575 1324 pa-

346 1357 653 1431 rochialis,
690 1375 755 1419 n.
782 1354 917 1438 43),
961 1356 1029 1420 in
1061 1354 1231 1421 hunc
1262 1355 1532 1423 modum
1563 1380 1577 1422 :
1629 1382 1661 1420 α
1688 1359 2043 1441 Deputatio
2081 1359 2303 1423 vicarii
2330 1366 2580 1441 tempo-

352 1492 385 1528 «
424 1470 576 1534 ralis
609 1489 723 1536 seu
763 1471 1082 1535 oeconomi
1112 1472 1336 1537 clerici
1371 1473 1717 1549 saecularis,
1745 1473 1814 1537 in
1845 1472 1967 1538 hoc
2009 1472 2237 1537 ultimo
2282 1483 2435 1538 cas'u
2467 1493 2581 1537 va-

352 1606 383 1642 «
419 1585 687 1650 cationis
722 1584 1063 1669 parochiae,
1103 1593 1360 1669 spectat
1410 1585 1495 1652 ad
1541 1588 1950 1673 Episcopum,
1982 1588 2043 1651 in
2084 1586 2272 1671 cujus
2311 1586 2578 1653 dioecesi

353 1722 385 1758 (ι
422 1699 720 1784 parochia
778 1720 1015 1768 vacans
1059 1703 1180 1766 sita
1219 1709 1342 1780 est,
1384 1722 1500 1769 seu
1545 1703 1631 1769 ad
1658 1722 1809 1769 eum
1843 1705 1954 1788 qui
1983 1710 2197 1788 potest
2235 1704 2577 1770 instituere

354 1838 386 1873 α
425 1834 817 1881 concursum
857 1838 871 1883 :
913 1817 1002 1881 sic
1033 1815 1329 1883 decisum
1362 1818 1565 1884 fuisse
1597 1837 1633 1883 a
1664 1819 1857 1883 Sacra
1874 1818 2386 1903 Congregatione
2424 1818 2580 1885 Con-

354 1956 384 1989 «
419 1932 550 1997 cilii
584 1933 798 1999 refert
829 1933 1193 1999 Barbosa...
1235 1932 1424 2000 Unde
1464 1934 1719 2018 praelati
1751 1936 2114 2011 inferiores,
2152 1936 2263 2019 qui
2312 1953 2443 1999 non
2477 1933 2582 1999 ha-

354 2072 385 2105 «
423 2047 582 2113 bent
608 2047 1127 2133 jurisdictionem
1167 2051 1844 2135 quasi-episcopalem,
1884 2070 2030 2115 cum
2079 2051 2391 2116 facultate
2430 2070 2581 2116 con-

356 2186 389 2222 «
424 2163 735 2247 gregandi
781 2164 1106 2249 synodum
1154 2172 1223 2230 et
1272 2164 1654 2231 instituendi
1704 2184 2111 2243 concursum,
2149 2184 2276 2230 non
2310 2175 2580 2249 possunt

356 2305 387 2339 «
425 2281 489 2344 in
528 2281 640 2345 tali
670 2299 821 2345 casu
852 2280 1162 2345 vicarium
1201 2281 1631 2363 temporalem
1672 2280 2017 2365 deputare.
2052 2304 2082 2340 »

441 2397 525 2460 ΙΙ.
564 2397 753 2459 Dicta
795 2393 1135 2480 deputatio
1178 2394 1325 2461 fieri
1370 2394 1573 2462 debet
1615 2397 2092 2483 quamprimum
2142 2420 2156 2463 :
2219 2420 2251 2458 «
2287 2396 2580 2462 vicarius

356 2535 389 2572 α
436 2513 550 2598 (ait
586 2514 898 2588 FerrariS,
936 2513 1080 2578 loco
1122 2515 1340 2591 citato,
1384 2535 1449 2579 n.
1498 2517 1604 2592 56,
1643 2514 1803 2580 edit.
1833 2511 2075 2582 Matriti
2118 2513 2311 2599 1787)
2353 2514 2437 2580 ad
2484 2535 2582 2580 re-

358 2653 391 2689 «
427 2630 641 2713 gimeu
681 2630 968 2695 ecclesiae
1011 2638 1253 2696 curatae
1302 2631 1587 2695 vacantis
1630 2632 1848 2697 statim
1892 2631 1976 2697 ab
2016 2632 2331 2716 Episcopo
2375 2630 2582 2714 depu-

357 2770 389 2805 «
427 2746 555 2811 tari
613 2743 816 2811 debet
866 2743 1293 2830 (Benedictus
1334 2748 1502 2825 xlv,
1547 2747 2010 2813 constitutione
2062 2749 2184 2822 68,
2233 2747 2581 2831 incipiente

359 2886 391 2922 «
435 2866 587 2927 cum
623 2865 806 2940 illud,
846 2870 876 2942 ,ς
916 2859 1098 2947 16).»

442 2979 559 3043 ΠΙ.
616 2978 850 3061 Quoad
895 2998 1246 3063 congruam
1299 2981 1417 3046 tali
1468 2981 1709 3046 vicario
1749 2979 2197 3065 assignandam
2246 2982 2337 3046 sic
2383 2979 2581 3044 habet

351 3092 525 3159 idem
556 3094 846 3160 Ferraris
882 3093 1093 3181 (ibid.‚
1130 3116 1196 3159 n.
1236 3092 1340 3178 50)
1380 3117 1393 3160 :
1459 3118 1491 3155 α
1534 3095 1788 3161 Vicario
1817 3115 1935 3160 seu
1962 3115 2298 3162 oeconomo
2335 3103 2582 3177 tempo-

358 3234 390 3268 α
426 3210 542 3275 rali
571 3217 640 3275 et
677 3211 1005 3277 amovibili
1030 3209 1409 3299 assignanda
1435 3218 1535 3276 est
1560 3231 1866 3295 congrua,
1903 3218 1972 3276 et
1997 3209 2278 3277 taxanda
2311 3210 2582 3276 arbitrio

357 3350 391 3386 «
426 3327 748 3410 Episcopi,
785 3347 862 3391 ex
905 3325 1228 3392 fructibus
1259 3325 1603 3409 parochiae.
1627 3348 1663 3389 n
1705 3327 1786 3392 Et
1825 3334 2078 3393 constat
2112 3348 2196 3393 ex
2234 3327 2332 3391 his
2371 3327 2582 3391 conci-

353 3443 422 3508 lii
446 3442 804 3508 Tridentini
841 3443 1017 3529 (sess.
1063 3443 1171 3518 24,
1201 3460 1259 3505 c·
1297 3439 1401 3526 18)
1438 3443 1698 3508 verbis:
1749 3445 1969 3507 Debent
2003 3447 2326 3526 Episcopus
2373 3449 2582 3505 statim

356 3561 562 3621 habita
593 3563 811 3622 notitia
854 3562 1187 3621 vacationis
1215 3560 1493 3636 ecclesioe,
1546 3565 1604 3620 si
1651 3578 1796 3640 opus
1840 3562 2050 3639 suerit,
2093 3560 2369 3622 idoneum
2412 3564 2478 3620 in
2512 3579 2581 3620 ea

356 3679 673 3753 vicarium,
716 3694 850 3737 cum
888 3693 1151 3756 conqrua
1204 3679 1331 3756 ejus
1360 3677 1618 3738 arbitrio
1657 3677 1959 3754 fructuum
1985 3679 2281 3757 portionis
2308 3681 2583 3757 assiqua·

357 3798 515 3856 tione
536 3796 916 3854 constituere.

282 3933 315 3956 «-
448 3909 559 3972 IV.
602 3905 763 3972 Cum
813 3903 1134 3990 ejusmodi
1185 3906 1408 3971 vicarii
1449 3924 1578 3970 non
1629 3905 2033 3992 deputentur
2070 3908 2191 3973 nisi
2229 3905 2313 3973 ad
2349 3916 2583 3974 nutum

356 4022 680 4107 Episcopi,
723 4029 793 4088 et
822 4019 1030 4088 donec
1069 4041 1181 4087 eos
1225 4030 1519 4100 revocet,
1544 4029 1835 4107 possunt,
1859 4025 2055 4089 etiam
2090 4025 2225 4091 sine
2259 4042 2470 4103 causa,
2501 4026 2583 4091 ab

358 4141 671 4224 Episcopo
698 4140 1046 4206 removeri.
