<?xml version="1.0" encoding="UTF-8"?>
<!DOCTYPE html PUBLIC "-//W3C//DTD XHTML 1.0 Transitional//EN"
    "http://www.w3.org/TR/xhtml1/DTD/xhtml1-transitional.dtd">
<html xmlns="http://www.w3.org/1999/xhtml" xml:lang="en" lang="en">
 <head>
  <title>
</title>
<meta http-equiv="Content-Type" content="text/html;charset=utf-8" />
  <meta name='ocr-system' content='tesseract 3.04.00' />
  <meta name='ocr-capabilities' content='ocr_page ocr_carea ocr_par ocr_line ocrx_word'/>
</head>
<body>
  <div class='ocr_page' id='page_1' title='image "./tractatusdeparo00bouigoog_0383.png"; bbox 0 0 3146 4973; ppageno 0'>
   <div class='ocr_carea' id='block_1_1' title="bbox 1212 379 2548 444">
    <p class='ocr_par' dir='ltr' id='par_1_1' title="bbox 1212 379 2548 444">
     <span class='ocr_line' id='line_1_1' title="bbox 1212 379 2548 444; baseline 0.001 -4"><span class='ocrx_word' id='word_1_1' title='bbox 1212 393 1370 440; x_wconf 64' lang='lat' dir='ltr'><strong>rans</strong></span> <span class='ocrx_word' id='word_1_2' title='bbox 1415 393 1676 440; x_wconf 59' lang='lat' dir='ltr'><strong>Tema.</strong></span> <span class='ocrx_word' id='word_1_3' title='bbox 2431 379 2548 444; x_wconf 81' lang='grc'><strong>371</strong></span> 
     </span>
    </p>
   </div>
   <div class='ocr_carea' id='block_1_2' title="bbox 242 515 2567 4519">
    <p class='ocr_par' dir='ltr' id='par_1_2' title="bbox 242 515 2567 3137">
     <span class='ocr_line' id='line_1_2' title="bbox 333 515 2563 602; baseline 0.001 -21"><span class='ocrx_word' id='word_1_4' title='bbox 333 516 529 582; x_wconf 71' lang='lat' dir='ltr'><strong>fu&#39;me</strong></span> <span class='ocrx_word' id='word_1_5' title='bbox 557 515 871 582; x_wconf 80' lang='lat' dir='ltr'><strong>delictum</strong></span> <span class='ocrx_word' id='word_1_6' title='bbox 901 524 1227 600; x_wconf 79' lang='lat' dir='ltr'><strong>oporteat,</strong></span> <span class='ocrx_word' id='word_1_7' title='bbox 1262 527 1338 583; x_wconf 88' lang='lat' dir='ltr'><strong>ut</strong></span> <span class='ocrx_word' id='word_1_8' title='bbox 1365 520 1565 602; x_wconf 82' lang='lat' dir='ltr'><strong>possit</strong></span> <span class='ocrx_word' id='word_1_9' title='bbox 1597 535 1788 601; x_wconf 82' lang='lat' dir='ltr'><strong>poena</strong></span> <span class='ocrx_word' id='word_1_10' title='bbox 1815 518 2196 600; x_wconf 75' lang='lat' dir='ltr'><strong>privationis</strong></span> <span class='ocrx_word' id='word_1_11' title='bbox 2227 518 2446 602; x_wconf 84' lang='lat' dir='ltr'>plecti,</span> <span class='ocrx_word' id='word_1_12' title='bbox 2472 521 2563 584; x_wconf 86' lang='lat' dir='ltr'><strong>sic</strong></span> 
     </span>
     <span class='ocr_line' id='line_1_3' title="bbox 332 631 2560 718; baseline 0.001 -21"><span class='ocrx_word' id='word_1_13' title='bbox 332 631 531 698; x_wconf 87' lang='lat' dir='ltr'><strong>habet</strong></span> <span class='ocrx_word' id='word_1_14' title='bbox 583 633 988 699; x_wconf 87' lang='lat' dir='ltr'><strong>Leurenius:</strong></span> <span class='ocrx_word' id='word_1_15' title='bbox 1035 655 1068 695; x_wconf 76' lang='grc' dir='ltr'><strong>α</strong></span> <span class='ocrx_word' id='word_1_16' title='bbox 1105 633 1495 718; x_wconf 83' lang='lat' dir='ltr'><strong>Respondeo</strong></span> <span class='ocrx_word' id='word_1_17' title='bbox 1538 655 1550 697; x_wconf 92' lang='lat'>:</span> <span class='ocrx_word' id='word_1_18' title='bbox 1606 651 1753 698; x_wconf 87' lang='lat' dir='ltr'><strong>cum</strong></span> <span class='ocrx_word' id='word_1_19' title='bbox 1812 633 1895 697; x_wconf 85' lang='lat' dir='ltr'><strong>sit</strong></span> <span class='ocrx_word' id='word_1_20' title='bbox 1942 651 2133 716; x_wconf 78' lang='lat' dir='ltr'><strong>poena</strong></span> <span class='ocrx_word' id='word_1_21' title='bbox 2190 635 2560 717; x_wconf 82' lang='lat' dir='ltr'><strong>gravissima</strong></span> 
     </span>
     <span class='ocr_line' id='line_1_4' title="bbox 337 747 2567 832; baseline 0.003 -24"><span class='ocrx_word' id='word_1_22' title='bbox 337 769 370 808; x_wconf 75' lang='grc' dir='ltr'><strong><em>α</em></strong></span> <span class='ocrx_word' id='word_1_23' title='bbox 401 757 472 813; x_wconf 84' lang='lat' dir='ltr'><strong>et</strong></span> <span class='ocrx_word' id='word_1_24' title='bbox 512 747 873 826; x_wconf 86' lang='lat' dir='ltr'><strong>ordinaria,</strong></span> <span class='ocrx_word' id='word_1_25' title='bbox 911 756 991 813; x_wconf 91' lang='lat' dir='ltr'><strong>ut</strong></span> <span class='ocrx_word' id='word_1_26' title='bbox 1038 747 1288 815; x_wconf 87' lang='lat' dir='ltr'><strong>dictum</strong></span> <span class='ocrx_word' id='word_1_27' title='bbox 1308 797 1324 826; x_wconf 90' lang='lat'><strong><em>,</em></strong></span> <span class='ocrx_word' id='word_1_28' title='bbox 1369 748 1519 813; x_wconf 90' lang='lat' dir='ltr'><strong>hinc</strong></span> <span class='ocrx_word' id='word_1_29' title='bbox 1558 750 1759 813; x_wconf 77' lang='lat' dir='ltr'><strong>intrat</strong></span> <span class='ocrx_word' id='word_1_30' title='bbox 1811 749 2369 814; x_wconf 87' lang='lat' dir='ltr'><strong>criminalistarum</strong></span> <span class='ocrx_word' id='word_1_31' title='bbox 2412 767 2567 832; x_wconf 86' lang='lat' dir='ltr'><strong>pro·</strong></span> 
     </span>
     <span class='ocr_line' id='line_1_5' title="bbox 336 862 2566 947; baseline 0.003 -25"><span class='ocrx_word' id='word_1_32' title='bbox 336 886 369 922; x_wconf 86' lang='lat'>«</span> <span class='ocrx_word' id='word_1_33' title='bbox 401 865 657 946; x_wconf 82' lang='lat' dir='ltr'><strong>positio,</strong></span> <span class='ocrx_word' id='word_1_34' title='bbox 709 862 889 947; x_wconf 89' lang='lat' dir='ltr'><strong>quod</strong></span> <span class='ocrx_word' id='word_1_35' title='bbox 925 868 1009 928; x_wconf 83' lang='lat' dir='ltr'><strong>ad</strong></span> <span class='ocrx_word' id='word_1_36' title='bbox 1040 868 1419 928; x_wconf 80' lang='lat' dir='ltr'><strong><em>ordinariam</em></strong></span> <span class='ocrx_word' id='word_1_37' title='bbox 1456 883 1699 946; x_wconf 75' lang='lat' dir='ltr'><strong>poenam</strong></span> <span class='ocrx_word' id='word_1_38' title='bbox 1740 867 1985 945; x_wconf 73' lang='lat' dir='ltr'><strong>procedi</strong></span> <span class='ocrx_word' id='word_1_39' title='bbox 2030 885 2150 928; x_wconf 77' lang='lat' dir='ltr'><strong>non</strong></span> <span class='ocrx_word' id='word_1_40' title='bbox 2184 874 2401 946; x_wconf 76' lang='lat' dir='ltr'><strong>potest,</strong></span> <span class='ocrx_word' id='word_1_41' title='bbox 2441 873 2566 929; x_wconf 74' lang='lat' dir='ltr'><strong>nisi</strong></span> 
     </span>
     <span class='ocr_line' id='line_1_6' title="bbox 336 977 2559 1064; baseline 0.004 -29"><span class='ocrx_word' id='word_1_42' title='bbox 336 1003 361 1035; x_wconf 76' lang='grc' dir='ltr'><strong>ι.</strong></span> <span class='ocrx_word' id='word_1_43' title='bbox 395 986 606 1042; x_wconf 71' lang='lat' dir='ltr'><strong>contra</strong></span> <span class='ocrx_word' id='word_1_44' title='bbox 642 981 906 1059; x_wconf 76' lang='lat' dir='ltr'><strong>leqieime</strong></span> <span class='ocrx_word' id='word_1_45' title='bbox 939 982 1270 1061; x_wconf 74' lang='lat' dir='ltr'><strong>consessum</strong></span> <span class='ocrx_word' id='word_1_46' title='bbox 1300 982 1396 1041; x_wconf 83' lang='lat' dir='ltr'><strong>vel</strong></span> <span class='ocrx_word' id='word_1_47' title='bbox 1426 985 1783 1042; x_wconf 70' lang='lat' dir='ltr'><strong>convictum.</strong></span> <span class='ocrx_word' id='word_1_48' title='bbox 1826 977 2203 1064; x_wconf 79' lang='lat' dir='ltr'><strong>(cardinalis</strong></span> <span class='ocrx_word' id='word_1_49' title='bbox 2238 978 2325 1044; x_wconf 88' lang='lat' dir='ltr'><strong>de</strong></span> <span class='ocrx_word' id='word_1_50' title='bbox 2364 981 2559 1059; x_wconf 81' lang='lat' dir='ltr'><strong>Luca,</strong></span> 
     </span>
     <span class='ocr_line' id='line_1_7' title="bbox 333 1091 2562 1181; baseline 0.002 -25"><span class='ocrx_word' id='word_1_51' title='bbox 333 1115 366 1155; x_wconf 80' lang='grc' dir='ltr'><strong>α</strong></span> <span class='ocrx_word' id='word_1_52' title='bbox 402 1097 476 1157; x_wconf 81' lang='lat' dir='ltr'><strong>de</strong></span> <span class='ocrx_word' id='word_1_53' title='bbox 521 1094 865 1173; x_wconf 77' lang='lat' dir='ltr'><strong>Beneficiis,</strong></span> <span class='ocrx_word' id='word_1_54' title='bbox 902 1092 1203 1160; x_wconf 80' lang='lat' dir='ltr'><strong>discursu</strong></span> <span class='ocrx_word' id='word_1_55' title='bbox 1243 1098 1351 1172; x_wconf 84' lang='lat'><strong>75,</strong></span> <span class='ocrx_word' id='word_1_56' title='bbox 1395 1112 1461 1157; x_wconf 92' lang='lat' dir='ltr'><strong>n.</strong></span> <span class='ocrx_word' id='word_1_57' title='bbox 1492 1091 1591 1176; x_wconf 83' lang='lat'><strong>4.)</strong></span> <span class='ocrx_word' id='word_1_58' title='bbox 1620 1094 1746 1173; x_wconf 88' lang='lat' dir='ltr'><strong>Qui</strong></span> <span class='ocrx_word' id='word_1_59' title='bbox 1780 1101 2000 1159; x_wconf 87' lang='lat' dir='ltr'><strong>tamen</strong></span> <span class='ocrx_word' id='word_1_60' title='bbox 2043 1092 2266 1159; x_wconf 86' lang='lat' dir='ltr'><strong>subdit</strong></span> <span class='ocrx_word' id='word_1_61' title='bbox 2302 1094 2562 1181; x_wconf 89' lang='lat' dir='ltr'><strong>(ibidem</strong></span> 
     </span>
     <span class='ocr_line' id='line_1_8' title="bbox 334 1206 2565 1294; baseline 0.004 -25"><span class='ocrx_word' id='word_1_62' title='bbox 334 1234 362 1268; x_wconf 76' lang='grc' dir='ltr'>ι</span> <span class='ocrx_word' id='word_1_63' title='bbox 402 1227 675 1274; x_wconf 85' lang='lat' dir='ltr'><strong>numero</strong></span> <span class='ocrx_word' id='word_1_64' title='bbox 710 1209 774 1292; x_wconf 89' lang='lat'><strong>8)</strong></span> <span class='ocrx_word' id='word_1_65' title='bbox 824 1206 1036 1293; x_wconf 89' lang='lat' dir='ltr'><strong>quod,</strong></span> <span class='ocrx_word' id='word_1_66' title='bbox 1074 1210 1233 1275; x_wconf 88' lang='lat' dir='ltr'><strong>licet</strong></span> <span class='ocrx_word' id='word_1_67' title='bbox 1274 1208 1360 1276; x_wconf 89' lang='lat' dir='ltr'><strong>de</strong></span> <span class='ocrx_word' id='word_1_68' title='bbox 1417 1210 1648 1275; x_wconf 87' lang='lat' dir='ltr'><strong>stricto</strong></span> <span class='ocrx_word' id='word_1_69' title='bbox 1696 1208 1879 1293; x_wconf 86' lang='lat' dir='ltr'><strong>jure,</strong></span> <span class='ocrx_word' id='word_1_70' title='bbox 1919 1211 2175 1294; x_wconf 87' lang='lat' dir='ltr'><strong>quoties</strong></span> <span class='ocrx_word' id='word_1_71' title='bbox 2222 1212 2437 1293; x_wconf 80' lang='lat' dir='ltr'><strong>agitur</strong></span> <span class='ocrx_word' id='word_1_72' title='bbox 2479 1211 2565 1279; x_wconf 88' lang='lat' dir='ltr'><strong>de</strong></span> 
     </span>
     <span class='ocr_line' id='line_1_9' title="bbox 334 1323 2567 1410; baseline 0.003 -25"><span class='ocrx_word' id='word_1_73' title='bbox 334 1346 365 1385; x_wconf 78' lang='grc' dir='ltr'><em>α</em></span> <span class='ocrx_word' id='word_1_74' title='bbox 399 1325 764 1407; x_wconf 75' lang='lat' dir='ltr'><strong>privatione</strong></span> <span class='ocrx_word' id='word_1_75' title='bbox 812 1323 1111 1390; x_wconf 86' lang='lat' dir='ltr'><strong>beneficii</strong></span> <span class='ocrx_word' id='word_1_76' title='bbox 1155 1325 1288 1410; x_wconf 78' lang='lat' dir='ltr'><strong>jam</strong></span> <span class='ocrx_word' id='word_1_77' title='bbox 1340 1324 1616 1402; x_wconf 87' lang='lat' dir='ltr'><strong>obtenti,</strong></span> <span class='ocrx_word' id='word_1_78' title='bbox 1660 1325 2036 1410; x_wconf 82' lang='lat' dir='ltr'><strong>requiratur</strong></span> <span class='ocrx_word' id='word_1_79' title='bbox 2075 1326 2263 1409; x_wconf 88' lang='lat' dir='ltr'><strong>plena</strong></span> <span class='ocrx_word' id='word_1_80' title='bbox 2305 1334 2376 1391; x_wconf 89' lang='lat' dir='ltr'><strong>et</strong></span> <span class='ocrx_word' id='word_1_81' title='bbox 2420 1345 2567 1392; x_wconf 90' lang='lat' dir='ltr'><strong>con-</strong></span> 
     </span>
     <span class='ocr_line' id='line_1_10' title="bbox 335 1438 2563 1525; baseline 0.003 -23"><span class='ocrx_word' id='word_1_82' title='bbox 335 1462 367 1501; x_wconf 78' lang='grc' dir='ltr'>α</span> <span class='ocrx_word' id='word_1_83' title='bbox 397 1438 674 1505; x_wconf 83' lang='lat' dir='ltr'><strong>cludens</strong></span> <span class='ocrx_word' id='word_1_84' title='bbox 711 1439 1034 1523; x_wconf 78' lang='lat' dir='ltr'><strong>probatio,</strong></span> <span class='ocrx_word' id='word_1_85' title='bbox 1072 1449 1142 1506; x_wconf 91' lang='lat' dir='ltr'><strong>et</strong></span> <span class='ocrx_word' id='word_1_86' title='bbox 1172 1460 1300 1507; x_wconf 89' lang='lat' dir='ltr'><strong>non</strong></span> <span class='ocrx_word' id='word_1_87' title='bbox 1342 1440 1614 1506; x_wconf 85' lang='lat' dir='ltr'><strong>sufficiat</strong></span> <span class='ocrx_word' id='word_1_88' title='bbox 1651 1442 1930 1525; x_wconf 77' lang='lat' dir='ltr'><strong>aliquem</strong></span> <span class='ocrx_word' id='word_1_89' title='bbox 1975 1459 2115 1508; x_wconf 91' lang='lat' dir='ltr'><strong>esse</strong></span> <span class='ocrx_word' id='word_1_90' title='bbox 2161 1440 2563 1509; x_wconf 80' lang='lat' dir='ltr'><strong>diffamatum</strong></span> 
     </span>
     <span class='ocr_line' id='line_1_11' title="bbox 333 1553 2567 1642; baseline 0.004 -27"><span class='ocrx_word' id='word_1_91' title='bbox 333 1577 366 1615; x_wconf 74' lang='grc' dir='ltr'>α</span> <span class='ocrx_word' id='word_1_92' title='bbox 403 1556 574 1642; x_wconf 89' lang='lat' dir='ltr'><strong>(cum</strong></span> <span class='ocrx_word' id='word_1_93' title='bbox 615 1553 683 1619; x_wconf 89' lang='lat' dir='ltr'><strong>id</strong></span> <span class='ocrx_word' id='word_1_94' title='bbox 731 1554 941 1621; x_wconf 90' lang='lat' dir='ltr'><strong>solum</strong></span> <span class='ocrx_word' id='word_1_95' title='bbox 994 1555 1379 1622; x_wconf 86' lang='lat' dir='ltr'><strong>attendatur</strong></span> <span class='ocrx_word' id='word_1_96' title='bbox 1430 1557 1602 1622; x_wconf 88' lang='lat' dir='ltr'><strong>circa</strong></span> <span class='ocrx_word' id='word_1_97' title='bbox 1655 1556 2209 1625; x_wconf 84' lang='lat' dir='ltr'><strong>inhabilitatem...</strong></span> <span class='ocrx_word' id='word_1_98' title='bbox 2262 1556 2347 1624; x_wconf 91' lang='lat' dir='ltr'><strong>ad</strong></span> <span class='ocrx_word' id='word_1_99' title='bbox 2393 1578 2567 1625; x_wconf 88' lang='lat' dir='ltr'><strong>asse-</strong></span> 
     </span>
     <span class='ocr_line' id='line_1_12' title="bbox 331 1668 2564 1758; baseline 0.004 -28"><span class='ocrx_word' id='word_1_100' title='bbox 331 1691 364 1730; x_wconf 78' lang='lat'>«</span> <span class='ocrx_word' id='word_1_101' title='bbox 400 1668 795 1754; x_wconf 86' lang='lat' dir='ltr'><strong>quendum);</strong></span> <span class='ocrx_word' id='word_1_102' title='bbox 851 1679 1300 1737; x_wconf 78' lang='lat' dir='ltr'><strong>verumtamen</strong></span> <span class='ocrx_word' id='word_1_103' title='bbox 1358 1670 1713 1736; x_wconf 80' lang='lat' dir='ltr'><strong>vehemens</strong></span> <span class='ocrx_word' id='word_1_104' title='bbox 1774 1669 2127 1738; x_wconf 78' lang='lat' dir='ltr'><strong>diffamatio</strong></span> <span class='ocrx_word' id='word_1_105' title='bbox 2153 1721 2168 1748; x_wconf 86' lang='lat'>‚</span> <span class='ocrx_word' id='word_1_106' title='bbox 2230 1673 2317 1739; x_wconf 94' lang='lat' dir='ltr'><strong>ob</strong></span> <span class='ocrx_word' id='word_1_107' title='bbox 2370 1693 2564 1758; x_wconf 89' lang='lat' dir='ltr'><strong>quam</strong></span> 
     </span>
     <span class='ocr_line' id='line_1_13' title="bbox 331 1783 2565 1873; baseline 0.002 -25"><span class='ocrx_word' id='word_1_108' title='bbox 331 1809 365 1846; x_wconf 72' lang='grc' dir='ltr'>ι</span> <span class='ocrx_word' id='word_1_109' title='bbox 396 1785 573 1868; x_wconf 88' lang='lat' dir='ltr'><strong>apud</strong></span> <span class='ocrx_word' id='word_1_110' title='bbox 603 1787 921 1870; x_wconf 90' lang='lat' dir='ltr'><strong>populum</strong></span> <span class='ocrx_word' id='word_1_111' title='bbox 951 1787 1079 1851; x_wconf 88' lang='lat' dir='ltr'><strong>tale</strong></span> <span class='ocrx_word' id='word_1_112' title='bbox 1126 1783 1446 1850; x_wconf 89' lang='lat' dir='ltr'><strong>delictum</strong></span> <span class='ocrx_word' id='word_1_113' title='bbox 1481 1785 1766 1851; x_wconf 89' lang='lat' dir='ltr'><strong>habetur</strong></span> <span class='ocrx_word' id='word_1_114' title='bbox 1794 1803 1916 1869; x_wconf 85' lang='lat' dir='ltr'><strong>pro</strong></span> <span class='ocrx_word' id='word_1_115' title='bbox 1947 1792 2134 1852; x_wconf 87' lang='lat' dir='ltr'><strong>certo</strong></span> <span class='ocrx_word' id='word_1_116' title='bbox 2167 1788 2278 1873; x_wconf 89' lang='lat' dir='ltr'><strong>(ut</strong></span> <span class='ocrx_word' id='word_1_117' title='bbox 2316 1790 2565 1853; x_wconf 87' lang='lat' dir='ltr'><strong>contin-</strong></span> 
     </span>
     <span class='ocr_line' id='line_1_14' title="bbox 330 1899 2564 1986; baseline 0.004 -24"><span class='ocrx_word' id='word_1_118' title='bbox 330 1923 363 1962; x_wconf 73' lang='lat'>«</span> <span class='ocrx_word' id='word_1_119' title='bbox 397 1902 493 1985; x_wconf 80' lang='lat' dir='ltr'><strong>git</strong></span> <span class='ocrx_word' id='word_1_120' title='bbox 547 1900 810 1986; x_wconf 89' lang='lat' dir='ltr'><strong>quaudo</strong></span> <span class='ocrx_word' id='word_1_121' title='bbox 853 1900 1093 1967; x_wconf 82' lang='lat' dir='ltr'><strong>adsunt</strong></span> <span class='ocrx_word' id='word_1_122' title='bbox 1153 1899 1389 1967; x_wconf 89' lang='lat' dir='ltr'><strong>indicia</strong></span> <span class='ocrx_word' id='word_1_123' title='bbox 1432 1899 1820 1984; x_wconf 85' lang='lat' dir='ltr'><strong>indubitata)</strong></span> <span class='ocrx_word' id='word_1_124' title='bbox 1870 1901 2062 1967; x_wconf 85' lang='lat' dir='ltr'><strong>facile</strong></span> <span class='ocrx_word' id='word_1_125' title='bbox 2126 1912 2442 1986; x_wconf 87' lang='lat' dir='ltr'><strong>operatur</strong></span> <span class='ocrx_word' id='word_1_126' title='bbox 2487 1912 2564 1970; x_wconf 90' lang='lat' dir='ltr'><strong>ut</strong></span> 
     </span>
     <span class='ocr_line' id='line_1_15' title="bbox 331 2015 2564 2102; baseline 0.003 -25"><span class='ocrx_word' id='word_1_127' title='bbox 331 2040 363 2077; x_wconf 77' lang='grc' dir='ltr'><strong>α</strong></span> <span class='ocrx_word' id='word_1_128' title='bbox 395 2015 732 2099; x_wconf 85' lang='lat' dir='ltr'><strong>judices...</strong></span> <span class='ocrx_word' id='word_1_129' title='bbox 776 2037 905 2083; x_wconf 90' lang='lat' dir='ltr'><strong>non</strong></span> <span class='ocrx_word' id='word_1_130' title='bbox 954 2016 1476 2099; x_wconf 85' lang='lat' dir='ltr'><strong>improbabiliter</strong></span> <span class='ocrx_word' id='word_1_131' title='bbox 1531 2015 1808 2081; x_wconf 87' lang='lat' dir='ltr'><strong>dilatent</strong></span> <span class='ocrx_word' id='word_1_132' title='bbox 1844 2016 2186 2081; x_wconf 85' lang='lat' dir='ltr'><strong>arbitrium</strong></span> <span class='ocrx_word' id='word_1_133' title='bbox 2205 2066 2221 2094; x_wconf 90' lang='lat'>‚</span> <span class='ocrx_word' id='word_1_134' title='bbox 2274 2026 2346 2082; x_wconf 91' lang='lat' dir='ltr'><strong>et</strong></span> <span class='ocrx_word' id='word_1_135' title='bbox 2393 2020 2564 2102; x_wconf 87' lang='lat' dir='ltr'><strong>rigo-</strong></span> 
     </span>
     <span class='ocr_line' id='line_1_16' title="bbox 330 2130 2564 2217; baseline 0.001 -23"><span class='ocrx_word' id='word_1_136' title='bbox 330 2155 363 2194; x_wconf 73' lang='lat'>«</span> <span class='ocrx_word' id='word_1_137' title='bbox 397 2152 580 2199; x_wconf 88' lang='lat' dir='ltr'><strong>rosos</strong></span> <span class='ocrx_word' id='word_1_138' title='bbox 621 2132 782 2217; x_wconf 87' lang='lat' dir='ltr'><strong>juris</strong></span> <span class='ocrx_word' id='word_1_139' title='bbox 819 2132 1140 2198; x_wconf 82' lang='lat' dir='ltr'><strong>cancellos</strong></span> <span class='ocrx_word' id='word_1_140' title='bbox 1184 2130 1686 2214; x_wconf 83' lang='lat' dir='ltr'><strong>transcendant3</strong></span> <span class='ocrx_word' id='word_1_141' title='bbox 1739 2131 2143 2212; x_wconf 87' lang='lat' dir='ltr'><strong>potissimum</strong></span> <span class='ocrx_word' id='word_1_142' title='bbox 2188 2131 2302 2195; x_wconf 90' lang='lat' dir='ltr'><strong>ubi</strong></span> <span class='ocrx_word' id='word_1_143' title='bbox 2348 2133 2564 2214; x_wconf 80' lang='lat' dir='ltr'><strong>agitur</strong></span> 
     </span>
     <span class='ocr_line' id='line_1_17' title="bbox 331 2242 2562 2330; baseline 0.001 -22"><span class='ocrx_word' id='word_1_144' title='bbox 331 2271 363 2308; x_wconf 72' lang='grc' dir='ltr'><em>α</em></span> <span class='ocrx_word' id='word_1_145' title='bbox 398 2246 485 2313; x_wconf 85' lang='lat' dir='ltr'><strong>de</strong></span> <span class='ocrx_word' id='word_1_146' title='bbox 531 2247 790 2313; x_wconf 81' lang='lat' dir='ltr'><strong>delictis</strong></span> <span class='ocrx_word' id='word_1_147' title='bbox 826 2246 993 2313; x_wconf 88' lang='lat' dir='ltr'><strong>adeo</strong></span> <span class='ocrx_word' id='word_1_148' title='bbox 1039 2242 1428 2311; x_wconf 82' lang='lat' dir='ltr'><strong>scandalosis</strong></span> <span class='ocrx_word' id='word_1_149' title='bbox 1462 2245 1616 2330; x_wconf 69' lang='lat' dir='ltr'><strong>(aqit</strong></span> <span class='ocrx_word' id='word_1_150' title='bbox 1661 2248 1746 2307; x_wconf 82' lang='lat' dir='ltr'><strong>ibi</strong></span> <span class='ocrx_word' id='word_1_151' title='bbox 1794 2247 1869 2307; x_wconf 82' lang='lat' dir='ltr'><strong>de</strong></span> <span class='ocrx_word' id='word_1_152' title='bbox 1902 2246 2298 2321; x_wconf 75' lang='lat' dir='ltr'><strong>defloratione</strong></span> <span class='ocrx_word' id='word_1_153' title='bbox 2329 2255 2562 2311; x_wconf 76' lang='lat' dir='ltr'><strong>monia-</strong></span> 
     </span>
     <span class='ocr_line' id='line_1_18' title="bbox 242 2356 2561 2447; baseline -0.002 -15"><span class='ocrx_word' id='word_1_154' title='bbox 242 2426 253 2432; x_wconf 81' lang='lat'><strong>-</strong></span> <span class='ocrx_word' id='word_1_155' title='bbox 331 2385 364 2425; x_wconf 72' lang='grc' dir='ltr'>ι</span> <span class='ocrx_word' id='word_1_156' title='bbox 400 2362 526 2447; x_wconf 81' lang='lat' dir='ltr'><strong>lis),</strong></span> <span class='ocrx_word' id='word_1_157' title='bbox 550 2364 687 2429; x_wconf 85' lang='lat' dir='ltr'><strong>sive</strong></span> <span class='ocrx_word' id='word_1_158' title='bbox 732 2363 846 2429; x_wconf 91' lang='lat' dir='ltr'><strong>ubi</strong></span> <span class='ocrx_word' id='word_1_159' title='bbox 886 2365 1134 2427; x_wconf 88' lang='lat' dir='ltr'><strong>intrant</strong></span> <span class='ocrx_word' id='word_1_160' title='bbox 1173 2360 1298 2425; x_wconf 86' lang='lat' dir='ltr'><strong>alia</strong></span> <span class='ocrx_word' id='word_1_161' title='bbox 1333 2360 1576 2425; x_wconf 83' lang='lat' dir='ltr'><strong>motiva</strong></span> <span class='ocrx_word' id='word_1_162' title='bbox 1609 2356 2061 2443; x_wconf 90' lang='lat' dir='ltr'><strong>prudentialia.</strong></span> <span class='ocrx_word' id='word_1_163' title='bbox 2092 2360 2327 2425; x_wconf 85' lang='lat' dir='ltr'><strong>Similia</strong></span> <span class='ocrx_word' id='word_1_164' title='bbox 2361 2360 2561 2427; x_wconf 89' lang='lat' dir='ltr'><strong>habet</strong></span> 
     </span>
     <span class='ocr_line' id='line_1_19' title="bbox 331 2474 2560 2563; baseline 0.002 -22"><span class='ocrx_word' id='word_1_165' title='bbox 331 2502 363 2541; x_wconf 74' lang='grc' dir='ltr'><strong>α</strong></span> <span class='ocrx_word' id='word_1_166' title='bbox 401 2479 697 2546; x_wconf 84' lang='lat' dir='ltr'><strong>discursu</strong></span> <span class='ocrx_word' id='word_1_167' title='bbox 749 2482 857 2559; x_wconf 83' lang='lat'><strong>76,</strong></span> <span class='ocrx_word' id='word_1_168' title='bbox 902 2499 968 2544; x_wconf 93' lang='lat' dir='ltr'><strong>n.</strong></span> <span class='ocrx_word' id='word_1_169' title='bbox 1014 2481 1130 2561; x_wconf 77' lang='lat'><strong>113</strong></span> <span class='ocrx_word' id='word_1_170' title='bbox 1176 2476 1289 2543; x_wconf 92' lang='lat' dir='ltr'><strong>ubi</strong></span> <span class='ocrx_word' id='word_1_171' title='bbox 1334 2475 1513 2563; x_wconf 92' lang='lat' dir='ltr'><strong>quod</strong></span> <span class='ocrx_word' id='word_1_172' title='bbox 1553 2474 1640 2542; x_wconf 87' lang='lat' dir='ltr'><strong>ad</strong></span> <span class='ocrx_word' id='word_1_173' title='bbox 1684 2475 2153 2543; x_wconf 88' lang='lat' dir='ltr'><strong>consulendum</strong></span> <span class='ocrx_word' id='word_1_174' title='bbox 2189 2475 2450 2544; x_wconf 89' lang='lat' dir='ltr'><strong>delictis</strong></span> <span class='ocrx_word' id='word_1_175' title='bbox 2490 2489 2560 2546; x_wconf 90' lang='lat' dir='ltr'><strong>et</strong></span> 
     </span>
     <span class='ocr_line' id='line_1_20' title="bbox 332 2590 2558 2680; baseline 0 -21"><span class='ocrx_word' id='word_1_176' title='bbox 332 2618 364 2659; x_wconf 74' lang='grc' dir='ltr'><strong>α</strong></span> <span class='ocrx_word' id='word_1_177' title='bbox 397 2596 735 2673; x_wconf 82' lang='lat' dir='ltr'><strong>scandalis,</strong></span> <span class='ocrx_word' id='word_1_178' title='bbox 772 2596 973 2660; x_wconf 82' lang='lat' dir='ltr'><strong>intret</strong></span> <span class='ocrx_word' id='word_1_179' title='bbox 1002 2596 1279 2659; x_wconf 78' lang='lat' dir='ltr'><strong>maxima</strong></span> <span class='ocrx_word' id='word_1_180' title='bbox 1322 2595 1409 2680; x_wconf 82' lang='lat' dir='ltr'><strong>(la</strong></span> <span class='ocrx_word' id='word_1_181' title='bbox 1452 2590 1766 2675; x_wconf 74' lang='lat' dir='ltr'><strong>maxime),</strong></span> <span class='ocrx_word' id='word_1_182' title='bbox 1808 2596 1955 2657; x_wconf 80' lang='lat' dir='ltr'><strong>ordo</strong></span> <span class='ocrx_word' id='word_1_183' title='bbox 2000 2601 2088 2655; x_wconf 82' lang='lat' dir='ltr'><strong>est</strong></span> <span class='ocrx_word' id='word_1_184' title='bbox 2125 2597 2395 2657; x_wconf 76' lang='lat' dir='ltr'><strong>ordinem</strong></span> <span class='ocrx_word' id='word_1_185' title='bbox 2438 2616 2558 2659; x_wconf 77' lang='lat' dir='ltr'><strong>non</strong></span> 
     </span>
     <span class='ocr_line' id='line_1_21' title="bbox 330 2705 2558 2794; baseline 0 -19"><span class='ocrx_word' id='word_1_186' title='bbox 330 2736 360 2775; x_wconf 73' lang='lat' dir='ltr'><strong>a</strong></span> <span class='ocrx_word' id='word_1_187' title='bbox 397 2733 637 2777; x_wconf 73' lang='lat' dir='ltr'><strong>servare</strong></span> <span class='ocrx_word' id='word_1_188' title='bbox 677 2734 698 2774; x_wconf 93' lang='lat'><strong>.·</strong></span> <span class='ocrx_word' id='word_1_189' title='bbox 752 2709 1033 2794; x_wconf 89' lang='lat' dir='ltr'><strong>ideoque</strong></span> <span class='ocrx_word' id='word_1_190' title='bbox 1092 2710 1467 2776; x_wconf 83' lang='lat' dir='ltr'><strong>exorbitans</strong></span> <span class='ocrx_word' id='word_1_191' title='bbox 1529 2709 1705 2792; x_wconf 83' lang='lat' dir='ltr'><strong>rigor</strong></span> <span class='ocrx_word' id='word_1_192' title='bbox 1755 2705 2128 2791; x_wconf 87' lang='lat' dir='ltr'><strong>adhibetur,</strong></span> <span class='ocrx_word' id='word_1_193' title='bbox 2181 2708 2249 2773; x_wconf 89' lang='lat' dir='ltr'><strong>in</strong></span> <span class='ocrx_word' id='word_1_194' title='bbox 2307 2711 2558 2793; x_wconf 82' lang='lat' dir='ltr'><strong>magnis</strong></span> 
     </span>
     <span class='ocr_line' id='line_1_22' title="bbox 329 2824 2554 2913; baseline 0.001 -24"><span class='ocrx_word' id='word_1_195' title='bbox 329 2851 362 2889; x_wconf 73' lang='grc' dir='ltr'><strong>α</strong></span> <span class='ocrx_word' id='word_1_196' title='bbox 399 2830 761 2913; x_wconf 83' lang='lat' dir='ltr'><strong>praesertim</strong></span> <span class='ocrx_word' id='word_1_197' title='bbox 801 2826 1257 2904; x_wconf 88' lang='lat' dir='ltr'><strong>tribunalibus,</strong></span> <span class='ocrx_word' id='word_1_198' title='bbox 1302 2833 1611 2910; x_wconf 86' lang='lat' dir='ltr'><strong>tanquam</strong></span> <span class='ocrx_word' id='word_1_199' title='bbox 1648 2826 1714 2887; x_wconf 89' lang='lat' dir='ltr'><strong>in</strong></span> <span class='ocrx_word' id='word_1_200' title='bbox 1751 2843 1902 2889; x_wconf 89' lang='lat' dir='ltr'><strong>casu</strong></span> <span class='ocrx_word' id='word_1_201' title='bbox 1965 2825 2346 2908; x_wconf 86' lang='lat' dir='ltr'><strong>exemplari,</strong></span> <span class='ocrx_word' id='word_1_202' title='bbox 2387 2824 2554 2908; x_wconf 83' lang='lat' dir='ltr'><strong>juris</strong></span> 
     </span>
     <span class='ocr_line' id='line_1_23' title="bbox 330 2936 2553 3026; baseline -0 -20"><span class='ocrx_word' id='word_1_203' title='bbox 330 2967 361 3006; x_wconf 77' lang='grc' dir='ltr'>α</span> <span class='ocrx_word' id='word_1_204' title='bbox 396 2944 722 3009; x_wconf 82' lang='lat' dir='ltr'><strong>caucellos</strong></span> <span class='ocrx_word' id='word_1_205' title='bbox 770 2942 1141 3026; x_wconf 85' lang='lat' dir='ltr'><strong>aliqualiter</strong></span> <span class='ocrx_word' id='word_1_206' title='bbox 1195 2936 1798 3005; x_wconf 78' lang='lat' dir='ltr'><strong>transcendendo.»</strong></span> <span class='ocrx_word' id='word_1_207' title='bbox 1863 2940 2272 3024; x_wconf 86' lang='lat' dir='ltr'><strong>(Leurenius,</strong></span> <span class='ocrx_word' id='word_1_208' title='bbox 2336 2946 2553 3006; x_wconf 83' lang='lat' dir='ltr'><strong>For-um</strong></span> 
     </span>
     <span class='ocr_line' id='line_1_24' title="bbox 324 3049 1627 3137; baseline -0.005 -17"><span class='ocrx_word' id='word_1_209' title='bbox 324 3057 686 3135; x_wconf 71' lang='lat' dir='ltr'><strong>beneficiate,</strong></span> <span class='ocrx_word' id='word_1_210' title='bbox 720 3062 908 3137; x_wconf 88' lang='lat' dir='ltr'><strong>parte</strong></span> <span class='ocrx_word' id='word_1_211' title='bbox 946 3056 1011 3128; x_wconf 85' lang='lat'><strong>3,</strong></span> <span class='ocrx_word' id='word_1_212' title='bbox 1046 3052 1398 3136; x_wconf 80' lang='lat' dir='ltr'><strong>quoestione</strong></span> <span class='ocrx_word' id='word_1_213' title='bbox 1446 3049 1627 3133; x_wconf 79' lang='lat'><strong>172.)</strong></span> 
     </span>
    </p>

    <p class='ocr_par' dir='ltr' id='par_1_3' title="bbox 316 3170 2553 4519">
     <span class='ocr_line' id='line_1_25' title="bbox 409 3170 2553 3249; baseline -0.002 -10"><span class='ocrx_word' id='word_1_214' title='bbox 409 3173 690 3239; x_wconf 63' lang='lat' dir='ltr'><strong>limum</strong></span> <span class='ocrx_word' id='word_1_215' title='bbox 725 3172 861 3236; x_wconf 87' lang='lat' dir='ltr'><strong>Iv·.</strong></span> <span class='ocrx_word' id='word_1_216' title='bbox 893 3206 982 3219; x_wconf 93' lang='lat'><em>-</em></span> <span class='ocrx_word' id='word_1_217' title='bbox 1019 3171 1273 3249; x_wconf 62' lang='lat' dir='ltr'><strong>Quando</strong></span> <span class='ocrx_word' id='word_1_218' title='bbox 1301 3173 1580 3249; x_wconf 79' lang='lat' dir='ltr'><strong>privatio</strong></span> <span class='ocrx_word' id='word_1_219' title='bbox 1598 3173 1727 3247; x_wconf 78' lang='lat' dir='ltr'><strong>ipso</strong></span> <span class='ocrx_word' id='word_1_220' title='bbox 1745 3172 1895 3247; x_wconf 75' lang='lat' dir='ltr'><strong>jure</strong></span> <span class='ocrx_word' id='word_1_221' title='bbox 1925 3170 2285 3247; x_wconf 74' lang='lat' dir='ltr'><strong>incurritur,</strong></span> <span class='ocrx_word' id='word_1_222' title='bbox 2316 3177 2375 3233; x_wconf 80' lang='lat' dir='ltr'><strong>et</strong></span> <span class='ocrx_word' id='word_1_223' title='bbox 2398 3174 2553 3235; x_wconf 84' lang='lat' dir='ltr'><strong>deli-</strong></span> 
     </span>
     <span class='ocr_line' id='line_1_26' title="bbox 320 3283 2548 3364; baseline -0 -14"><span class='ocrx_word' id='word_1_224' title='bbox 320 3296 478 3352; x_wconf 74' lang='lat' dir='ltr'><strong>ctum</strong></span> <span class='ocrx_word' id='word_1_225' title='bbox 534 3295 623 3351; x_wconf 74' lang='lat' dir='ltr'><strong>est</strong></span> <span class='ocrx_word' id='word_1_226' title='bbox 658 3292 981 3364; x_wconf 71' lang='lat' dir='ltr'><strong>notorium,</strong></span> <span class='ocrx_word' id='word_1_227' title='bbox 1024 3287 1196 3348; x_wconf 76' lang='lat' dir='ltr'><strong>nulla</strong></span> <span class='ocrx_word' id='word_1_228' title='bbox 1232 3302 1383 3361; x_wconf 77' lang='lat' dir='ltr'><strong>opus</strong></span> <span class='ocrx_word' id='word_1_229' title='bbox 1410 3289 1500 3344; x_wconf 78' lang='lat' dir='ltr'><strong>esi</strong></span> <span class='ocrx_word' id='word_1_230' title='bbox 1545 3285 1877 3358; x_wconf 73' lang='lat' dir='ltr'><strong>sententia;</strong></span> <span class='ocrx_word' id='word_1_231' title='bbox 1901 3283 2007 3344; x_wconf 74' lang='lat' dir='ltr'><strong>sed</strong></span> <span class='ocrx_word' id='word_1_232' title='bbox 2031 3285 2114 3343; x_wconf 80' lang='lat' dir='ltr'><strong>ael</strong></span> <span class='ocrx_word' id='word_1_233' title='bbox 2143 3290 2548 3349; x_wconf 78' lang='lat' dir='ltr'><strong>executionem</strong></span> 
     </span>
     <span class='ocr_line' id='line_1_27' title="bbox 316 3394 2552 3484; baseline -0 -18"><span class='ocrx_word' id='word_1_234' title='bbox 316 3407 683 3484; x_wconf 68' lang='lat' dir='ltr'><strong>privationis</strong></span> <span class='ocrx_word' id='word_1_235' title='bbox 714 3404 1058 3463; x_wconf 74' lang='lat' dir='ltr'><strong>immediate</strong></span> <span class='ocrx_word' id='word_1_236' title='bbox 1084 3400 1361 3461; x_wconf 78' lang='lat' dir='ltr'><strong>deveniri</strong></span> <span class='ocrx_word' id='word_1_237' title='bbox 1372 3403 1597 3478; x_wconf 72' lang='lat' dir='ltr'><strong>potest.</strong></span> <span class='ocrx_word' id='word_1_238' title='bbox 1627 3429 1716 3441; x_wconf 92' lang='lat'>—</span> <span class='ocrx_word' id='word_1_239' title='bbox 1733 3395 1914 3459; x_wconf 87' lang='lat' dir='ltr'><strong>Tunc</strong></span> <span class='ocrx_word' id='word_1_240' title='bbox 1947 3394 2192 3459; x_wconf 85' lang='lat' dir='ltr'><strong>scilicet</strong></span> <span class='ocrx_word' id='word_1_241' title='bbox 2221 3414 2349 3463; x_wconf 85' lang='lat' dir='ltr'><strong>non</strong></span> <span class='ocrx_word' id='word_1_242' title='bbox 2387 3416 2552 3481; x_wconf 89' lang='lat' dir='ltr'><strong>opus</strong></span> 
     </span>
     <span class='ocr_line' id='line_1_28' title="bbox 321 3508 2551 3601; baseline -0.002 -18"><span class='ocrx_word' id='word_1_243' title='bbox 321 3527 441 3597; x_wconf 81' lang='lat' dir='ltr'><strong>est,</strong></span> <span class='ocrx_word' id='word_1_244' title='bbox 475 3526 551 3583; x_wconf 91' lang='lat' dir='ltr'><strong>ut</strong></span> <span class='ocrx_word' id='word_1_245' title='bbox 575 3516 783 3601; x_wconf 84' lang='lat' dir='ltr'><strong>judex</strong></span> <span class='ocrx_word' id='word_1_246' title='bbox 806 3536 923 3597; x_wconf 81' lang='lat' dir='ltr'><strong>per</strong></span> <span class='ocrx_word' id='word_1_247' title='bbox 958 3520 1320 3578; x_wconf 79' lang='lat' dir='ltr'><strong>sententiam</strong></span> <span class='ocrx_word' id='word_1_248' title='bbox 1351 3518 1551 3594; x_wconf 62' lang='grc' dir='ltr'><strong>μήνεί</strong></span> <span class='ocrx_word' id='word_1_249' title='bbox 1581 3508 1921 3587; x_wconf 85' lang='lat' dir='ltr'><strong>benefici0‚</strong></span> <span class='ocrx_word' id='word_1_250' title='bbox 1961 3529 2110 3575; x_wconf 90' lang='lat' dir='ltr'><strong>cum</strong></span> <span class='ocrx_word' id='word_1_251' title='bbox 2144 3528 2297 3577; x_wconf 88' lang='lat' dir='ltr'><strong>reus</strong></span> <span class='ocrx_word' id='word_1_252' title='bbox 2320 3512 2452 3597; x_wconf 88' lang='lat' dir='ltr'><strong>jam</strong></span> <span class='ocrx_word' id='word_1_253' title='bbox 2485 3517 2551 3580; x_wconf 81' lang='lat' dir='ltr'><strong>vi</strong></span> 
     </span>
     <span class='ocr_line' id='line_1_29' title="bbox 322 3626 2549 3716; baseline -0 -20"><span class='ocrx_word' id='word_1_254' title='bbox 322 3634 520 3716; x_wconf 79' lang='lat' dir='ltr'><strong>ipsius</strong></span> <span class='ocrx_word' id='word_1_255' title='bbox 566 3633 730 3716; x_wconf 82' lang='lat' dir='ltr'><strong>logis</strong></span> <span class='ocrx_word' id='word_1_256' title='bbox 759 3630 1084 3699; x_wconf 82' lang='lat' dir='ltr'><strong>beneflcio</strong></span> <span class='ocrx_word' id='word_1_257' title='bbox 1112 3648 1230 3695; x_wconf 89' lang='lat' dir='ltr'><strong>suo</strong></span> <span class='ocrx_word' id='word_1_258' title='bbox 1260 3630 1555 3712; x_wconf 83' lang='lat' dir='ltr'><strong>privatus</strong></span> <span class='ocrx_word' id='word_1_259' title='bbox 1592 3627 1827 3692; x_wconf 79' lang='lat' dir='ltr'><strong>existat</strong></span> <span class='ocrx_word' id='word_1_260' title='bbox 1877 3650 1891 3692; x_wconf 73' lang='grc' dir='ltr'>ε</span> <span class='ocrx_word' id='word_1_261' title='bbox 1945 3626 2060 3692; x_wconf 87' lang='lat' dir='ltr'><strong>sed</strong></span> <span class='ocrx_word' id='word_1_262' title='bbox 2097 3646 2220 3691; x_wconf 89' lang='lat' dir='ltr'><strong>nec</strong></span> <span class='ocrx_word' id='word_1_263' title='bbox 2251 3646 2416 3711; x_wconf 89' lang='lat' dir='ltr'><strong>opus</strong></span> <span class='ocrx_word' id='word_1_264' title='bbox 2448 3638 2549 3695; x_wconf 90' lang='lat' dir='ltr'><strong>est</strong></span> 
     </span>
     <span class='ocr_line' id='line_1_30' title="bbox 321 3739 2548 3828; baseline -0.001 -16"><span class='ocrx_word' id='word_1_265' title='bbox 321 3754 618 3812; x_wconf 69' lang='lat' dir='ltr'><strong>sententia</strong></span> <span class='ocrx_word' id='word_1_266' title='bbox 639 3751 1073 3824; x_wconf 52' lang='lat' dir='ltr'><strong>declarator-im</strong></span> <span class='ocrx_word' id='word_1_267' title='bbox 1099 3764 1225 3828; x_wconf 89' lang='lat' dir='ltr'><strong>qua</strong></span> <span class='ocrx_word' id='word_1_268' title='bbox 1241 3761 1478 3826; x_wconf 89' lang='lat' dir='ltr'><strong>nempe</strong></span> <span class='ocrx_word' id='word_1_269' title='bbox 1494 3740 1698 3825; x_wconf 82' lang='lat' dir='ltr'><strong>judex</strong></span> <span class='ocrx_word' id='word_1_270' title='bbox 1715 3739 2011 3807; x_wconf 78' lang='lat' dir='ltr'><strong>declaret</strong></span> <span class='ocrx_word' id='word_1_271' title='bbox 2029 3762 2064 3805; x_wconf 86' lang='lat' dir='ltr'><strong>a</strong></span> <span class='ocrx_word' id='word_1_272' title='bbox 2089 3761 2206 3807; x_wconf 87' lang='lat' dir='ltr'><strong>reo</strong></span> <span class='ocrx_word' id='word_1_273' title='bbox 2223 3750 2548 3825; x_wconf 86' lang='lat' dir='ltr'><strong>patratum</strong></span> 
     </span>
     <span class='ocr_line' id='line_1_31' title="bbox 321 3856 2550 3941; baseline -0.002 -12"><span class='ocrx_word' id='word_1_274' title='bbox 321 3881 551 3929; x_wconf 81' lang='lat' dir='ltr'><strong>revera</strong></span> <span class='ocrx_word' id='word_1_275' title='bbox 579 3861 779 3926; x_wconf 81' lang='lat' dir='ltr'><strong>fuisse</strong></span> <span class='ocrx_word' id='word_1_276' title='bbox 807 3860 938 3926; x_wconf 86' lang='lat' dir='ltr'><strong>tale</strong></span> <span class='ocrx_word' id='word_1_277' title='bbox 971 3858 1308 3933; x_wconf 83' lang='lat' dir='ltr'><strong>delictum,</strong></span> <span class='ocrx_word' id='word_1_278' title='bbox 1342 3876 1419 3923; x_wconf 88' lang='lat' dir='ltr'><strong>ac</strong></span> <span class='ocrx_word' id='word_1_279' title='bbox 1456 3862 1937 3941; x_wconf 85' lang='lat' dir='ltr'><strong>consequenter</strong></span> <span class='ocrx_word' id='word_1_280' title='bbox 1983 3856 2194 3938; x_wconf 84' lang='lat' dir='ltr'><strong>ipsum</strong></span> <span class='ocrx_word' id='word_1_281' title='bbox 2240 3858 2550 3939; x_wconf 82' lang='lat' dir='ltr'><strong>privatio-</strong></span> 
     </span>
     <span class='ocr_line' id='line_1_32' title="bbox 320 3971 2548 4059; baseline -0.002 -15"><span class='ocrx_word' id='word_1_282' title='bbox 320 3997 469 4046; x_wconf 82' lang='lat' dir='ltr'><strong>nem</strong></span> <span class='ocrx_word' id='word_1_283' title='bbox 502 3978 852 4042; x_wconf 83' lang='lat' dir='ltr'><strong>incurrisse</strong></span> <span class='ocrx_word' id='word_1_284' title='bbox 896 3998 910 4040; x_wconf 75' lang='grc' dir='ltr'>ε</span> <span class='ocrx_word' id='word_1_285' title='bbox 947 3972 1266 4059; x_wconf 88' lang='lat' dir='ltr'><strong>siquidem</strong></span> <span class='ocrx_word' id='word_1_286' title='bbox 1314 3992 1395 4037; x_wconf 83' lang='lat' dir='ltr'><strong>ex</strong></span> <span class='ocrx_word' id='word_1_287' title='bbox 1450 3971 1798 4055; x_wconf 76' lang='lat' dir='ltr'><strong>hypothesi</strong></span> <span class='ocrx_word' id='word_1_288' title='bbox 1842 3977 2144 4034; x_wconf 78' lang='lat' dir='ltr'><strong>notorium</strong></span> <span class='ocrx_word' id='word_1_289' title='bbox 2202 3978 2304 4036; x_wconf 87' lang='lat' dir='ltr'><strong>est</strong></span> <span class='ocrx_word' id='word_1_290' title='bbox 2357 3991 2395 4037; x_wconf 98' lang='lat' dir='ltr'><strong>a</strong></span> <span class='ocrx_word' id='word_1_291' title='bbox 2431 3992 2548 4040; x_wconf 89' lang='lat' dir='ltr'><strong>reo</strong></span> 
     </span>
     <span class='ocr_line' id='line_1_33' title="bbox 321 4081 2549 4175; baseline -0.001 -19"><span class='ocrx_word' id='word_1_292' title='bbox 321 4090 640 4175; x_wconf 71' lang='lat' dir='ltr'><strong>eiusmodi</strong></span> <span class='ocrx_word' id='word_1_293' title='bbox 666 4090 980 4157; x_wconf 86' lang='lat' dir='ltr'><strong>delictum</strong></span> <span class='ocrx_word' id='word_1_294' title='bbox 1011 4088 1210 4154; x_wconf 82' lang='lat' dir='ltr'><strong>fuisse</strong></span> <span class='ocrx_word' id='word_1_295' title='bbox 1245 4092 1599 4171; x_wconf 84' lang='lat' dir='ltr'><strong>patratum.</strong></span> <span class='ocrx_word' id='word_1_296' title='bbox 1634 4081 1827 4149; x_wconf 87' lang='lat' dir='ltr'><strong>Unde</strong></span> <span class='ocrx_word' id='word_1_297' title='bbox 1861 4085 1928 4148; x_wconf 90' lang='lat' dir='ltr'><strong>in</strong></span> <span class='ocrx_word' id='word_1_298' title='bbox 1956 4083 2080 4151; x_wconf 89' lang='lat' dir='ltr'><strong>hoc</strong></span> <span class='ocrx_word' id='word_1_299' title='bbox 2122 4104 2275 4151; x_wconf 87' lang='lat' dir='ltr'><strong>casu</strong></span> <span class='ocrx_word' id='word_1_300' title='bbox 2315 4086 2549 4155; x_wconf 82' lang='lat' dir='ltr'><strong>sufficit</strong></span> 
     </span>
     <span class='ocr_line' id='line_1_34' title="bbox 323 4197 2548 4292; baseline -0.002 -20"><span class='ocrx_word' id='word_1_301' title='bbox 323 4206 628 4292; x_wconf 84' lang='lat' dir='ltr'><strong>assignari</strong></span> <span class='ocrx_word' id='word_1_302' title='bbox 666 4218 785 4271; x_wconf 81' lang='lat' dir='ltr'><strong>reo</strong></span> <span class='ocrx_word' id='word_1_303' title='bbox 825 4205 1206 4280; x_wconf 87' lang='lat' dir='ltr'><strong>terminum,</strong></span> <span class='ocrx_word' id='word_1_304' title='bbox 1242 4200 1328 4267; x_wconf 88' lang='lat' dir='ltr'><strong>ad</strong></span> <span class='ocrx_word' id='word_1_305' title='bbox 1372 4218 1514 4266; x_wconf 86' lang='lat' dir='ltr'><strong>sese</strong></span> <span class='ocrx_word' id='word_1_306' title='bbox 1550 4197 1997 4265; x_wconf 83' lang='lat' dir='ltr'><strong>excusandum</strong></span> <span class='ocrx_word' id='word_1_307' title='bbox 2040 4198 2257 4285; x_wconf 80' lang='lat' dir='ltr'><strong>quoad</strong></span> <span class='ocrx_word' id='word_1_308' title='bbox 2303 4201 2548 4268; x_wconf 75' lang='lat' dir='ltr'><strong>factum</strong></span> 
     </span>
     <span class='ocr_line' id='line_1_35' title="bbox 323 4314 2548 4404; baseline -0.003 -18"><span class='ocrx_word' id='word_1_309' title='bbox 323 4318 545 4386; x_wconf 74' lang='lat' dir='ltr'><strong>delicti</strong></span> <span class='ocrx_word' id='word_1_310' title='bbox 590 4320 862 4404; x_wconf 75' lang='lat' dir='ltr'><strong>patrati3</strong></span> <span class='ocrx_word' id='word_1_311' title='bbox 886 4336 1017 4404; x_wconf 90' lang='lat' dir='ltr'><strong>quo</strong></span> <span class='ocrx_word' id='word_1_312' title='bbox 1046 4318 1268 4401; x_wconf 84' lang='lat' dir='ltr'><strong>elapso</strong></span> <span class='ocrx_word' id='word_1_313' title='bbox 1297 4317 1579 4382; x_wconf 85' lang='lat' dir='ltr'><strong>termino</strong></span> <span class='ocrx_word' id='word_1_314' title='bbox 1608 4321 1826 4398; x_wconf 88' lang='lat' dir='ltr'><strong>potest</strong></span> <span class='ocrx_word' id='word_1_315' title='bbox 1850 4314 2204 4399; x_wconf 88' lang='lat' dir='ltr'><strong>Episcopus</strong></span> <span class='ocrx_word' id='word_1_316' title='bbox 2239 4318 2548 4398; x_wconf 79' lang='lat' dir='ltr'><strong>privatio-</strong></span> 
     </span>
     <span class='ocr_line' id='line_1_36' title="bbox 325 4429 2548 4519; baseline -0.002 -19"><span class='ocrx_word' id='word_1_317' title='bbox 325 4438 422 4500; x_wconf 87' lang='lat' dir='ltr'><strong>nis</strong></span> <span class='ocrx_word' id='word_1_318' title='bbox 469 4455 727 4519; x_wconf 81' lang='lat' dir='ltr'><strong>poenam</strong></span> <span class='ocrx_word' id='word_1_319' title='bbox 777 4435 1038 4519; x_wconf 81' lang='lat' dir='ltr'><strong>exequi.</strong></span> <span class='ocrx_word' id='word_1_320' title='bbox 1095 4434 1171 4498; x_wconf 89' lang='lat' dir='ltr'><strong>In</strong></span> <span class='ocrx_word' id='word_1_321' title='bbox 1211 4429 1595 4516; x_wconf 84' lang='lat' dir='ltr'><strong>assignando</strong></span> <span class='ocrx_word' id='word_1_322' title='bbox 1624 4431 1932 4508; x_wconf 85' lang='lat' dir='ltr'><strong>termino,</strong></span> <span class='ocrx_word' id='word_1_323' title='bbox 1972 4430 2215 4512; x_wconf 85' lang='lat' dir='ltr'><strong>poterit</strong></span> <span class='ocrx_word' id='word_1_324' title='bbox 2252 4429 2389 4496; x_wconf 83' lang='lat' dir='ltr'><strong>haec</strong></span> <span class='ocrx_word' id='word_1_325' title='bbox 2433 4438 2548 4496; x_wconf 85' lang='lat' dir='ltr'><strong>aut</strong></span> 
     </span>
    </p>
   </div>
  </div>
 </body>
</html>
