3146 4973
566 325 696 386 300
1244 334 1621 382 TRAC'rATUS
1669 335 1756 381 oe
1801 331 2128 380 rnocuo.

571 488 603 527 «
637 466 689 530 si
717 465 829 549 qui
848 470 1021 540 sunt,
1056 461 1465 545 applicantur
1496 459 1639 524 offis
1669 456 2009 524 beneflciis
2032 466 2148 523 aut
2170 458 2331 523 locis
2355 458 2497 542 piis.
2544 481 2575 518 »
2611 459 2794 543 (Leu-

567 582 810 659 remus,
844 583 1064 643 Forum
1100 578 1463 656 beneficiola,
1504 583 1692 659 parte
1729 578 1795 653 3,
1834 593 1898 659 q.
1939 576 2093 651 966,
2130 593 2198 638 ιι.
2244 573 2330 657 1.)

664 697 967 778 Qufflsno
1004 695 1093 757 4².
1149 728 1236 739 —
1290 694 1689 772 Quandonam
1725 697 1924 774 possit
1963 694 2291 772 Episcopus
2327 691 2597 772 aliquam
2617 710 2796 772 paro-

564 813 815 874 chialem
845 812 1152 872 ecclesiam
1180 814 1555 887 supprimere
1570 812 1601 869 ?
1630 843 1722 855 —
1746 808 1998 883 Potest,
2034 814 2179 870 tum
2223 803 2654 887 parochialem
2690 823 2796 870 eo-

567 925 851 1000 elesiam,
875 929 1017 986 tum
1044 929 1281 987 caetera
1299 923 1497 987 etium
1526 918 1841 986 beneficis
1857 920 2292 1003 supprimere,
2311 920 2380 982 'm
2408 919 2487 984 iis
2514 918 2788 995 οαείὴιιε,

565 1040 630 1103 iu
653 1036 888 1123 quibus
914 1043 1135 1119 potest
1165 1056 1240 1101 ea
1278 1033 1419 1101 aliis
1446 1035 1805 1100 accessorie
1853 1035 2063 1099 unire.
2122 1055 2154 1094 α
2202 1033 2460 1116 Quippe
2495 1032 2604 1098 illu
2644 1033 2796 1098 unio

572 1178 603 1212 «
646 1170 775 1217 non
820 1153 897 1217 fit
932 1153 1070 1217 sine
1119 1152 1598 1236 suppressione,
1639 1156 1707 1216 et
1737 1150 2208 1234 suppressionis
2247 1148 2379 1213 filia
2408 1155 2507 1213 est
2539 1149 2714 1213 unio.
2759 1171 2790 1207 »

571 1266 974 1350 (Leurenius,
1009 1266 1154 1330 loco
1183 1266 1399 1342 citato,
1431 1284 1497 1349 q.
1535 1268 1689 1341 972,
1728 1284 1795 1329 n.
1842 1261 1972 1346 16.)

655 1380 919 1464 Requiri
957 1386 1177 1445 autem
1206 1376 1292 1443 ad
1320 1377 1640 1464 ejusmodi
1672 1378 2195 1463 suppressionem
2223 1375 2517 1441 eamdem
2552 1374 2793 1460 justam

569 1515 850 1574 oausam,
891 1494 1296 1581 'easdemque
1348 1495 1809 1573 solemnitates,
1858 1515 1936 1561 se
1993 1497 2058 1560 in
2110 1495 2347 1561 unione
2406 1493 2786 1567 accessoria,

570 1611 721 1678 vide
754 1612 927 1696 apud
961 1611 1297 1678 laudatum
1344 1613 1759 1690 Leurenium,
1795 1614 1998 1678 citato
2045 1613 2210 1689 locu,
2246 1610 2599 1696 quaestione
2629 1613 2784 1687 967,

567 1735 635 1793 et
665 1728 1109 1814 sequentibus.
