3146 4973
618 388 747 450 518
1294 402 1668 452 raseruus
1715 403 1801 450 ns
1845 402 2170 451 ranocrm.

1501 705 1770 772 CAPUT
1798 707 1966 772 XIV.

612 974 701 1022 DE
757 974 1128 1024 POTES'I'ATE
1186 973 1474 1023 Panocffl
1540 973 1964 1022 DISPENSANDI
2032 973 2075 1019 A
2130 972 2162 1019 J
2164 972 2396 1021 nmmo
2453 972 2579 1019 VEL
2641 969 2832 1021 ABSTI-

698 1091 941 1136 RENTIA
967 1120 984 1150 ‚
1045 1091 1127 1137 ET
1189 1091 1231 1136 A
1287 1088 1638 1138 PRAEGEPTO
1706 1088 2007 1137 SERVILIA
2066 1087 2278 1136 OPERA
2344 1087 2579 1137 DIEBUS
2632 1087 2834 1137 mus

698 1205 1137 1254 PROHIBENTE.

706 1457 769 1518 1⁰
798 1453 1031 1535 Quoad
1075 1459 1471 1537 potestatem
1502 1450 1924 1535 dispensandi
1964 1471 2001 1517 a
2033 1451 2280 1536 jejunio
2322 1457 2393 1517 et
2428 1451 2831 1530 abstinentia,

611 1569 703 1633 sic
762 1567 961 1633 habet
1021 1565 1269 1634 Giraldi
1323 1567 1796 1652 (Additamento
1869 1570 1952 1630 aa
2012 1573 2338 1630 tractatum
2395 1569 2702 1646 Barbosoe‚
2770 1569 2840 1630 de

612 1684 903 1760 Ρανοοήο,
940 1689 1129 1766 parte
1171 1685 1229 1760 1,
1267 1700 1324 1746 c.
1363 1684 1468 1759 16,
1504 1701 1570 1746 n.
1608 1678 1673 1765 3)
1716 1703 1731 1747 ε
1773 1704 1805 1743 «
1838 1683 1981 1747 Non
2028 1679 2297 1747 videtur
2336 1683 2425 1746 ita
2470 1686 2691 1746 tutum
2733 1678 2841 1746 ad-

616 1817 649 1858 «
677 1803 936 1862 struere
960 1794 1247 1882 parocho
1275 1797 1659 1862 facultatem
1692 1793 2108 1879 dispensandi
2130 1816 2168 1861 a
2186 1794 2456 1881 jejunio,
2483 1796 2843 1880 praesertim

616 1932 648 1973 «
684 1912 799 1976 ubi
817 1930 1103 1995 praesens
1141 1920 1242 1978 est
1274 1913 1650 1996 EpiscopuS,
1687 1912 1741 1976 si
1785 1919 2016 1995 agatur
2066 1910 2154 1976 de
2193 1911 2490 1994 pluribus
2519 1910 2844 1994 parochIa·

616 2048 650 2088 «
681 2026 799 2091 nis.
839 2028 1064 2092 Potius
1091 2026 1445 2094 dicendum
1477 2037 1671 2105 esset,
1698 2046 1888 2110 posse
1907 2045 2028 2110 pro
2057 2027 2374 2110 peculiari
2399 2027 2616 2111 aliquo
2643 2025 2844 2094 dubio

614 2143 870 2207 «alicui
899 2143 1258 2221 declarare,
1319 2144 1424 2208 hic
1465 2152 1531 2210 et
1572 2162 1748 2210 nunc
1780 2141 1866 2208 ad
1894 2142 2212 2228 jejunium
2253 2161 2384 2206 non
2425 2142 2678 2226 teneri;
2712 2142 2846 2206 sive

615 2279 649 2317 α
683 2265 915 2340 agatur
953 2257 1037 2324 de
1089 2260 1281 2325 unica
1307 2259 1723 2335 comestione,
1778 2259 1914 2325 sive
1963 2255 2049 2322 de
2090 2256 2249 2322 cibis
2294 2257 2513 2323 vetitis
2543 2254 2841 2322 edendis,

616 2394 650 2434 «
684 2374 823 2439 Imo
858 2393 981 2439 nec
1019 2374 1372 2458 Episcopus
1401 2375 1781 2458 dispensare
1831 2380 2070 2457 posset,
2097 2391 2220 2456 pro
2261 2373 2358 2438 his
2385 2371 2688 2450 edendis,
2714 2373 2850 2437 sine

618 2510 651 2550 α
681 2489 1074 2555 auctoritate
1118 2489 1302 2556 Sedis
1345 2488 1754 2573 Apostolicae,
1789 2490 1987 2555 etiam
2021 2489 2090 2552 in
2125 2488 2314 2571 gravi
2342 2489 2756 2563 necessitate,
2799 2485 2850 2549 si

616 2624 650 2664 (ι
683 2611 990 2687 ageretur
1026 2603 1112 2669 de
1148 2604 1630 2688 dispensatione
1669 2623 1790 2688 pro
1826 2606 2078 2687 integra
2115 2604 2377 2670 civitate
2407 2603 2516 2668 vel
2549 2600 2845 2678 dioecesi,

616 2740 650 2779 c<
687 2726 764 2782 ut
806 2738 887 2783 ex
936 2720 1397 2785 constitutione
1446 2718 1787 2785 Benedicti
1825 2721 1972 2785 XIV
2025 2725 2097 2784 Si
2149 2723 2528 2800 fraternitas,
2572 2721 2653 2784 10
2690 2718 2856 2803 junii

617 2853 650 2891 α
696 2834 887 2897 1745.
923 2854 955 2893 »

701 2946 934 3012 Melius
983 2953 1205 3013 tamen
1264 2947 1558 3027 fundata,
1622 2954 1690 3016 et
1747 2950 1814 3014 in
1859 2950 2045 3033 praxi
2095 2956 2240 3015 tuta
2293 2947 2591 3015 doctrina
2643 2948 2860 3014 sancti

612 3061 870 3144 Ligorii,
904 3065 1017 3148 qui
1056 3064 1148 3129 sic
1181 3064 1381 3130 habet
1420 3065 1609 3151 (libro
1655 3066 1720 3144 4,
1752 3085 1817 3129 n.
1860 3062 2050 3148 1032)
2093 3086 2107 3130 :
2155 3087 2188 3126 «
2217 3064 2512 3142 Parochi,
2553 3064 2716 3131 licet
2742 3062 2858 3128 du-

620 3197 654 3238 «
686 3175 940 3243 bitetur
971 3178 1147 3243 inter
1169 3178 1496 3258 doctores,
1530 3198 1614 3244 an
1641 3198 1724 3245 ex
1756 3182 1819 3244 vl
1851 3180 2017 3266 juris
2057 3180 2412 3245 communis
2450 3179 2702 3262 possint
2731 3177 2860 3243 dis·

620 3312 653 3353 «
686 3309 962 3374 pensare
985 3292 1054 3359 in
1068 3292 1350 3379 jejuniis,
1373 3294 1522 3379 jure
1545 3304 1766 3363 tamen
1782 3293 2269 3363 consuetudinis
2285 3303 2468 3361 certe
2483 3293 2557 3361 id
2579 3302 2864 3379 possunt

621 3428 653 3466 a
689 3425 772 3471 ex
802 3406 980 3491 justa
1028 3426 1220 3474 causa
1269 3427 1413 3474 cum
1454 3411 1585 3475 suis
1631 3408 1914 3476 subditis
1951 3410 2474 3493 particularibus»,
2521 3429 2653 3475 non
2691 3428 2862 3475 vero

622 3545 654 3584 a
690 3541 812 3605 pro
858 3529 997 3589 tota
1042 3522 1371 3605 parochia.
1407 3526 1507 3589 Ita
1556 3544 1642 3591 ex
1675 3526 2005 3591 communi
2041 3526 2444 3591 sententia...
2475 3525 2615 3591 Imo
2658 3522 2862 3591 valde

624 3660 656 3698 «
692 3636 1118 3720 probabiliter
1144 3643 1360 3720 potest
1397 3637 1721 3722 parochus
1759 3641 1825 3703 in
1872 3641 1952 3705 iis
1983 3639 2386 3725 dispensare,
2439 3642 2634 3707 etiam
2691 3657 2862 3721 prae-

625 3775 657 3813 «
691 3758 876 3817 sente
907 3752 1256 3836 Episcop03
1302 3755 1597 3838 quamvis
1627 3755 1799 3821 enim
1843 3754 2109 3838 parochi
2139 3754 2224 3822 de
2266 3755 2414 3841 jure
2459 3755 2624 3820 hanc
2655 3755 2866 3840 juris·

624 3890 656 3929 «
692 3865 1041 3933 dictionem
1100 3888 1228 3936 non
1283 3868 1591 3950 habeant,
1630 3870 1873 3937 habent
1916 3879 2159 3949 tamen,
2200 3879 2276 3937 ut
2305 3869 2554 3937 dictum
2598 3877 2730 3948 est,
2777 3890 2868 3937 ex

622 4004 657 4044 «
692 3982 1182 4063 consuetudine,
1211 4003 1353 4070 quoe
1391 3987 1545 4051 satis
1581 3992 1796 4069 potest
1813 3984 2334 4070 jurisdictionem
2361 3985 2747 4052 tribuere...
2781 3983 2867 4052 Id

624 4121 658 4161 α
698 4107 970 4182 possunt
1010 4102 1206 4166 etiam
1252 4104 1471 4167 vicarii
1505 4100 1959 4185 parochorum,
2009 4104 2120 4187 qui
2162 4110 2476 4167 exercent
2518 4109 2706 4167 actus
2745 4121 2868 4185 pa·

627 4236 660 4278 «
696 4214 1007 4282 rochiales
1030 4215 1547 4300 jurisdictionem
1581 4218 1934 4301 exigentes,
1972 4220 2092 4284 nisi
2121 4218 2388 4303 parochi
2410 4236 2722 4301 expresse
2753 4236 2865 4283 re-

626 4354 660 4395 «
699 4340 1069 4417 pugnent.»

710 4450 779 4513 2⁰
822 4446 1054 4527 Quoad
1103 4444 1382 4512 dandam
1439 4447 1772 4517 licentiam
1816 4448 2122 4533 operibus
2169 4448 2517 4516 servilibus
2573 4447 2865 4515 vacandi
