3146 4973
1213 371 1372 418 mas
1413 370 1640 418 rmus.
2419 353 2542 418 145

313 495 713 576 poenitentiae
753 500 1233 560 sacramentum
1283 495 1628 571 ministret,
1667 501 1993 578 repugnat
2012 491 2427 558 sacerdotem
2459 492 2545 558 ad

317 608 378 673 id
417 607 604 673 officii
628 606 980 697 deputari,
1017 608 1174 692 quin
1212 609 1407 674 simul
1439 606 1822 675 absolvendi
1850 607 2083 674 fideles
2121 608 2188 672 in
2214 608 2362 673 foro
2392 627 2546 673 con-

316 724 588 789 scientiae
623 725 691 789 ei
743 722 1020 789 facultas
1072 723 1425 789 tribuatur.
1475 725 1822 808 Repugnat
1856 741 2094 807 nempe
2127 725 2408 809 aliquem
2435 722 2549 789 de-

318 838 527 918 putari
546 843 863 920 tanquam
895 834 1255 919 parochum
1281 844 1351 901 et
1381 835 1501 901 hac
1528 844 1857 918 potestate
1896 854 2028 901 non
2051 836 2280 902 donari
2304 858 2321 919 3
2355 843 2550 921 atque

320 950 486 1029 ideo,
524 950 783 1016 etiamsi
820 950 926 1016 lex
979 952 1115 1033 ipsa
1156 950 1588 1016 ecclesiastica
1622 949 2139 1035 jurisdictionem
2180 952 2307 1018 fori
2350 953 2555 1033 poeni-

317 1066 601 1131 tentialis
648 1064 858 1132 officio
903 1065 1335 1150 parochorum
1379 1086 1508 1132 non
1549 1066 1892 1150 alligasset,
1929 1067 2189 1151 alligata
2232 1067 2555 1134 nihilomi-

320 1200 440 1248 nus
484 1187 658 1247 esset
706 1200 788 1246 ex
828 1181 967 1248 sola
996 1180 1425 1265 deputatione
1458 1182 1540 1248 ab
1580 1183 1898 1266 Episcopo
1936 1181 2145 1265 facta3
2179 1200 2330 1247 cum
2359 1201 2552 1268 repu-

321 1304 474 1378 gnet
513 1298 907 1381 Episcopum
976 1298 1150 1365 velle
1204 1300 1400 1364 simul
1458 1307 1529 1364 et
1577 1300 1759 1367 nolle
1809 1300 2088 1385 aliquem
2152 1299 2561 1366 sacerdotem

323 1421 728 1479 sacramenta
781 1422 968 1479 certo
1002 1413 1302 1480 fidelium
1352 1416 1554 1481 coetui
1576 1417 1966 1482 ministrare.
2009 1415 2199 1483 Unde
2238 1436 2319 1483 eo
2368 1436 2563 1482 sensu

321 1526 690 1612 jurisdictio
718 1528 846 1595 fori
861 1530 1328 1612 ponitentialis
1356 1528 1440 1595 de
1458 1529 1610 1613 jnre
1635 1531 1919 1596 naturali
1947 1530 2079 1597 dici
2108 1538 2349 1616 potest,
2387 1530 2566 1617 qnod

328 1644 762 1711 essentialiter
821 1646 1235 1711 contineatur
1284 1645 1352 1710 in
1406 1644 1831 1729 deputatione
1880 1647 2153 1731 alicujus
2209 1645 2570 1712 sacerdotis

328 1765 637 1844 tanquam
663 1760 967 1843 parochi;
1000 1778 1118 1826 seu
1140 1778 1223 1826 eo
1249 1778 1443 1826 sensu
1472 1761 1655 1846 qnod
1681 1762 1765 1827 sit
1792 1783 1906 1844 per
1930 1783 1993 1824 se
2016 1761 2101 1826 de
2123 1763 2403 1827 essentia
2436 1761 2571 1826 offi-

333 1876 413 1938 cii
448 1875 860 1959 parochialis.
909 1876 1195 1940 Dicimus
1223 1895 1339 1956 per
1369 1896 1452 1953 se,
1501 1875 1651 1961 quia
1682 1875 1977 1942 absolute
2010 1875 2319 1960 deputari
2356 1884 2575 1959 potest

334 1996 640 2074 tunquam
666 1989 990 2074 parochus
1019 1990 1251 2075 aliquis
1287 1990 1564 2055 clericus
1595 1989 1890 2057 nondum
1919 1989 2248 2070 sacerdos,
2282 1995 2394 2077 qui
2419 1998 2578 2056 tunc

335 2123 454 2188 per
488 2105 798 2171 accidens
827 2113 899 2171 et
931 2104 1140 2171 donec
1185 2104 1685 2189 presbyteratui
1723 2106 2016 2171 initietur
2060 2105 2404 2172 absolvere
2441 2109 2582 2191 qui-

335 2217 486 2283 dem
512 2220 654 2303 ipse
691 2220 1087 2303 poenitentes
1108 2239 1239 2286 non
1272 2220 1540 2303 poterit,
1567 2218 1688 2286 sed
1719 2238 1842 2302 per
1868 2221 2026 2285 alios
2051 2218 2122 2285 id
2147 2220 2295 2286 fieri
2330 2239 2577 2303 procu-

341 2354 488 2401 rare
519 2336 886 2402 tenebitur.

428 2452 514 2518 Π.
553 2450 836 2518 Parochi
877 2451 1005 2519 fori
1035 2453 1292 2519 externi
1332 2451 1855 2536 jurisdictionem
1886 2473 2016 2519 non
2048 2453 2294 2521 habent
2328 2473 2411 2521 ex
2432 2453 2583 2539 jure

339 2569 562 2636 divino
585 2569 891 2653 positivo.
923 2570 1068 2635 Huc
1105 2567 1394 2636 redeunt
1416 2569 1832 2652 probationes
1863 2572 2186 2655 superiori
2222 2572 2436 2655 capite
2472 2569 2583 2635 ad·

337 2682 554 2751 ductae
604 2684 692 2750 ad
735 2683 1149 2768 probandum
1168 2731 1185 2762 ,
1240 2702 1351 2750 eos
1407 2685 2006 2752 excommunicandi
2052 2693 2448 2770 potestatem
2503 2705 2582 2753 ex

340 2800 578 2866 Christi
603 2800 867 2866 Domini
904 2800 1315 2867 institutione
1357 2820 1489 2864 non
1525 2801 1857 2884 accepisse
1895 2823 1910 2866 ε
1952 2820 2099 2867 uam
2137 2797 2354 2886 neque
2386 2803 2582 2867 ullam

341 2915 468 2984 fori
496 2917 756 2982 externi
796 2922 1186 2999 potestatem
1220 2935 1304 2981 ex
1333 2915 1570 2982 Christi
1599 2916 1999 2982 institutione
2033 2923 2390 3000 potuerunt
2418 2919 2585 2983 acci·

343 3051 522 3115 pere,
556 3035 612 3097 si
638 3032 937 3099 Christus
958 3031 1281 3115 parochos
1304 3051 1432 3096 non
1453 3031 1757 3109 instituit,
1790 3039 1861 3097 et
1889 3050 2117 3097 eorum
2146 3033 2471 3098 institutio
2500 3034 2583 3098 sit

341 3168 522 3215 mere
567 3147 1032 3214 ecclesiastica.
1082 3147 1147 3212 Si
1189 3147 1365 3212 enim
1415 3145 1709 3211 Christus
1752 3145 2067 3228 parochos
2097 3165 2228 3211 non
2271 3147 2572 3223 instituit,

343 3262 701 3329 dicendum
730 3269 858 3337 est,
883 3280 1004 3327 nec
1026 3281 1065 3326 a
1083 3261 1342 3327 Christo
1368 3260 1698 3324 institutas
1725 3257 1924 3323 fuisse
1954 3258 2389 3342 parochorum
2419 3277 2578 3345 prae-

343 3382 690 3464 mgativas.
722 3379 956 3455 Porro,
990 3378 1280 3443 sectione
1309 3376 1539 3459 prima,
1577 3372 2170 3445 demonstravimus
2191 3373 2577 3458 figmentum

342 3515 484 3561 esse
536 3495 976 3578 excogitatam
1022 3493 1199 3558 illam
1227 3511 1266 3557 a
1294 3489 1585 3556 Sorbona
1634 3497 1702 3554 et
1743 3489 2032 3556 Gersone
2059 3488 2349 3556 divinam
2385 3510 2577 3577 paro-

345 3609 616 3675 chorum
645 3607 1142 3673 institutionem.
1186 3605 1516 3669 Praeterea
1553 3603 1609 3667 si
1644 3601 1884 3668 divinae
1930 3604 2355 3670 iustitutionis
2397 3604 2572 3670 foret

346 3722 782 3807 parochorum
823 3723 891 3786 in
935 3720 1079 3786 foro
1126 3726 1403 3784 externo
1440 3714 1831 3800 jurisdictio,
1865 3736 2009 3782 eam
2060 3719 2340 3785 Ecclesia
2377 3739 2577 3804 agno-

345 3849 606 3923 sceret;
646 3838 833 3924 atqui
867 3834 1182 3902 hodierna
1217 3852 1334 3898 sua
1374 3831 1559 3916 praxi
1601 3851 1746 3898 eam
1777 3832 2061 3897 Ecclesia
2099 3851 2230 3899 non
2259 3833 2569 3905 admittit.

347 3953 532 4022 Adde
553 3955 731 4020 illam
760 3972 801 4018 a
836 3950 1161 4018 communi
1186 3947 1534 4015 doctorum
1565 3946 1883 4013 sententia
1909 3945 2113 4031 rejici.

436 4071 553 4136 111.
602 4066 883 4135 Parochi
919 4063 1436 4150 jurisdictionem
1465 4062 1595 4126 fori
1632 4063 1886 4128 externi
1920 4063 2072 4128 olim
2104 4083 2235 4129 non
2260 4086 2578 4135 exercue-

352 4193 526 4252 runt.
562 4183 983 4251 Contrarium
1016 4178 1287 4266 quidem
1314 4179 1468 4245 totis
1496 4176 1747 4242 viribus
1773 4175 2133 4245 obtrudere
2172 4185 2389 4249 conati
2421 4193 2577 4250 sunt

353 4300 731 4384 parochistae
776 4305 850 4365 et
879 4295 1275 4383 J‘ansenistae3
1328 4299 1429 4360 ast
1468 4309 1695 4358 eorum
1732 4301 2116 4377 argumenta
2144 4299 2567 4364 excutiamus.

358 4415 764 4502 Praecipnum
805 4420 879 4479 et
913 4417 1234 4497 perpetuo
1272 4414 1682 4475 recantatum
1723 4412 1855 4487 est,
1900 4408 2219 4493 parochos
2260 4411 2413 4475 oum
2460 4429 2576 4477 ex-

2269 4519 2341 4579 10
