3146 4973
1280 370 1439 418 »Ans
1483 370 1767 430 oman.
2524 357 2641 420 501

420 498 889 581 praescriptam.
927 495 1115 581 (Vide
1144 494 1520 573 narbonam,
1562 499 1640 560 de
1671 497 1884 578 Officio
1930 500 2204 579 parochi,
2235 518 2295 564 c.
2331 501 2440 577 25,
2473 518 2540 564 n.
2574 501 2649 584 23

417 619 488 678 et
513 611 931 687 Leurenium‚
966 615 1187 676 Forum
1211 611 1577 691 beneficiate,
1625 617 1813 695 parte
1847 614 1903 689 1,
1941 630 2007 696 q.
2040 614 2196 691 454,
2222 633 2288 678 n.
2334 612 2428 697 2.)

504 729 809 809 Qoffls‘no
841 730 931 793 4⁸.
968 764 1059 776 -
1092 732 1178 793 De
1207 731 1425 809 quibua
1466 731 1643 792 rebus
1669 731 1954 794 solvenda
1984 736 2068 793 sit
2084 736 2290 811 portio
2317 736 2604 795 canonica
2623 737 2655 797 ?

416 878 505 889 -
542 867 573 904 «
624 842 1015 927 Respondeo
1055 866 1070 909 z
1104 842 1189 909 de
1248 843 1555 912 omnibus
1611 861 1755 928 quoe
1817 845 2131 921 ecclesiae,
2199 845 2267 909 in
2331 864 2461 931 qua
2509 848 2656 931 quis

420 982 452 1018 a
500 958 753 1043 (relicta
782 957 1069 1042 propria)
1102 959 1285 1042 eligit
1310 959 1599 1042 sepeliri,
1641 959 1894 1028 ratione
1921 967 1995 1025 et
2042 960 2378 1026 occasione
2401 960 2655 1029 funeris

421 1097 453 1134 ι(
488 1092 608 1140 seu
634 1073 991 1156 sepulturae
1026 1073 1395 1140 obveniunt
1422 1095 1438 1157 3
1471 1081 1632 1157 puta
1669 1091 1812 1160 quae
1843 1075 1960 1142 tali
1987 1075 2322 1142 occasione
2350 1076 2655 1159 legantur

418 1213 451 1250 α
482 1188 577 1256 iffi
600 1187 897 1254 ecclesiae
925 1190 1078 1273 (uon
1110 1195 1332 1253 autem
1361 1207 1657 1272 personae
1689 1198 1888 1258 certoe
1924 1186 2145 1273 illius),
2187 1191 2326 1256 sive
2359 1209 2469 1258 res
2523 1192 2653 1260 sint

420 1327 451 1364 α
486 1302 779 1380 nemea,
833 1304 969 1368 sive
1024 1302 1391 1370 immobiles
1437 1322 1452 1366 ε
1495 1321 1640 1388 quae
1700 1302 2095 1372 deferuntur
2135 1323 2253 1371 seu
2303 1313 2652 1389 portantur

418 1442 451 1480 α
489 1438 639 1484 cum
660 1418 895 1484 funere
931 1440 946 1483 ε
986 1435 1132 1503 quoe
1179 1418 1553 1486 offeruntur
1602 1426 1902 1501 tempore
1943 1436 2077 1503 quo
2101 1418 2304 1486 funus
2332 1437 2452 1487 seu
2496 1439 2651 1488 exe-

417 1557 449 1595 «
488 1535 657 1618 quiae
682 1533 1142 1617 celebmntur3
1174 1534 1314 1599 sive
1340 1533 1694 1600 obveniant
1728 1541 2079 1618 antequam
2115 1551 2356 1617 corpus
2379 1537 2449 1599 in
2467 1543 2651 1602 terra

416 1675 448 1711 a
490 1650 832 1727 condatur.
880 1651 1017 1716 sive
1061 1656 1230 1734 post,
1266 1667 1473 1734 usque
1500 1649 1592 1716 ad
1629 1651 2032 1734 trigesimum
2065 1649 2277 1735 diem3
2326 1657 2397 1717 et
2429 1671 2650 1737 quam-

417 1790 449 1828 «
486 1765 601 1832 diu
628 1766 708 1832 fit
739 1767 1046 1831 memoria
1071 1765 1350 1842 funeris,
1391 1764 1552 1832 dum
1583 1785 1667 1832 ex
1696 1784 1890 1832 causa
1914 1767 2214 1850 plun‘hus
2241 1766 2475 1836 diebus
2501 1775 2649 1853 post

418 1906 449 1941 α
492 1882 987 1948 tumulationem
1010 1879 1178 1946 fiunt
1212 1881 1505 1965 exequiae
1530 1897 1762 1964 magna
1782 1899 1932 1948 cum
1949 1899 2188 1965 pompa
2212 1904 2229 1966 ;
2267 1883 2466 1950 etiem
2488 1881 2645 1952 dum

414 2022 446 2058 κ
482 1997 765 2082 parocho
791 1997 923 2082 jam
956 1995 1065 2062 die
1100 1996 1352 2062 funeris
1392 1993 1549 2064 data
1581 2004 1683 2062 est
1719 1996 2164 2075 candelarum,
2201 1998 2443 2078 facum,
2481 1999 2650 2066 simi-

413 2136 447 2175 «
480 2114 770 2198 liumque
795 2120 1030 2197 quarta
1058 2130 1324 2194 pars...;
1371 2110 1509 2175 haec
1553 2112 1724 2177 enim
1776 2113 2004 2178 omnia.
2028 2112 2340 2179 djcuntur
2383 2115 2648 2180 funera-

413 2253 446 2292 «
487 2230 597 2295 lia.
623 2253 655 2289 »
693 2229 1101 2315 (Lem-euius,
1142 2233 1361 2292 Forum
1407 2229 1772 2306 beneficiate,
1813 2236 2002 2312 parte
2041 2233 2097 2307 Ι,
2134 2248 2198 2315 q.
2243 2230 2400 2308 455,
2441 2250 2505 2294 n.
2552 2229 2639 2314 1.)

409 2347 506 2411 Ita
550 2342 891 2410 deducunt
930 2343 1366 2409 communiter
1401 2351 1707 2409 auctores
1740 2362 1820 2409 ex
1858 2362 2057 2427 supra
2096 2345 2305 2411 citatae
2358 2345 2645 2411 clemen-

404 2462 556 2528 tiuae
594 2464 837 2526 Dudum
859 2460 1098 2526 verbis.

506 2602 538 2640 «
574 2580 648 2643 ln
680 2574 1058 2661 particulari
1095 2595 1110 2638 t
1158 2581 1223 2641 1⁰
1271 2572 1558 2642 debetur
1601 2584 1835 2661 quarta
1885 2574 2199 2643 funeralis
2245 2573 2331 2642 de
2359 2574 2648 2644 candelis

411 2722 437 2751 α
485 2702 557 2760 et
584 2694 791 2759 cereis
821 2690 1055 2758 oblatis
1090 2713 1104 2756 :
1139 2692 1299 2758 item
1324 2710 1407 2758 ex
1443 2690 1537 2757 eis
1572 2694 1686 2777 qui
1731 2693 1985 2758 accensi
2011 2693 2385 2759 afferuntur
2424 2696 2494 2758 et
2533 2711 2644 2778 po-

415 2834 445 2869 a
477 2818 724 2875 nuntur
761 2809 935 2873 circa
960 2825 1226 2872 crucem
1257 2814 1325 2872 et
1353 2804 1661 2873 cadaver.
1694 2807 1881 2874 Nulla
1922 2814 2147 2873 tamen
2171 2807 2456 2875 debetur
2484 2827 2640 2891 por-

415 2950 447 2987 «
488 2925 581 2991 tio
601 2944 685 2991 ex
709 2922 996 2989 candelis
1021 2940 1183 3007 quas
1202 2921 1446 2987 fratres
1480 2921 2090 2991 confraternitatum
2114 2922 2352 3006 aliique
2368 2921 2642 3007 preshy-

408 3062 445 3099 α
478 3039 603 3105 teri
630 3040 697 3103 iu
729 3037 1028 3105 manibus
1054 3044 1346 3119 portant,
1378 3055 1531 3103 cum
1566 3036 1668 3101 hae
1708 3044 2090 3103 remaneant
2134 3035 2621 3117 deferentibus,

410 3178 443 3215 c«
481 3154 665 3238 juxta
695 3152 1197 3221 declarationem
1232 3150 1578 3219 Benedicti
1629 3152 1834 3236 xl...;
1880 3151 2145 3240 utinec
2190 3150 2275 3217 de
2321 3153 2637 3219 interstiis

410 3294 441 3331 α
482 3289 598 3335 seu
648 3269 857 3335 cereis
889 3267 1507 3335 confraternitatum
1561 3266 1966 3335 saecularium
2021 3265 2478 3333 associaufium
2533 3267 2636 3335 fu-

409 3408 442 3446 «
480 3403 657 3451 nera.
697 3386 867 3450 Item
898 3402 1020 3449 uec
1048 3382 1137 3449 de
1192 3382 1510 3449 interstiis
1549 3399 1694 3467 quae
1738 3388 2087 3466 portantur
2122 3400 2162 3445 a
2205 3381 2366 3447 locis
2389 3382 2515 3465 piis
2548 3380 2634 3446 ad

405 3523 436 3561 α
472 3498 917 3567 associandum
948 3497 1182 3565 funera
1206 3515 1593 3581 pauperum.

494 3639 527 3676 «
564 3617 634 3681 2⁰
662 3617 759 3683 Ex
789 3615 865 3682 iis
892 3631 1036 3699 quoe
1063 3613 1366 3697 legantur
1401 3614 1537 3680 sive
1560 3612 1807 3679 dantur
1837 3631 1959 3697 pro
1985 3609 2280 3697 legendis
2313 3611 2537 3681 missis.

492 3754 524 3790 «
558 3734 629 3797 3⁰
655 3732 757 3796 De
794 3729 1013 3806 armiS,
1059 3727 1357 3806 culcitra,
1400 3730 1618 3812 pallio,
1663 3729 1890 3812 pannis
1915 3727 2159 3805 sericIs,
2192 3734 2351 3806 etc.‚
2387 3745 2531 3814 qum
2565 3728 2632 3793 in

400 3871 433 3907 a
468 3845 718 3913 feretro
748 3842 1164 3911 deseruntur.

488 3985 523 4022 (ι
559 3964 630 4026 4⁰
672 3963 771 4031 Ex
809 3959 997 4027 bonis
1047 3958 1293 4025 relictis
1344 3958 1491 4044 jure
1550 3958 1992 4037 institutionis,
2048 3964 2125 4022 ut
2183 3958 2236 4022 si
2278 3955 2633 4023 defunctus

403 4100 437 4137 «
473 4076 831 4143 instituerit
859 4072 1195 4141 haeredem
1228 4073 1566 4141 ecclesiam
1581 4120 1597 4152 ,
1631 4074 1698 4138 in
1729 4091 1858 4158 qua
1889 4071 2073 4157 eligit
2103 4071 2533 4155 sepulturam.

491 4214 522 4250 ιι
558 4192 624 4252 5⁰
647 4190 742 4257 Ex
765 4190 841 4254 iis
863 4207 1008 4274 quae
1031 4189 1493 4274 relinquuntur
1519 4188 1808 4255 ecclesiis
1830 4184 2206 4266 donatione,
2236 4204 2428 4255 causa
2457 4202 2628 4251 mor-

406 4329 440 4369 «
478 4307 561 4371 tis
598 4305 793 4389 facta3
823 4310 937 4370 aut
966 4305 1033 4369 in
1063 4304 1285 4372 mortis
1311 4304 1590 4370 articulo
1627 4302 1979 4371 donantur.
2014 4304 2183 4370 Item
2210 4321 2296 4369 ex
2318 4320 2399 4368 ea
2430 4319 2631 4386 pecu·

402 4445 436 4484 «
475 4422 600 4501 nia,
644 4440 859 4506 quam,
892 4417 1051 4488 dum
1070 4419 1485 4506 regularibus
1514 4420 1662 4486 talis
1684 4398 2155 4486 ecolesiae'nihu
2177 4417 2464 4503 legatum
2498 4423 2619 4491 est,
