3146 4973
570 394 653 457 36
1240 405 1616 455 raam-arus
1661 404 1748 453 nn
1793 401 2123 452 pauocno.

657 533 1014 615 Respondet).
1052 567 1142 580 —
1184 532 1249 595 1⁰
1284 527 1558 612 Quando
1600 529 1846 595 factum
1892 522 2156 611 aliquod
2201 522 2349 588 talis
2401 529 2650 588 naturae
2695 529 2798 587 est

565 657 665 728 ut,
700 649 754 713 si
782 647 1095 725 extiterit,
1131 644 1374 714 debeat
1416 647 1854 715 monumentis
1890 643 2334 726 consignatum
2376 639 2671 724 reperiri,
2713 656 2795 704 ex

564 765 858 832 absentia
909 771 1476 830 monumentorum
1509 770 1694 829 recte
1740 769 1809 833 et
1850 761 2139 845 rigorose
2180 755 2266 824 ad
2313 756 2471 823 facti
2514 755 2799 822 non-exi·

565 883 870 951 stentiam
908 880 986 946 fit
1017 868 1244 947 illatio.
1283 880 1479 965 Atqui
1509 858 1905 945 urbandium
1938 884 2092 944 ante
2126 894 2367 941 annum
2411 875 2579 940 1000
2605 891 2799 958 paro-

558 999 849 1065 chiarum
866 996 1233 1076 existentia,
1262 996 1439 1063 inter
1465 994 1638 1062 facta
1665 991 2040 1081 hujusmodi
2057 989 2463 1059 recensenda
2487 997 2609 1056 est.
2631 989 2794 1055 Cum

555 1133 790 1199 nempe
835 1114 1079 1199 ubique
1121 1112 1466 1197 pullulent,
1504 1110 1703 1178 medii
1738 1110 2100 1196 praesertim
2151 1109 2293 1189 aevi,
2348 1113 2789 1184 monumenta,

559 1249 703 1316 quae
734 1230 986 1295 rurales
1028 1227 1387 1312 parochiaS,
1445 1246 1698 1293 necnon
1727 1227 2126 1292 urbanarum
2173 1224 2596 1291 ecclesiarum
2625 1220 2798 1289 ordi·

561 1347 891 1413 nationem
935 1352 1261 1430 perpetuo
1312 1351 1698 1422 memorant,
1759 1344 2137 1409 miraculum
2192 1341 2368 1409 foret
2409 1338 2495 1405 de
2545 1339 2795 1405 urbana

556 1460 863 1547 parochia
890 1479 1222 1546 nunquam
1254 1461 1321 1525 in
1359 1460 1452 1525 eis
1480 1461 1876 1527 mentionem
1904 1457 2072 1535 fieri,
2110 1458 2164 1523 si
2205 1476 2439 1523 revera
2470 1454 2791 1540 parochiae

554 1584 714 1642 tunc
762 1575 1081 1660 temporis
1132 1575 1199 1639 in
1258 1573 1738 1659 episcopalibus
1790 1572 2163 1641 civitatibus
2203 1572 2588 1638 extitissent.
2648 1571 2789 1636 Imo

555 1692 1075 1779 frequentissima
1101 1689 1381 1758 deberet
1417 1689 1501 1757 de
1533 1688 1904 1776 hujusmodi
1935 1689 2258 1775 parochiis
2289 1689 2527 1755 mentio
2563 1706 2791 1754 occur-

557 1828 731 1876 rere.

643 1928 714 1990 2⁰
759 1925 1231 2010 Argumentum
1276 1921 1638 1990 deductum
1688 1941 1770 1988 ex
1808 1920 2002 1989 modo
2041 1940 2170 2007 quo
2216 1941 2344 1989 vox
2385 1924 2674 2005 parochia
2723 1923 2790 1988 in

553 2042 992 2109 monumentis
1051 2040 1363 2119 occurrit,
1410 2059 1542 2107 non
1585 2046 1686 2105 est
1742 2039 2139 2123 negativum,
2196 2037 2316 2104 sed
2371 2041 2718 2123 positivum
2768 2059 2784 2104 ε

551 2156 1139 2225 demonstravimus
1164 2154 1479 2241 siquidem
1507 2156 1600 2220 ita
1622 2154 1916 2221 adhiberi
1947 2153 2118 2222 hunc
2145 2154 2460 2241 loquendi
2492 2155 2783 2233 modum,

553 2294 683 2339 non
717 2281 975 2339 tantum
1002 2280 1079 2338 ut
1111 2271 1451 2356 parochias
1485 2271 1767 2339 urbanas
1815 2272 2024 2349 sileat,
2069 2269 2187 2336 sed
2219 2279 2295 2335 ut
2338 2270 2569 2337 harum
2597 2289 2792 2355 paro-

551 2385 841 2452 chiarum
876 2382 1288 2469 hypothesim
1319 2389 1583 2465 positive
1615 2381 1949 2450 excludat.
2002 2384 2317 2447 Paroclzioe
2352 2383 2599 2449 scilicet
2640 2401 2792 2467 per-

552 2509 754 2587 petuo
796 2507 1219 2585 opponuntur
1251 2505 1536 2581 civitati,·
1587 2498 1765 2585 quod
1798 2499 2096 2584 profecto
2148 2496 2361 2585 neque
2392 2499 2458 2564 in
2502 2506 2790 2566 mentem

552 2635 767 2704 neque
803 2615 925 2682 sub
966 2615 1213 2681 calamo
1250 2614 1673 2681 scribentium
1703 2614 2062 2700 subrepere
2088 2616 2433 2699 potuisset,
2468 2616 2524 2681 si
2555 2623 2690 2684 tam
2721 2617 2788 2680 in

553 2733 817 2799 civitate
846 2747 1039 2815 quam
1076 2730 1143 2793 in
1181 2730 1352 2813 agris
1381 2729 1702 2814 parochiae
1730 2737 1990 2796 statutae
2025 2731 2323 2797 fuissent.

643 2851 897 2932 Oijtcies
928 2849 1019 2910 2⁰.
1048 2881 1139 2895 —-·
1158 2845 1374 2910 Sinon
1406 2846 1774 2912 extitissent
1809 2846 2072 2913 urbanae
2097 2845 2438 2930 parochiae,
2475 2848 2793 2914 inutiliter

554 2971 858 3029 extructa
887 2961 1163 3028 fuissent
1187 2969 1286 3028 tot
1313 2961 1556 3047 templa
1583 2962 1651 3027 in
1669 2962 2044 3028 civitatibus
2072 2962 2576 3048 episcopalibus;
2611 2963 2790 3049 quod

552 3079 811 3146 admitti
847 3080 1095 3165 nequit.

642 3196 806 3261 Huic
823 3194 1174 3280 objectioni
1204 3193 1459 3260 obviam
1491 3192 1606 3259 ivit
1634 3195 1872 3262 Marius
1891 3196 2134 3281 Lupus,
2156 3216 2296 3262 rem
2327 3196 2418 3263 ita
2445 3195 2772 3263 enodans:

560 3336 593 3374 α
626 3310 1068 3377 Sciscitabitur
1104 3310 1381 3377 fortasse
1414 3310 1646 3396 aliquis
1683 3333 1697 3376 :
1747 3329 2055 3396 quorsum
2099 3314 2303 3396 igitur
2353 3312 2510 3379 alias
2543 3320 2790 3397 praeter

560 3453 592 3490 «
626 3428 1020 3513 primariam,
1066 3427 1133 3490 in
1168 3424 1545 3491 civitatibus
1573 3434 1888 3492 extruere
1922 3446 2139 3493 sacras
2168 3425 2392 3494 aedes?
2424 3428 2590 3494 Huic
2618 3447 2790 3514 quoe·

560 3565 594 3605 α
627 3541 823 3608 stioni
875 3539 1171 3606 breviter
1221 3557 1531 3624 reponam
1579 3561 1593 3605 :
1641 3558 1789 3606 cum
1859 3541 2057 3625 prisci
2104 3540 2339 3609 fideles
2395 3562 2525 3609 non
2574 3544 2786 3610 solum

561 3681 594 3719 α
629 3654 971 3723 dominicis
1020 3652 1254 3719 diebus
1294 3651 1472 3737 apud
1513 3654 1905 3739 Episcopum
1951 3663 2030 3721 ut
2075 3656 2350 3742 liturgiae
2393 3658 2791 3725 interessent

560 3793 593 3834 c<
626 3771 857 3838 saltem
896 3769 1194 3854 plerique
1247 3787 1401 3847 uno,
1444 3786 1857 3855 quocumque
1899 3769 2188 3850 tandem,
2247 3772 2314 3836 in
2356 3772 2502 3839 loco
2547 3791 2790 3840 conve-

558 3910 592 3950 «
625 3887 866 3964 nirent‚
923 3882 1043 3950 sed
1090 3883 1359 3968 singulis
1402 3881 1639 3950 diebus
1694 3886 1878 3951 statis
1922 3885 2098 3952 horis
2148 3905 2338 3953 mane
2386 3895 2456 3952 et
2508 3906 2786 3973 vespere

558 4028 592 4066 α
627 4002 902 4068 orationi
937 4007 1246 4067 vacarent
1268 4000 1536 4085 jugiter,
1573 4008 1773 4085 prout
1811 4003 2058 4088 antiqui
2086 4004 2318 4071 Patres
2351 4005 2553 4070 sacris
2579 4004 2788 4071 innixi

559 4142 592 4180 α
626 4118 965 4201 scripturis
1001 4135 1115 4182 eos
1157 4114 1628 4201 hortabantnr3
1671 4117 1966 4201 quamvis
1992 4119 2189 4184 etiam
2227 4116 2404 4186 domi
2430 4135 2619 4187 orare
2645 4138 2790 4204 pos-

556 4260 590 4298 «
622 4241 791 4312 sent,
825 4232 1025 4319 idque
1051 4233 1581 4317 persecutionum
1607 4238 1907 4316 tempore
1938 4243 2368 4321 peragerent3
2403 4235 2786 4321 perdifficile

554 4374 590 4413 «
624 4368 785 4417 vero
823 4353 997 4416 esset
1025 4348 1220 4413 etiam
1246 4354 1392 4431 post
1413 4353 1782 4415 extructam
1820 4369 2020 4434 unam
2053 4351 2120 4416 in
2150 4352 2414 4419 civitate
2446 4354 2787 4419 ecclesiam

553 4489 589 4530 α
622 4465 705 4531 ad
734 4484 877 4530 eam
910 4462 1156 4548 pluries
1205 4464 1269 4528 in
1319 4461 1427 4528 die
1471 4462 1705 4532 fideles
1739 4483 2129 4552 accurrere3
2180 4465 2425 4536 idcirco
2469 4466 2784 4554 quasdam
