3146 4973
1317 359 1480 408 mas
1522 359 1751 407 rmus.
2520 346 2636 409 221

428 503 462 542 a
489 480 678 567 juxta
710 480 1073 549 doctrinam
1107 482 1376 559 Bartoli‚
1418 483 1503 548 ab
1540 481 1841 548 omnibus
1881 489 2214 566 receptam
2248 504 2264 549 :
2307 489 2451 549 tum
2498 486 2650 569 quia

428 621 460 657 α
500 604 720 681 potest
746 597 1065 682 appellari
1092 618 1130 662 a
1162 595 1406 681 judice,
1433 598 1620 683 cujus
1651 596 1922 665 arbitrio
1955 596 2195 682 aliquid
2225 599 2643 685 relinquitur,

425 734 458 770 a
490 712 545 776 si
576 713 743 778 male
791 712 1307 779 arbitraretur...
1360 713 1492 778 Sed
1541 714 1689 779 talis
1730 712 2077 797 appellatio
2122 733 2251 779 non
2291 714 2650 798 suspendet

425 849 457 887 α
496 827 972 907 executionem,
1003 827 1121 894 sed
1152 829 1283 894 erit
1313 827 1719 906 devolutiva,
1757 834 1826 894 et
1851 849 1889 895 a
1916 812 2258 913 superiore
2289 836 2510 914 potest
2549 836 2648 895 ta-

422 964 456 1003 «
496 941 573 1007 lis
595 943 914 1007 sententia
941 943 1260 1008 revocari.

511 1079 546 1117 α
580 1056 721 1124 Hoc
749 1056 924 1123 idem
950 1056 1221 1124 videtur
1251 1057 1612 1126 admittere
1640 1058 1816 1125 idem
1846 1066 2146 1124 sanctum
2182 1059 2532 1126 concilium
2578 1058 2646 1122 in

423 1195 452 1231 a
488 1173 697 1256 capite
729 1175 767 1237 2
795 1174 1091 1239 sessionis
1120 1176 1228 1251 25,
1266 1177 1341 1238 de
1377 1178 1800 1256 Reqularibus.
1835 1175 2149 1254 Quamvis
2197 1175 2371 1241 enim
2414 1174 2506 1240 ibi
2544 1172 2642 1238 di·

424 1310 457 1349 ει
501 1296 691 1353 catur
719 1288 896 1373 quod
924 1291 992 1354 in
1020 1290 1444 1369 monasteriiS,
1481 1291 1722 1375 quibus
1746 1309 1903 1356 cura
1927 1290 2288 1355 animarum
2319 1289 2639 1367 imminet,

426 1426 458 1465 a
492 1423 619 1469 non
640 1403 1045 1489 deputentur
1082 1406 1300 1490 aliqui,
1333 1406 1531 1471 etiam
1569 1405 1658 1472 ad
1693 1413 1927 1472 nutum
1959 1405 2363 1483 amovibiles,
2397 1406 2521 1470 nisi
2559 1402 2643 1470 de

423 1543 457 1582 a
492 1519 792 1606 Episcopi
819 1540 1161 1601 consensu,
1219 1541 1293 1586 ac
1343 1523 1588 1607 praevio
1619 1522 1938 1603 examine,
1985 1540 2109 1606 per
2143 1540 2292 1587 eum
2338 1527 2454 1585 aut
2505 1519 2647 1605 ejus

423 1657 456 1697 α
493 1636 806 1702 vicarium
834 1636 1161 1716 faciendo,
1204 1657 1336 1703 non
1358 1645 1579 1704 tamen
1610 1644 1806 1721 negat
1843 1635 2152 1720 deputari
2184 1656 2371 1722 posse
2403 1637 2645 1703 amovi-

421 1774 457 1813 α
490 1751 653 1818 biles
686 1772 834 1818 cum
865 1753 1161 1838 Episcopi
1195 1772 1536 1820 consensu.

513 1891 546 1929 α
579 1869 742 1934 Hinc
770 1869 964 1935 Sacra
1004 1870 1431 1954 congregatio
1470 1869 1740 1936 Concilii
1777 1870 2011 1953 saepius
2054 1870 2311 1935 censuit
2330 1917 2346 1947 ,
2391 1887 2533 1935 esse
2580 1869 2644 1933 in

423 2004 458 2042 (ι
497 1983 767 2049 arbitrio
802 1982 1157 2065 ordinarii,
1193 1986 1507 2052 vicarium
1547 1993 1945 2069 perpetuum
1982 1985 2090 2051 vel
2125 1983 2538 2052 amovibilem
2579 1984 2646 2048 in

421 2118 456 2157 a
492 2099 763 2167 ecclesia
785 2110 1013 2168 curata
1032 2105 1213 2170 unita
1237 2104 1661 2169 constituere.

513 2239 545 2274 α
579 2217 804 2302 Neque
863 2217 1038 2284 dicas
1070 2217 1194 2283 hoc
1237 2219 1607 2303 procedere
1654 2219 1720 2283 in
1771 2216 2244 2301 parochialibus
2284 2217 2506 2297 unitis,
2541 2218 2646 2283 vel

420 2352 456 2391 α
496 2332 930 2415 regularibus,
973 2335 1042 2398 iu
1093 2335 1332 2419 quibus
1379 2342 1767 2401 exercentes
1814 2351 2040 2398 curam
2070 2334 2450 2411 animarum,
2496 2332 2646 2399 ideo

420 2469 456 2508 α
489 2455 641 2512 sunt
669 2449 1045 2516 amovibsses
1068 2449 1152 2517 ad
1182 2458 1440 2529 nutum,
1477 2450 1628 2535 quia
1659 2469 1816 2517 cura
1845 2449 1926 2516 iis
1945 2468 2103 2517 vere
2141 2468 2272 2515 non
2301 2447 2639 2527 incumbit,

420 2584 457 2622 ει
491 2561 611 2628 sed
642 2564 889 2631 residet
916 2564 1094 2648 apud
1119 2565 1548 2645 cathedrales,
1576 2566 1967 2649 collegiataS,
2002 2566 2138 2631 sive
2166 2565 2323 2631 alias
2339 2565 2646 2631 ecclesias

421 2702 456 2740 a
483 2680 591 2744 vel
615 2682 1028 2757 monasteria,
1071 2681 1412 2760 beneficia,
1455 2683 1751 2766 collegia,
1796 2690 1912 2747 aut
1953 2683 2098 2747 loca
2128 2681 2257 2765 pia.
2293 2683 2448 2747 Nam
2480 2695 2647 2765 proe-

420 2816 455 2854 «
490 2801 790 2879 terquam
818 2796 996 2882 quod
1036 2804 1260 2863 textus
1297 2796 1461 2863 dicti
1510 2798 1738 2880 capitis
1781 2798 1857 2863 13
1895 2798 2193 2863 sessionis
2226 2798 2337 2873 24,
2380 2813 2508 2863 non
2551 2796 2644 2861 lo-

419 2932 455 2971 «
487 2911 712 2995 quitur
749 2911 834 2978 de
885 2911 1178 2979 ecclesiis
1231 2913 1450 2989 uniti5‚
1489 2911 1874 2995 responderi
1921 2912 2113 2978 etiam
2158 2917 2398 2996 potest,
2437 2909 2636 2995 quod,

420 3048 456 3084 α
492 3026 728 3092 eodem
768 3026 966 3093 modo
1008 3028 1097 3114 (in
1130 3047 1284 3093 casu
1313 3046 1445 3113 quo
1480 3046 1637 3093 vere
1686 3045 1842 3091 cura
1880 3045 2011 3090 non
2041 3026 2375 3093 incumbat
2404 3028 2645 3092 curatis

422 3163 456 3202 a
488 3143 989 3224 particularibus
1011 3163 1152 3209 eam
1186 3144 1673 3220 exercentibuS,
1699 3141 1820 3207 sed
1850 3140 2136 3208 resideat
2167 3141 2345 3226 apud
2374 3140 2645 3208 Ordina-

421 3279 455 3318 α
491 3259 641 3338 rios,
685 3266 753 3324 et
782 3261 874 3325 sic
904 3260 1139 3325 militet
1167 3261 1234 3324 in
1257 3259 1352 3325 eis
1381 3257 1616 3325 eadem
1634 3256 1852 3342 ratio),
1880 3258 2098 3324 locum
2120 3256 2364 3324 habere
2399 3259 2639 3341 poterit

422 3396 455 3434 «
491 3372 719 3439 eadem
745 3373 909 3459 juris
937 3374 1295 3460 dispositio.

511 3513 544 3550 a
600 3491 931 3557 Praeterea
1004 3511 1086 3557 ex
1153 3490 1449 3576 ejusdem
1503 3490 1757 3558 concilii
1824 3488 2245 3575 dispositione
2312 3489 2493 3576 (cap.
2567 3489 2634 3566 4,

421 3629 452 3666 «ι
486 3626 640 3672 sess.
677 3606 785 3691 21)
819 3609 1010 3674 sicuti
1053 3610 1117 3673 in
1151 3609 1279 3674 illis
1323 3608 1610 3675 ecclesiis
1647 3608 1761 3673 ubi
1795 3606 2078 3692 populus
2125 3607 2216 3671 ita
2254 3623 2639 3672 numerosus

422 3745 455 3783 α
492 3731 611 3803 est,
643 3730 720 3788 ut
755 3742 926 3789 unus
952 3732 1178 3790 rector
1229 3744 1361 3790 non
1410 3723 1704 3802 sufficiat,
1751 3730 1969 3807 potest
2005 3724 2368 3807 Episcopus
2402 3739 2636 3805 cogere

422 3861 454 3899 α
487 3839 790 3906 eumdem
841 3848 919 3905 ut
963 3841 1085 3906 sibi
1130 3840 1289 3907 alios
1329 3839 1705 3906 sacerdotes
1748 3838 2061 3923 adjungat
2110 3838 2194 3904 ad
2234 3846 2638 3905 sacramenta

423 3979 454 4016 α
490 3956 933 4035 ministranda,
970 3976 1089 4022 cur
1130 3976 1259 4022 non
1309 3956 1481 4023 idem
1527 3957 1724 4021 liceat
1781 3956 2122 4039 Episcopo,
2175 3953 2434 4039 quando
2497 3958 2636 4038 ipse

422 4095 453 4133 α
487 4073 660 4138 solus
708 4074 1030 4158 parochus
1067 4082 1169 4139 est
1203 4074 1595 4140 universalis
1636 4074 1704 4138 in
1737 4092 1852 4139 sua
1897 4072 2196 4149 dioecesi,
2253 4070 2636 4155 deputando

420 4210 453 4249 α
485 4190 855 4257 sacerdotes
883 4209 1002 4274 per
1028 4207 1190 4275 quos
1216 4209 1374 4256 cura
1402 4191 1837 4255 exerceatur⁰

505 4328 540 4363 a
577 4304 982 4390 videturque
1029 4305 1169 4370 tolli
1228 4305 1439 4371 omnis
1492 4303 1872 4383 difficultas»,
1929 4305 2079 4390 quia
2130 4303 2399 4370 modum
2463 4302 2635 4368 hunc

421 4440 453 4479 a
489 4439 663 4486 curae
699 4421 1131 4486 incumbentis
1179 4423 1498 4506 Episcopo
1549 4441 1669 4505 per
1712 4422 2136 4506 presbyteros
2193 4418 2639 4486 administran-
