3146 4973
579 385 707 445 200
1257 392 1631 440 raxc'rxrus
1675 392 1762 439 na
1806 388 2132 445 rsnocno.

666 517 984 584 Coeterum
1017 518 1085 581 in
1111 516 1306 581 citato
1329 519 1758 581 resolutionum
1786 520 1988 581 Sacroe
2014 520 2508 598 Conqreqationis
2539 524 2803 585 Concilii

579 635 899 709 Thesaum,
935 633 1127 716 plura
1171 632 1295 696 alia
1337 632 1629 714 reperies
1669 631 1966 715 exempla
1993 633 2493 715 praepositorum
2539 637 2651 698 uni
2687 654 2799 719 pa·

571 747 805 815 rochiae
848 745 1130 811 duorum
1161 747 1532 830 pluriumve
1567 745 2024 830 parochorum.

658 863 828 927 Item
863 862 931 926 in
966 859 1376 927 Gardelliana
1405 861 1787 927 collectione
1819 864 2181 925 decisionum
2218 866 2421 928 Saeroe
2455 868 2793 946 Conqreqa-

572 985 754 1042 tionis
795 974 1063 1054 Rituum,
1106 977 1226 1042 sub
1261 998 1329 1041 n.
1370 980 1566 1056 3833,
1611 977 1907 1061 reperies
1945 977 2205 1042 Parisiis
2240 978 2557 1044 exstitisse
2602 998 2796 1063 paro-

570 1095 800 1172 chiam,
831 1113 868 1157 a
897 1093 1107 1159 tribus
1130 1094 1320 1158 simul
1340 1094 1638 1177 parochis
1662 1093 2113 1177 gubernatam,
2131 1096 2243 1177 qui
2268 1102 2494 1177 postea
2517 1095 2602 1161 ad
2632 1095 2799 1163 duos

568 1209 825 1275 reducti
854 1217 1026 1273 sunt.
1066 1209 1192 1290 Qui
1228 1207 1381 1286 dub,
1423 1227 1569 1273 cum
1601 1210 1774 1272 inter
1795 1227 1864 1273 se
1894 1207 1977 1273 de
2007 1211 2494 1292 praeeminentia
2526 1219 2797 1276 conten-

569 1322 832 1402 derent,
879 1342 1107 1389 eorum
1154 1321 1350 1387 dubia
1393 1323 1663 1387 resolvit
1693 1323 1885 1387 Sacra
1928 1323 2356 1406 congregatio
2403 1322 2509 1389 die
2564 1326 2630 1387 11
2681 1324 2800 1390 de-

568 1441 852 1507 cembris
894 1445 1086 1507 1728.
1116 1441 1196 1505 Et
1227 1460 1311 1505 ne
1345 1440 1608 1504 minimo
1645 1438 1909 1522 quidem
1950 1439 2154 1505 verbo
2184 1439 2274 1504 ihi
2320 1441 2635 1517 innuitur,
2685 1461 2798 1506 an·

567 1557 986 1622 ticanonicam
1054 1575 1194 1619 esse
1245 1552 1613 1639 hujusmodi
1671 1574 1708 1618 a
1761 1552 2018 1620 duobus
2060 1555 2425 1621 rectoribus
2474 1555 2789 1639 parochiae

563 1671 1134 1754 gubernationem3
1180 1667 1300 1735 sed
1330 1670 1725 1735 contrarium
1756 1669 1950 1752 plane
1982 1671 2387 1754 supponitur.

653 1788 1010 1851 Pnonxruu
1044 1785 1190 1851 111⁰.
1225 1819 1317 1831 —-
1337 1786 1430 1849 Ex
1470 1785 1681 1866 capite
1715 1784 1795 1850 18
1823 1783 2120 1848 sessionis
2143 1786 2221 1849 24
2247 1783 2609 1849 'Ridentini
2640 1805 2796 1851 con-

560 1903 711 1967 cilii.
748 1902 849 1967 Ibi
890 1920 1194 1985 expresse
1227 1899 1466 1966 dicitur
1513 1920 1737 1965 curam
1780 1903 2138 1967 animarum
2168 1901 2236 1965 in
2267 1902 2478 1985 aliqua
2516 1903 2792 1968 ecclesia

559 2035 748 2101 posse
782 2016 864 2081 ab
895 2016 1213 2100 Episcopo
1251 2017 1568 2080 committi
1613 2016 1908 2098 pluribus
1957 2037 1970 2080 :
2014 2020 2276 2079 Etiamsi
2310 2036 2479 2095 cura,
2518 2020 2616 2080 vel
2641 2021 2790 2099 Epi-

557 2153 729 2214 scopo
773 2134 1103 2196 incumbere
1144 2134 1410 2210 dicatur,
1450 2138 1508 2194 et
1540 2150 1655 2213 per
1698 2151 1881 2194 unum
1925 2134 2021 2193 vel
2056 2134 2267 2213 plures
2296 2134 2791 2210 administretur,-

554 2253 738 2311 etiam
777 2253 841 2309 in
885 2248 1145 2308 ecclesiis
1181 2247 1748 2329 patrimonialibus,
1790 2265 1891 2307 seu
1934 2250 2249 2327 receptivis
2290 2251 2679 2326 nuncupatis,
2722 2253 2789 2309 in

553 2366 766 2445 quibus
787 2366 1088 2424 consuevit
1112 2364 1441 2442 Episcopus
1459 2365 1569 2423 uni
1592 2363 1686 2422 vel
1705 2363 1984 2442 pluribus
2016 2380 2223 2423 curam
2245 2367 2585 2424 animarum
2613 2364 2781 2425 dare.

554 2474 871 2562 Equidem
918 2473 1098 2541 eludi
1137 2474 1543 2560 aliquatenus
1590 2480 1807 2558 potest
1852 2475 1960 2540 illa
1996 2474 2331 2557 probati0,
2376 2473 2656 2541 dicendo
2700 2475 2790 2541 ibi

555 2593 657 2675 agi
687 2590 771 2657 de
802 2609 954 2656 casu
984 2608 1111 2674 quo
1141 2607 1341 2654 verus
1369 2588 1692 2673 parochus
1728 2596 1830 2654 est
1859 2591 2135 2673 ipsemet
2170 2589 2559 2675 Episcopus3
2597 2591 2687 2655 ita
2716 2599 2791 2657 ut

555 2707 643 2773 illi
689 2706 932 2789 plureS,
973 2702 1057 2769 ad
1096 2722 1349 2769 merum
1386 2723 1558 2770 curae
1609 2705 1993 2770 exercitium
2040 2704 2373 2789 deputati,
2417 2707 2572 2772 nihil
2609 2705 2786 2772 aliud

555 2822 683 2886 sint
712 2840 904 2905 quam
936 2820 1160 2884 vicarii
1177 2867 1192 2897 ,
1245 2821 1453 2885 alieno
1502 2820 1786 2897 nomine,
1839 2840 1968 2886 non
2011 2839 2151 2900 suo,
2194 2807 2670 2906 ministrantes3
2714 2841 2789 2887 ac

554 2934 826 3019 proinde
867 2954 903 2999 a
938 2936 1187 3001 ratione
1237 2935 1379 3001 veri
1430 2936 1844 3019 parochiatus
1895 2934 2278 3002 deficientes
2332 2958 2344 3001 :
2395 2956 2527 3002 nou
2570 2943 2787 3004 autem

554 3051 775 3134 negari
811 3050 1032 3133 plures
1077 3051 1144 3114 in
1181 3070 1310 3115 una
1344 3051 1652 3134 parochia
1700 3051 2003 3115 constitui
2038 3070 2225 3135 posse
2272 3050 2645 3136 hujusmodi
2675 3071 2788 3117 cu·

555 3171 730 3231 ratos
763 3165 1053 3230 vicarios
1091 3164 1334 3231 Atvero
1366 3167 1540 3230 facili
1570 3164 1868 3232 discursu
1885 3213 1902 3244 ,
1942 3185 2025 3232 ex
2055 3167 2461 3250 legitimitate
2501 3168 2787 3251 plurium

553 3281 615 3345 in
653 3299 780 3346 una
826 3280 1133 3364 parochia
1180 3282 1569 3347 vicariorum
1613 3290 1986 3347 curatorum
2009 3330 2025 3360 ,
2072 3281 2371 3349 concludi
2414 3289 2632 3367 potest
2666 3301 2789 3348 nec
2894 3265 2898 3269 ⁸

556 3415 922 3480 repugnare
981 3395 1412 3479 parochorum
1467 3397 1732 3480 proprie
1789 3396 2110 3463 dictorum
2164 3381 2631 3480 pluralitatem.
2673 3398 2791 3461 Su-

554 3529 804 3577 mamus
848 3530 1067 3576 casum
1120 3511 1411 3576 ecclesiae
1457 3510 1851 3576 cathedralis
1894 3512 1960 3575 in
2004 3531 2131 3596 qua
2181 3513 2540 3596 capitulum
2590 3511 2792 3578 habet

556 3645 780 3692 curam
811 3624 1150 3690 dumtaxat
1174 3632 1240 3689 in
1263 3628 1505 3704 kabitu;
1539 3625 1630 3690 ita
1652 3626 1898 3691 scilicet
1928 3634 2003 3691 ut
2023 3625 2129 3711 jus
2153 3627 2274 3710 ipsi
2300 3647 2431 3692 non
2458 3634 2787 3712 competat

554 3760 694 3806 sese
744 3740 812 3804 iu
856 3741 1169 3806 exercitio
1215 3758 1386 3806 curae
1447 3741 1875 3807 immiscendi.
1931 3741 2030 3806 Ibi
2078 3741 2432 3826 deputatus
2476 3742 2562 3808 ad
2610 3762 2783 3809 curae

556 3854 937 3920 exercitium
959 3902 974 3932 ‚
1031 3855 1442 3937 quantumvis
1496 3853 1753 3920 dicatur
1796 3861 2083 3935 vicarius,
2141 3856 2209 3919 in
2253 3875 2328 3921 re
2385 3865 2599 3924 tamen
2638 3875 2783 3923 eam

555 3981 817 4039 exercet
871 3975 1138 4056 proprio
1187 3976 1470 4039 nomine.
1529 3973 1691 4039 Nam
1740 3991 2051 4040 exercere
2104 3992 2327 4040 curam
2376 3976 2635 4042 nomine
2671 3977 2786 4042 ali-

557 4087 763 4171 cujuS,
807 4087 917 4172 qui
944 4087 1050 4172 jus
1089 4107 1220 4153 non
1250 4088 1447 4154 hahet
1485 4089 1553 4153 in
1591 4089 1902 4153 exercitio
1948 4106 2121 4180 curae
2165 4107 2307 4155 sese
2345 4089 2782 4168 immiscendi,

544 4183 655 4266 est
698 4220 933 4266 revera
969 4202 1145 4265 illam
1190 4220 1502 4267 exercere
1543 4205 2008 4284 independenter
2041 4206 2116 4266 ab
2152 4224 2217 4267 eo
2254 4223 2277 4265 .·
2316 4204 2434 4270 sed
2472 4224 2785 4273 exercere

556 4334 778 4381 curam
827 4313 1348 4398 independenter
1388 4314 1471 4379 ab
1502 4315 1739 4400 aliquo,
1778 4334 1907 4380 non
1956 4323 2057 4381 est
2103 4336 2247 4383 eam
2279 4337 2590 4386 exercere
2639 4326 2785 4385 tan-

556 4446 750 4513 quam
780 4428 981 4512 ipsius
1011 4428 1327 4497 vicarius:
1358 4448 1513 4513 ergo
1540 4430 1651 4513 qui
1681 4429 1804 4495 hoc
1833 4428 2027 4498 modo
2051 4449 2273 4497 curam
2303 4441 2599 4512 exercet,
2635 4454 2781 4501 eam
