3146 4973
570 365 699 428 312
1250 382 1627 430 numurus
1669 383 1758 430 nn
1803 382 2129 430 minoem.

669 533 701 570 «
733 511 808 575 3⁰
843 515 990 575 Jure
1021 514 1478 592 proeventionis,
1519 506 1679 573 dum
1729 507 2030 573 nimirum
2088 507 2549 592 praeveniendo
2608 528 2796 575 vaca-

569 648 605 688 «
636 627 879 692 tionem
911 622 1233 701 beneficii,
1267 621 1532 688 mandat
1561 623 1683 688 hac
1710 624 2044 688 vacatione
2085 623 2433 689 subsecuta
2480 624 2788 703 conferri,

569 763 603 803 α
642 741 748 807 vel
779 741 976 807 etiam
997 740 1138 823 ipse
1175 746 1415 804 extunc
1449 738 1708 803 confert
1738 745 1935 803 certoe
1964 756 2281 822 personae.

656 878 691 917 α
720 855 790 921 4⁰
818 861 966 919 ,Iure
992 859 1439 933 reservationis,
1501 852 1660 919 dum
1712 854 1973 920 confert
2023 860 2203 921 certa
2252 854 2591 933 beneficia,
2650 874 2794 939 quae

569 995 603 1032 «
637 972 773 1055 ipse
820 970 940 1036 sibi
989 970 1309 1052 privative
1351 969 1736 1035 reservavit.
1782 990 1815 1029 »
1854 968 2260 1055 (Leurenius,
2295 974 2518 1035 Forum
2573 972 2792 1048 benefi-

563 1091 737 1166 ciate,
765 1092 952 1171 parte
985 1090 1049 1164 2,
1077 1105 1141 1171 q.
1171 1085 1353 1169 513.)

653 1205 750 1268 De
777 1203 925 1287 jure
970 1203 1196 1287 Papali
1231 1221 1549 1266 concursus
1591 1207 1660 1266 et
1692 1208 2123 1282 praeventionis
2151 1220 2283 1266 non
2306 1209 2407 1266 est
2436 1220 2557 1266 cur
2591 1202 2794 1267 fusius

570 1317 987 1396 disseramuS,
1021 1336 1169 1382 cum
1199 1316 1284 1383 de
1317 1316 1502 1381 facto
1533 1315 1735 1381 Sedes
1775 1316 2139 1399 Apostolica
2180 1316 2300 1383 hoc
2333 1316 2483 1401 jure
2528 1318 2625 1382 uti
2663 1335 2791 1381 non

561 1436 791 1500 soleat.
830 1436 997 1500 Item
1028 1432 1241 1517 quoad
1269 1439 1378 1516 jus
1404 1436 1829 1513 devotationis,
1866 1440 1963 1497 sat
1996 1434 2122 1499 erit
2150 1433 2252 1498 hic
2281 1433 2636 1516 generatim
2678 1432 2793 1498 ad-

562 1555 842 1627 notasse,
887 1549 1036 1613 fieri
1065 1547 1150 1614 ad
1178 1549 1420 1630 Papam
1455 1545 1970 1625 devolutionem,
2029 1547 2287 1633 quando
2338 1547 2790 1614 inferioresad

560 1682 726 1749 quos
758 1663 1129 1747 pertinebat
1153 1661 1455 1728 beneficii
1491 1662 1775 1740 collatio,
1817 1661 1983 1728 illud
2030 1663 2329 1728 conferre
2364 1663 2792 1747 neglexerunt

559 1777 745 1842 intra
785 1786 1042 1862 tempus
1080 1798 1118 1843 a
1154 1779 1306 1863 jure
1339 1779 1821 1862 praescriptum,
1858 1779 1966 1843 vel
1997 1798 2076 1844 eo
2117 1777 2310 1844 modo
2346 1779 2781 1857 contulerunt,

561 1911 755 1977 quem
788 1893 899 1978 jus
932 1895 1167 1971 irritat,
1205 1901 1274 1959 et
1304 1901 1582 1977 propter
1609 1911 1803 1977 quem
1837 1891 2322 1959 devolutionem
2352 1892 2670 1958 decernit.

657 2018 898 2079 Atvero
937 2009 1021 2075 de
1055 2008 1202 2094 jure
1255 2007 1584 2092 pontificio
1633 2014 2060 2071 reservationis
2091 2006 2308 2093 quoad
2345 2008 2791 2092 parochiarum

564 2139 1079 2212 caeterorumque
1105 2124 1570 2192 beneficiorum
1613 2124 2052 2199 collationem,
2082 2122 2433 2207 diligenter
2463 2142 2792 2204 exponen-

559 2248 709 2314 dam
755 2245 1060 2311 duximus
1098 2241 1464 2308 doctrinam
1497 2241 1876 2307 catholicam
1918 2262 1932 2305 ε
1966 2249 2106 2306 tum
2134 2241 2315 2325 quod
2343 2241 2617 2305 materia
2654 2240 2791 2304 haec

559 2361 1004 2448 quotidianam
1054 2358 1307 2441 praxim
1348 2358 1654 2441 attingat3
1704 2364 1844 2421 tum
1897 2356 2092 2421 etiam
2138 2356 2223 2421 ob
2269 2356 2550 2422 infensas
2583 2355 2792 2421 decla-

565 2480 900 2554 matione5‚
941 2475 1176 2561 quibus
1214 2477 1676 2557 protestanteS,
1707 2492 1964 2539 necnon
2000 2471 2351 2557 J'anseniani
2396 2479 2464 2537 et
2502 2470 2794 2556 gallicani

560 2595 928 2678 systematis
962 2610 1277 2678 sequaces
1322 2591 1389 2654 in
1443 2589 1767 2674 ejusmodi
1809 2591 2171 2676 pontificias
2199 2590 2671 2657 reservationes
2703 2591 2794 2654 in-
2842 2611 2848 2616 ·

564 2710 793 2776 sectati
822 2716 996 2774 sunt.

1598 2891 1627 2962 §
1669 2885 1750 2949 ΙΙ.

737 3088 802 3134 Dc
822 3091 1047 3146 potestate
1077 3082 1270 3132 Romani
1290 3082 1528 3132 Pontificis
1558 3079 1888 3132 beneficiorum
1916 3082 2204 3130 collationem
2228 3082 2319 3132 sibi
2338 3080 2621 3130 reservandi.

658 3288 722 3349 1⁰
745 3286 1033 3350 Romano
1071 3281 1373 3348 Pontifici
1409 3289 1787 3365 competere
1813 3280 1920 3365 jus
1966 3282 2085 3348 sibi
2133 3281 2517 3349 reservandi
2551 3280 2788 3347 benefl-

566 3397 815 3462 ciorum
851 3395 1203 3480 cujuslibet
1254 3392 1555 3459 dioecesis
1593 3393 2026 3471 collationem,
2059 3394 2316 3460 omnino
2356 3401 2608 3459 certum
2645 3400 2779 3474 est-3

563 3519 761 3596 atque
786 3508 949 3577 illud
978 3528 1219 3593 negare
1257 3510 1681 3573 temerarium
1720 3526 1986 3590 prorsus
2013 3516 2185 3574 esset
2210 3517 2407 3593 atque
2441 3525 2781 3574 erroneum

567 3629 790 3713 (prout
835 3644 989 3692 suus
1033 3625 1160 3689 erit
1199 3625 1266 3687 in
1306 3628 1597 3688 tractatu
1635 3627 1711 3686 de
1747 3629 1918 3706 Papa
1965 3623 2289 3707 probandi
2324 3622 2552 3708 locus).
2595 3623 2776 3701 Nam,

564 3762 647 3810 ex
681 3742 871 3808 dictis
899 3739 1217 3822 superiori
1244 3739 1672 3824 paragrapho,
1693 3748 1794 3806 est
1817 3741 2144 3806 Romanus
2166 3740 2496 3816 Pontifex,
2531 3745 2600 3806 et
2645 3739 2783 3823 qui-

563 3857 719 3924 dem
746 3856 894 3941 jure
917 3854 1158 3932 divino,
1187 3856 1469 3920 omnium
1509 3855 1976 3923 beneficiorum
2021 3856 2249 3922 mundi
2287 3874 2632 3939 supremus
2670 3853 2782 3920 ad·

562 3972 1002 4054 ministrator3
1048 3989 1206 4055 ergo
1251 3978 1319 4037 et
1371 3990 1715 4057 supremus
1750 3975 2045 4039 collator.
2089 3972 2277 4038 Unde
2318 3980 2642 4057 repugnat
2698 3973 2777 4040 ad

563 4087 843 4171 aliquem
879 4087 1213 4169 pertinere
1251 4108 1464 4173 posse,
1501 4089 1834 4155 exclusive
1865 4088 2083 4173 quoad
2121 4091 2384 4173 Papam,
2431 4090 2536 4173 jus
2581 4090 2778 4168 hene·

561 4201 707 4267 ficia
732 4200 1146 4286 conferendi3
1201 4203 1322 4269 sed
1355 4225 1433 4271 eo
1464 4223 1658 4271 sensu
1690 4203 2038 4269 dumtaxat
2077 4207 2364 4271 existunt
2403 4205 2513 4269 alii
2543 4214 2780 4290 praeter

560 4317 801 4400 Papam
825 4316 1190 4396 collatore8‚
1226 4318 1403 4404 quod
1430 4318 1514 4384 de
1545 4319 1722 4385 facto
1754 4326 1826 4384 et
1846 4318 2054 4384 libere
2085 4320 2178 4386 eis
2216 4320 2395 4403 Papa
2421 4318 2777 4388 faciendam

559 4431 969 4497 collationem
999 4433 1330 4516 relinquit.
