3146 4973
1320 372 1543 418 rapax.
2430 357 2546 420 701

2456 467 2489 508 Ρ
2546 498 2558 509 .

456 538 637 601 possint
664 539 765 586 sine
800 552 941 586 causa
979 541 1185 588 revocari
1195 573 2384 592 ......................
2459 479 2558 593 4ῗ5

453 622 745 685 propositio
771 624 834 671 1⁸.
873 626 957 671 Est
981 623 1039 671 de
1068 626 1270 673 essentia
1295 625 1612 673 manualitatis
1635 633 1685 674 ut
1702 625 1853 688 possit
1868 624 2389 687 beneficiatuslegitime

515 709 720 757 revocari
754 709 854 756 sine
876 722 1019 756 causa
1024 739 2382 760 .........................
2455 713 2553 761 413

448 793 742 856 Propositio
770 794 856 841 ¹1⁸.
896 794 1200 842 Beneficiatus
1229 794 1512 854 amovibilis,
1542 795 1643 843 sinc
1662 808 1803 843 causa
1822 802 2083 855 revocatus,
2102 795 2389 856 nequitcon-

514 881 666 941 queri,
698 894 779 927 nec
802 880 880 939 jus
908 878 1178 927 recurrendi
1206 880 1398 939 habere,
1423 893 1479 927 ex
1506 893 1560 927 eo
1588 880 1724 928 titulo
1752 878 1877 942 quod
1898 880 1970 940 jus
1983 879 2132 941 ipsius
2150 880 2196 927 in
2216 879 2390 929 benefl-

511 966 634 1013 cium
659 964 880 1012 violatum
901 965 962 1012 sit
969 998 2382 1013 ..........................
2453 968 2553 1015 414

446 1048 741 1111 Propositio
765 1049 876 1097 111¹.
916 1050 981 1096 Ex
1004 1061 1058 1096 co
1077 1048 1199 1109 quod
1222 1062 1442 1096 revocans
1461 1049 1561 1096 sine
1580 1062 1722 1097 causa
1735 1055 1909 1110 agatcx
1924 1061 2069 1110 pravo
2086 1049 2276 1110 motivo,
2291 1063 2385 1098 nou

509 1135 720 1196 sequitur
747 1147 851 1181 eum
875 1146 966 1180 non
994 1133 1061 1180 uti
1083 1135 1187 1193 jure
1210 1146 1314 1191 suo,
1341 1141 1422 1180 aut
1444 1133 1664 1193 injuriam
1685 1133 1834 1182 facere
1856 1139 2087 1181 revocato.
2141 1168 2154 1181 .
2193 1170 2207 1181 .
2253 1169 2264 1182 .
2311 1169 2324 1182 .
2367 1172 2380 1184 .
2452 1137 2551 1184 415

445 1218 737 1281 propositio
759 1218 860 1265 ΙΨ.
877 1217 1092 1265 Generali
1107 1216 1296 1278 regulae,
1310 1216 1436 1278 quod
1451 1231 1676 1265 revocans
1699 1219 1800 1265 sine
1814 1231 1956 1265 causa
1968 1224 2128 1265 utatur
2145 1219 2254 1278 jure
2272 1232 2379 1281 suo,

507 1302 781 1365 apponenda
804 1310 875 1350 est
895 1303 1131 1363 exceptio:
1161 1302 1251 1349 uisi
1264 1302 1326 1348 oh
1343 1303 1603 1362 peculiares
1614 1302 1990 1351 circumstantias
2005 1310 2160 1350 amoto
2177 1302 2285 1351 iude
2302 1306 2383 1353 oh·

505 1389 659 1436 veniat
687 1387 889 1435 notabile
917 1385 1158 1445 damnum,
1184 1387 1244 1433 ub
1272 1387 1524 1434 amissione
1553 1385 1765 1434 beneficii
1785 1385 2018 1435 diversum
2028 1421 2377 1437 .......
2452 1392 2550 1440 416

444 1471 739 1533 Propositio
770 1472 850 1519 vt,
879 1470 1093 1518 Generali
1113 1468 1246 1518 dicta!
1267 1470 1440 1530 regulae
1467 1469 1743 1530 apponenda
1767 1470 1903 1519 etiam
1924 1478 1997 1520 est
2014 1472 2223 1534 exceptio
2247 1487 2259 1520 ι
2292 1474 2382 1523 nisi

505 1564 729 1619 sequatur
750 1555 969 1603 damnum
993 1554 1117 1602 tertii
1141 1554 1344 1602 notabile
1351 1587 2374 1607 ...................
2448 1563 2542 1609 417

440 1640 731 1704 propositio
745 1642 851 1688 vlt.
875 1638 1069 1696 Quando
1089 1619 1205 1685 tales
1228 1646 1339 1685 sunt
1355 1638 1734 1697 circumstantie,
1755 1648 1807 1687 ut
1823 1641 1996 1688 amotio
2015 1642 2182 1690 merito
2202 1655 2382 1703 prnsu-

505 1735 659 1773 matur
687 1724 787 1773 tieri
815 1738 869 1772 et<
898 1723 1025 1782 odio,
1047 1723 1135 1770 hoc
1159 1723 1262 1783 ipso
1286 1731 1443 1771 cessat
1454 1724 1532 1784 jus
1555 1724 1813 1784 superioris
1831 1725 2073 1773 amovendi
2095 1727 2196 1775 sine
2216 1741 2373 1778 causa.
2446 1733 2544 1780 417

368 1807 394 1874 ζ
420 1811 499 1858 IV.
539 1811 890 1858 Praeniissorum
918 1807 1167 1869 applicatio
1189 1809 1410 1868 parochis
1436 1809 1720 1857 inmovilibus
1747 1809 1926 1870 Galliae,
1959 1811 2040 1871 qui
2066 1810 2379 1862 deservitores

434 1901 761 1956 nuncupantur
787 1924 2374 1947 .............................
2446 1900 2545 1948 418

297 1978 492 2027 CAPUT
519 1980 600 2026 lv.
638 1977 811 2028 Norina
858 1976 1127 2026 removendi
1169 1978 1371 2026 vicarios
1423 1983 1631 2038 curatos,
1668 1975 1727 2024 ad
1758 1985 1921 2028 nutum
1952 1979 2152 2041 alicujus
2192 1983 2376 2043 collegii

363 2063 638 2111 amovihiles
668 2092 2372 2115 ...............................
2445 2070 2544 2118 423

295 2148 490 2196 CAPUT
515 2149 573 2194 V.
610 2148 783 2195 Norma
809 2147 1074 2196 removendi
1102 2149 1332 2209 parochos
1369 2147 1611 2207 regulares
1640 2147 1924 2209 (remissive)
1964 2181 2371 2200 ........
2444 2155 2543 2202 ⁴25

294 2228 542 2282 SECTIO
575 2231 631 2280 V.
671 2234 738 2279 De
756 2230 1107 2293 coadjutoribus
1129 2233 1440 2294 parochorum
1468 2230 1598 2279 etde
1621 2243 1785 2279 norma
1812 2246 1895 2281 eos
1928 2234 2260 2285 constituendi.
2305 2272 2317 2284 .
2361 2272 2374 2286 .
2446 2240 2545 2287 426

294 2317 491 2365 CAPUT
521 2317 562 2364 1.
600 2315 722 2372 Quid
751 2318 814 2364 sit
839 2324 886 2364 et
920 2316 1173 2378 quotuplex
1208 2315 1453 2377 coadjutor
1496 2350 2372 2369 ..............
2443 2323 2543 2371 426

294 2401 488 2450 CAPUT
515 2402 583 2449 11.
622 2402 804 2457 Quibus
831 2414 887 2448 ex
916 2401 1073 2448 causis
1098 2402 1303 2462 parocho
1333 2401 1436 2449 dari
1468 2401 1618 2462 possit
1643 2399 1886 2461 coadjutor
1896 2435 2371 2453 ........
2442 2407 2541 2456 428

359 2483 651 2548 propositio
679 2486 745 2534 lt.
782 2486 950 2546 Magna
975 2486 1136 2547 populi
1169 2484 1420 2534 multitudo
1458 2500 1552 2534 non
1598 2493 1671 2534 est
1702 2499 1847 2536 causa
1883 2489 2090 2550 legitima
2124 2492 2186 2539 ob
2231 2504 2371 2554 quam

426 2572 629 2633 parocho
656 2571 758 2618 dari
784 2572 938 2633 possit
956 2571 1200 2633 coadjutor
1211 2606 2365 2626 ..................
2440 2578 2542 2626 428

357 2654 652 2716 Propositio
682 2656 774 2702 11⁸.
812 2654 1008 2712 Quando
1026 2657 1280 2716 parochus,
1293 2668 1348 2704 ex
1362 2655 1522 2717 aliqua
1539 2656 1729 2717 perenni
1750 2657 1964 2717 corporis
1981 2668 2062 2706 aut
2081 2659 2223 2708 animi
2244 2659 2373 2709 infir-

425 2740 602 2799 mitate,
623 2739 721 2800 jam
739 2740 900 2802 nequit
925 2740 1193 2802 parochiam
1212 2752 1346 2787 suam
1374 2746 1498 2787 recte
1525 2751 1708 2800 regere,
1737 2739 1841 2787 dari
1868 2741 1911 2788 ei
1954 2748 2107 2802 potest
2142 2750 2191 2792 et
2234 2742 2373 2793 debet

424 2824 667 2874 coad'utor
687 2857 2367 2879 ..........................
2437 2830 2538 2880 ⁴29

356 2841 651 2973 Propoiitio
679 2911 796 2959 111⁸.
836 2913 995 2960 Potest
1015 2910 1208 2971 iusuper
1234 2909 1338 2957 dari
1370 2908 1615 2969 coadjutor
1643 2908 1713 2956 illi
1744 2912 1969 2970 parocho,
1998 2911 2078 2974 qui
2106 2914 2374 2962 necessaria

422 2994 479 3042 ad
509 2995 708 3043 officium
740 3008 876 3044 suum
907 2994 1099 3042 seientia
1127 2993 1380 3040 destitutus
1416 2993 1651 3053 reperitur
1694 3028 2374 3048 ...........
2439 3001 2534 3049 431

359 3079 650 3142 propositio
678 3082 786 3128 ΙΨ.
826 3082 983 3128 Potest
1006 3078 1267 3138 Episcopus
1290 3078 1541 3137 parochos,
1572 3084 1620 3124 et
1646 3077 1688 3124 si
1709 3078 1806 3138 jam
1834 3091 1863 3125 a
1888 3092 1939 3128 se
1967 3080 2037 3127 vel
2058 3081 2372 3142 praedecesso-

421 3167 558 3215 ribus
582 3166 681 3214 suis
709 3166 1015 3224 examinatos,
1046 3161 1103 3210 ad
1133 3174 1330 3210 examen
1359 3174 1545 3219 vocare,
1581 3169 1633 3209 ut
1663 3161 1817 3211 videat
1842 3176 1953 3211 num
1972 3165 2198 3226 requisita
2223 3167 2374 3215 scien·

423 3251 487 3298 tia
512 3251 853 3313 destituantur3
876 3249 1015 3298 modo
1038 3255 1191 3295 tamen
1220 3252 1384 3295 contra
1419 3259 1502 3293 eos
1540 3246 1729 3307 publice
1767 3247 1920 3308 vigeat
1955 3249 2227 3309 ignorantias
2259 3264 2371 3299 sus-

420 3336 544 3397 picio
551 3364 2366 3385 ............................
2439 3338 2535 3385 451

299 3417 497 3468 CAPUT
524 3421 618 3469 111.
654 3421 818 3476 Qualis
847 3419 1091 3479 coadjutor
1113 3417 1317 3478 parocho
1345 3414 1449 3464 dari
1476 3414 1630 3476 possit
1658 3422 1741 3463 aut
1760 3415 1927 3465 debeat
1966 3453 1977 3465 .
2019 3451 2030 3464 .
2077 3453 2088 3466 .
2135 3453 2147 3465 .
2187 3451 2202 3466 .
2247 3455 2258 3468 .
2303 3454 2318 3467 .
2355 3455 2369 3469 .
2440 3422 2540 3468 453

355 3501 647 3566 propositio
672 3505 735 3552 1⁸.
776 3506 1038 3567 Episcopus
1077 3503 1281 3563 parocho
1328 3499 1443 3549 dare
1487 3500 1652 3562 nequit
1698 3500 2015 3563 coadjutorem
2060 3517 2167 3551 cum
2215 3503 2371 3552 futura

421 3591 716 3638 successione
722 3618 2367 3639 ..............................
2438 3591 2537 3641 435

359 3671 655 3735 Propositio
685 3675 772 3723 11¹.
810 3674 1068 3734 coadjutor
1095 3674 1321 3734 praeditus
1347 3687 1451 3722 esse
1489 3672 1628 3721 dehet
1661 3672 1993 3733 qualitatihus,
2024 3687 2142 3735 quas
2172 3674 2371 3735 requirit

423 3758 622 3806 officium
660 3772 746 3819 pro
785 3773 879 3822 quo
902 3759 1041 3808 datur
1049 3790 2357 3809 ........................
2431 3762 2529 3815 434

285 3843 484 3891 CAPUT
509 3844 588 3890 lv.
630 3845 701 3912 An
728 3846 995 3905 requiratur
1027 3858 1283 3894 cousensus
1315 3845 1527 3906 parochi,
1561 3850 1614 3890 ut
1643 3844 1735 3903 ipsi
1774 3841 1877 3890 dari
1914 3844 2065 3903 possit
2091 3844 2366 3905 coadjutor;

355 3935 403 3974 et
428 3940 539 3975 num
564 3928 801 3988 appellare
826 3930 996 3991 possit,
1025 3930 1065 3977 si
1094 3930 1237 3977 invito
1265 3929 1358 3977 sihi
1396 3928 1642 3988 coadjutor
1682 3928 1946 3989 imponatur
1954 3960 2368 3979 ........
2435 3931 2535 3981 ⁴55

356 4011 654 4076 Propositio
677 4015 740 4064 1⁸.
780 4017 937 4063 Potest
962 4017 1241 4077 Episcopus,
1255 4016 1394 4063 etiam
1417 4015 1595 4071 invitis,
1625 4012 1921 4073 coadjutores
1948 4012 2081 4073 dare,
2111 4015 2173 4062 ob
2197 4028 2367 4064 causus

426 4100 673 4147 canonicas
700 4113 844 4162 supra
871 4113 1116 4161 expressas
1122 4128 2361 4150 .......................
2434 4106 2533 4151 ⁴55

360 4183 658 4248 propositio
679 4188 765 4234 11⁸.
807 4188 845 4234 Α
877 4186 1073 4235 decreto
1113 4185 1333 4247 Episcopi
1385 4181 1708 4243 coadjutorem
1743 4179 1900 4231 dantis
1937 4182 2173 4244 appellare
2215 4192 2368 4246 potest

422 4276 657 4335 parochus
682 4272 741 4321 ad
770 4273 981 4322 effectum
1008 4273 1322 4322 devolutirum
1345 4278 1544 4330 tantum,
1579 4269 1621 4317 si
1643 4270 1703 4316 ob
1734 4281 1922 4317 eausam
1944 4269 2191 4330 imperitias
2216 4268 2360 4317 eoad-

418 4358 549 4418 jutor
568 4358 708 4408 datus
729 4359 794 4407 sit
827 4374 840 4405 ε
872 4359 930 4406 ad
959 4366 1208 4421 utrumque
1235 4364 1389 4406 autem
1418 4355 1654 4416 effectum,
1683 4356 1725 4403 si
1761 4356 1822 4404 ob
1860 4367 2049 4404 causam
2080 4353 2365 4405 infirmitatis

426 4443 569 4492 animi
603 4452 685 4493 aut
710 4444 922 4507 corporis
937 4472 2359 4495 ...........................
2430 4441 2531 4491 436
