3146 4973
654 319 821 382 -480
1375 332 1748 379 Tusc'rAws
1797 333 1881 378 nu
1929 331 2253 378 maccho.

685 458 898 520 tinere
925 454 1550 519 administrationem
1578 452 1900 536 ejusmodi
1928 454 2348 530 oblationum,
2370 453 2517 519 vide
2549 452 2721 539 apud
2751 454 2892 519 Len-

688 573 940 636 renium
974 568 1141 653 (loeo
1169 569 1281 633 cit.
1310 588 1375 632 n.
1407 566 1497 650 8),
1534 574 1606 632 et
1635 567 1989 632 Bai-bosam
2016 569 2112 655 (cle
2132 571 2427 645 Par-ocho,
2453 589 2512 634 e.
2541 571 2650 648 24,
2672 588 2734 633 n.
2767 569 2884 650 22).

775 687 1078 766 QUAEs‘no
1123 685 1213 747 4⁸.
1261 721 1348 732 -
1392 688 1487 748 An
1513 686 1841 748 oblationes
1897 705 1977 748 ex
2007 690 2261 767 justitia
2296 688 2645 765 debeantur,
2703 693 2786 749 ito
2831 697 2890 749 ut

678 809 870 885 possit
900 800 1198 883 parochus
1243 820 1344 862 aas
1387 806 1626 880 exiqere
1666 805 1696 861 Ρ
1734 834 1821 848 --
1868 803 1929 864 10
1968 824 1997 859 a
2035 799 2135 866 Ad
2172 800 2503 866 faciendas
2558 800 2894 867 oblationes

693 941 725 977 a
758 914 1128 1000 parochiani
1157 932 1368 997 neque
1412 912 1636 979 divino
1677 933 1891 997 neque
1920 915 2200 980 humano
2229 915 2364 983 ullo
2394 922 2723 1000 praecepto
2748 915 2896 981 obli·

693 1057 724 1091 «
761 1036 1021 1114 gantur.
1057 1055 1082 1086 υ
1121 1028 1242 1113 (lta
1286 1028 1668 1108 Leurenins,
1717 1029 1782 1092 in·
1809 1048 1928 1095 sno
1981 1034 2132 1093 Foro
2177 1030 2542 1108 beneficiali,
2596 1039 2782 1113 parte
2839 1037 2890 1104 l,

685 1163 750 1230 q.
803 1147 957 1222 461,
998 1143 1334 1210 adducens
1379 1142 1576 1208 Lessii
1624 1152 1693 1208 et
1733 1143 2015 1209 Suaresii
2049 1142 2559 1227 anctoritatem.)
2597 1167 2629 1204 π
2670 1145 2894 1210 Seenre

692 1285 723 1322 α
765 1258 1127 1325 tenendum
1154 1264 1277 1335 est,
1303 1259 1394 1323 ait
1419 1258 1705 1323 Barbosa
1744 1259 1839 1344 (cle
1864 1261 2155 1336 Pan-ocho,
2182 1279 2241 1323 c.
2278 1260 2385 1334 24,
2422 1280 2488 1323 n.
2512 1257 2605 1342 9),
2643 1259 2902 1324 oblatio-

692 1403 722 1437 «
762 1395 907 1441 nem
957 1395 1085 1441 non
1121 1373 1352 1439 deberi
1384 1392 1464 1438 ex
1500 1381 1853 1456 praecepto,
1895 1394 2045 1439 eum
2094 1373 2164 1439 id
2211 1376 2277 1439 in
2313 1376 2515 1440 saeris
2566 1374 2907 1442 canonibus

692 1521 722 1554 «
761 1510 1076 1575 nusquam
1112 1496 1510 1572 appareat.»
1551 1491 1632 1554 Et
1680 1490 1817 1554 haee
1863 1491 2186 1555 sententia
2230 1492 2663 1555 communiter
2683 1492 2908 1573 recipi-

687 1619 817 1686 tur,
854 1615 1081 1673 eontra
1118 1604 1460 1671 nonnullos
1491 1613 1756 1671 veteres
1807 1607 2187 1683 canonistaS,
2243 1607 2354 1690 qui
2387 1607 2780 1671 eontrarium
2811 1614 2909 1671 te-

687 1731 992 1789 nuerunt.

774 1841 842 1902 20
873 1838 1004 1902 Per
1034 1833 1573 1901 consuetudinem
1601 1841 1816 1899 tamen
1847 1843 2066 1918 potest
2100 1836 2319 1904 induci
2361 1836 2674 1920 obligatio
2701 1845 2916 1901 certas

686 1963 755 2019 et
802 1951 1265 2018 determinatas
1319 1947 1642 2035 ejusmodi
1693 1950 2054 2017 oblationes
2101 1950 2406 2017 faciendi.
2438 1954 2596 2033 Quae
2643 1950 2914 2034 quidem

684 2067 1108 2144 consuetudo,
1165 2069 1289 2132 etsi
1332 2067 1516 2132 initio
1567 2065 1958 2143 voluntaria,
2017 2068 2072 2132 si
2120 2067 2407 2133 decursu
2453 2069 2768 2153 temporis
2803 2086 2916 2132 eas

682 2185 1083 2251 conditiones
1110 2180 1419 2257 induerit,
1459 2200 1602 2265 quae
1636 2181 1767 2246 vim
1791 2182 1952 2264 legis
1979 2182 2559 2248 consuetudinibus
2579 2182 2907 2259 tribuunt,

684 2301 927 2384 poterit
967 2296 1290 2381 parochus
1339 2295 1548 2361 dictas
1595 2298 1953 2363 oblationes
1996 2318 2078 2363 ex
2113 2298 2368 2383 justitia
2406 2303 2691 2382 exigere.
2721 2297 2912 2382 (Vide

682 2414 1054 2491 Bothum,
1078 2416 1155 2477 de
1178 2412 1477 2492 Paroolto,
1505 2431 1565 2477 c.
1603 2413 1710 2490 24,
1742 2433 1808 2478 n.
1849 2413 1983 2498 12.)

767 2536 840 2597 3⁰
867 2533 1144 2612 Insuper
1191 2547 1274 2593 ex
1328 2527 1570 2610 triplici
1619 2528 1811 2592 titulo
1861 2547 2047 2611 posse
2097 2528 2462 2596 oblationes
2495 2530 2922 2613 obligatorias

681 2646 964 2714 evadere
994 2653 1224 2711 tenent
1246 2644 1679 2708 communiter
1703 2642 2006 2710 doctores
2034 2664 2184 2711 oum
2209 2653 2436 2713 saneto
2456 2647 2697 2713 Thoma
2722 2648 2816 2729 (2,
2843 2652 2911 2719 2,

681 2783 744 2848 q.
794 2765 902 2839 86,
937 2781 998 2826 a.
1044 2762 1148 2843 l):
1198 2779 1471 2843 nempe,
1514 2782 1546 2819 c«
1585 2763 1829 2839 Primo,
1880 2759 2039 2826 dnm
2089 2760 2420 2827 debentur
2466 2781 2590 2847 per
2640 2761 2922 2828 modum

685 2903 714 2937 «ι
758 2896 1011 2953 census,
1036 2876 1361 2958 pensionis
1382 2883 1495 2940 aut
1516 2876 1965 2940 conventionis
1983 2883 2174 2941 antea
2204 2876 2390 2942 faetae
2421 2896 2570 2942 cum
2602 2880 2918 2944 eeclesia.

683 3021 713 3054 «
754 2996 1043 3072 Secundo,
1093 3009 1243 3056 oum
1286 2990 1616 3056 debentur
1658 3010 1741 3055 ex
1782 2998 2197 3068 testamento,
2243 2993 2480 3075 legato,
2529 2992 2924 3069 donatione,

682 3136 713 3171 α
754 3119 927 3177 voto.
964 3114 1186 3187 Tertio,
1218 3107 1375 3173 dum
1402 3107 1699 3172 minister
1727 3107 2015 3172 eeclesiae
2048 3127 2180 3173 non
2209 3107 2407 3173 habet
2435 3117 2930 3193 congruentem

681 3252 712 3287 «
756 3224 1337 3303 sustentationem3
1373 3230 1689 3289 tenentur
1715 3222 1891 3285 enim
1925 3227 2084 3286 tnnc
2106 3223 2477 3305 parochiani
2522 3224 2662 3309 (nisi
2686 3231 2760 3288 et
2793 3226 2936 3307 ipsi

679 3368 711 3403 «
760 3352 895 3409 tam
939 3342 1068 3408 sint
1100 3341 1324 3422 inopes
1371 3345 1440 3403 et
1479 3345 1734 3415 tenuati,
1769 3343 1843 3402 ut
1885 3343 2212 3421 nequeant
2248 3355 2641 3404 concurrere
2683 3337 2776 3403 ad
2819 3358 2938 3404 su-

681 3487 711 3521 «
759 3459 1221 3525 stentationem
1268 3452 1568 3537 parochi)
1602 3453 1819 3519 faeere
1858 3453 2217 3520 oblationes
2262 3453 2531 3536 aliquas.
2560 3478 2593 3514 ι»
2641 3456 2940 3539 (Leute—

672 3581 838 3655 nins,
867 3580 1087 3640 Forum
1116 3571 1479 3650 beneficiate,
1512 3576 1702 3653 parte
1756 3574 1815 3645 1,
1852 3588 1916 3653 q.
1962 3569 2146 3653 461.)

759 3692 1061 3771 Ωυαῑεπο
1097 3691 1183 3749 5·.
1222 3721 1308 3733 -
1345 3687 1649 3764 Quomodo
1677 3686 1760 3747 ad
1798 3688 2152 3767 Episcopum
2176 3693 2480 3766 pertineat
2505 3688 2944 3750 determinare

671 3828 942 3893 quomam
970 3808 1299 3869 oblationes
1327 3824 1408 3867 ex
1437 3808 1691 3885 justitia
1735 3808 1904 3885 θεείῳ·
1936 3809 2173 3884 possint
2194 3807 2224 3866 ,⁹
2259 3840 2348 3851 -
2385 3806 2448 3867 10
2483 3803 2608 3869 Ubi
2635 3821 2720 3868 ex
2761 3822 2946 3870 con·

672 3923 1021 3991 suetudine
1050 3939 1185 3986 non
1216 3926 1607 3985 tenerentur
1649 3916 1883 3983 fideles
1917 3918 2085 3982 ullas
2132 3917 2491 3984 oblationes
2528 3918 2785 3995 facere,
2824 3926 2950 3985 at-

672 4061 803 4127 que
830 4038 1089 4106 aliunde
1120 4057 1249 4103 non
1273 4036 1532 4103 deesset
1556 4053 1841 4117 congrua
1869 4033 2029 4098 cleri
2069 4034 2477 4109 sustentatio,
2523 4052 2652 4098 non
2681 4047 2950 4115 posset

672 4155 1055 4224 ordinarius
1080 4150 1400 4236 ejusmodi
1427 4150 1787 4216 oblationes
1821 4147 2232 4230 obligatorias
2261 4166 2344 4212 ex
2384 4144 2632 4229 justitia
2667 4147 2955 4213 decer,

670 4292 855 4342 nere.
890 4268 1192 4353 Sequitur
1219 4284 1303 4329 ex
1337 4264 1652 4346 principio
1684 4280 1880 4345 supra
1912 4266 2292 4339 memorato,
2353 4269 2422 4326 et
2468 4265 2957 4329 communiter

673 4414 708 4462 a
740 4383 1118 4456 doctoribus
1145 4379 1445 4453 admisso,
1481 4378 1726 4443 nullam
1767 4377 2014 4441 scilieet
2051 4385 2308 4442 exstare
2351 4395 2565 4463 neque
2607 4375 2956 4446 divinam
