3146 4973
1242 398 1403 448 raas
1452 400 1680 448 rarus.
2456 392 2576 457 137

344 498 795 565 Nemausensis
829 493 1119 580 synodus
1150 514 1340 579 posse
1385 496 1702 581 parochos
1745 498 2081 567 interdicti
2125 519 2389 585 poenam
2428 524 2582 589 pro-

343 615 667 690 nuntiare,
715 609 836 678 sed
874 631 960 679 ex
1005 612 1451 680 commissione
1501 613 1656 697 ipsis
1710 633 1831 699 per
1879 614 2225 682 decretum
2263 619 2577 704 synodale

343 729 616 812 collata3
672 748 802 794 non
846 747 1007 794 vero
1047 748 1131 795 ex
1171 729 1309 794 ullo
1344 727 1516 813 jure,
1555 728 1911 814 parochiali
1958 731 2162 797 officio
2194 732 2575 816 inhaerente,

342 850 457 911 aut
505 843 846 929 eii-aliqua
901 843 1049 928 lege
1107 843 1460 910 universali
1506 845 1847 927 Ecclesioe,
1896 865 2041 932 quae
2083 851 2577 933 praerogativam

343 962 521 1028 illam
567 960 1007 1047 parochorum
1048 961 1304 1026 muneri
1351 969 1819 1045 permanenter
1863 970 1935 1027 et
1980 962 2503 1047 independenter
2542 988 2579 1032 a

345 1077 616 1161 singulis
643 1077 971 1160 Episcopis
999 1075 1387 1159 alligaverit.
1421 1076 1520 1142 Ex
1553 1094 1633 1142 eo
1671 1074 1851 1161 quod
1885 1076 2102 1155 hodie,
2126 1074 2317 1145 verbi
2340 1082 2570 1165 gratia,

341 1211 510 1257 unus
568 1199 683 1257 aut
734 1176 903 1257 alte'r
970 1191 1324 1275 Episcopus
1381 1191 1656 1257 similem
1715 1190 2151 1259 interdicendi
2199 1194 2574 1262 facultatem

341 1306 642 1371 omnibus
680 1306 816 1372 suis
843 1305 1248 1390 presbyteris
1282 1313 1351 1371 et
1390 1304 1769 1372 diaconibus
1810 1305 2167 1385 tribueret,
2203 1308 2347 1393 quis
2385 1328 2578 1377 sanus

340 1421 711 1499 concludat,
753 1441 833 1487 ex
869 1420 1020 1506 jure
1074 1417 1296 1487 divino
1344 1421 1455 1486 vel
1490 1440 1573 1487 ex
1607 1420 1757 1507 jure
1807 1421 2270 1502 ecclesiastice,
2308 1425 2576 1511 presby-

342 1538 532 1602 terali
572 1542 643 1601 et
689 1535 1008 1602 diaconali
1037 1537 1355 1602 caracteri
1400 1536 1782 1603 facultatem
1826 1535 1991 1602 hanc
2025 1556 2165 1604 esse
2203 1538 2575 1622 alligatam?

427 1654 604 1717 VIII·
649 1670 1045 1719 musano.
1101 1690 1192 1701 --
1249 1675 1282 1712 (ι
1335 1650 1638 1737 synodus
1691 1653 2135 1718 Excestreusis
2194 1654 2346 1718 anni
2407 1657 2571 1721 1287

346 1790 380 1829 c<
414 1768 730 1833 concessit
757 1767 828 1833 id
863 1768 1049 1853 juris,
1097 1786 1228 1832 non
1259 1766 1562 1852 parochis
1590 1776 1847 1835 tantum
1869 1815 1887 1845 ,
1923 1766 2041 1833 sed
2093 1776 2164 1834 et
2204 1787 2435 1835 eorum
2478 1770 2576 1835 vi-

342 1904 377 1944 «
412 1883 603 1947 cariis
639 1883 960 1960 omuibus,
1001 1890 1079 1949 ut
1114 1902 1244 1949 non
1278 1880 1674 1949 interdicere
1714 1889 1968 1949 tantum
1987 1932 2004 1961 ‚
2049 1883 2170 1949 sed
2208 1892 2277 1951 et
2317 1903 2577 1952 excom-

342 2020 377 2060 α
409 1998 846 2064 manicatione
878 1997 1190 2064 innodare
1220 2007 1485 2083 possent
1519 2017 1633 2065 eos
1662 2017 1917 2077 omneS,
1953 2001 2065 2085 qui
2102 2001 2575 2084 interciperent

342 2136 378 2174 α
411 2114 517 2179 vel
549 2111 856 2190 decimas,
893 2113 999 2180 vel
1043 2113 1427 2191 oblationeS,
1465 2115 1577 2179 vel
1622 2134 1699 2180 ea
1742 2114 2010 2181 demum
2046 2115 2259 2181 omnia
2297 2133 2575 2200 quorum

342 2252 376 2291 α
415 2249 612 2314 penes
628 2231 984 2296 Ecclesiam
1001 2237 1145 2295 erat
1157 2230 1447 2313 legitima
1464 2238 1533 2295 et
1547 2231 1802 2296 notorie
1820 2232 2196 2315 praescripta
2214 2232 2532 2315 possessio
2555 2254 2569 2298 :

343 2368 377 2407 «
411 2350 634 2410 Licebit
673 2349 1056 2410 ecclesianam
1106 2350 1455 2426 rectoribus,
1501 2353 1755 2410 vicariis
1802 2354 1861 2409 et
1909 2349 2339 2430 par-ocharium
2378 2352 2576 2430 capel·

341 2485 374 2521 a
410 2465 603 2544 lanis,
648 2482 766 2545 pro
801 2467 1175 2542 mortuariis,
1210 2464 1570 2541 decimis...‚
1611 2468 1777 2527 trina
1825 2469 2023 2527 tamen
2058 2468 2383 2528 monitione
2408 2483 2572 2547 proe-

340 2600 375 2639 «
409 2586 622 2657 missa,
672 2584 1030 2642 nominatim
1076 2580 1434 2658 suspendere
1478 2586 1537 2642 et
1583 2583 2092 2642 excommunicare
2134 2581 2490 2644 detentores.
2532 2604 2617 2648 »J

339 2693 840 2779 (Thomassinus,
881 2697 1052 2775 part.
1105 2694 1162 2769 l,
1211 2691 1257 2755 l.
1297 2695 1359 2770 2,
1399 2711 1459 2758 c.
1504 2695 1613 2770 26,
1659 2712 1724 2756 n.
1763 2695 1803 2759 6
1835 2691 1922 2757 ad
1951 2689 2203 2776 finem.)
2246 2693 2337 2758 Ea
2367 2694 2569 2760 verba

333 2805 570 2892 synodi
619 2808 995 2873 Exoniensis
1050 2807 1580 2893 (Excestreusem
1629 2826 1775 2873 eam
1822 2814 2014 2874 vocat
2056 2806 2564 2890 Thomassinus),

334 2940 476 3008 quae
508 2897 931 3007 reperiuntur
970 2925 1181 3007 capite
1216 2925 1297 2990 44
1332 2933 1627 2991 actorum
1666 2923 1961 3010 ejusdem
2004 2924 2242 3011 synodi
2275 2926 2572 3011 (Comitia

335 3044 592 3121 Anqlioe,
635 3046 794 3105 tom.
853 3042 917 3116 2,
963 3057 1111 3123 pag.
1154 3041 1302 3118 154,
1337 3039 1497 3105 edit.
1552 3039 1825 3105 Londini
1880 3039 2099 3124 1737),
2145 3059 2275 3107 non
2312 3048 2567 3106 tantum

331 3156 653 3239 parochos
696 3155 1051 3239 respiciunt
1067 3203 1087 3235 ‚
1139 3156 1391 3221 fatente
1443 3157 1585 3240 ipso
1630 3157 2043 3223 Thomassino
2059 3204 2076 3234 ,
2128 3156 2250 3223 sed
2296 3164 2569 3224 caeteros

333 3271 528 3337 etiam
576 3270 953 3337 sacerdotes
995 3290 1123 3339 nou
1171 3271 1525 3356 parochos;
1581 3290 1736 3356 ergo
1780 3290 1913 3336 non
1962 3274 2164 3356 magis
2210 3272 2568 3356 probarent

332 3387 766 3472 parochorum
825 3363 1016 3472 quam
1068 3394 1454 3455 caeterorum
1510 3387 1902 3453 clericorum
1963 3388 2567 3454 excommunicandi

333 3509 750 3587 potestatem.
792 3503 876 3569 At
905 3511 1227 3587 praeterea
1264 3502 1368 3568 hic
1400 3501 1859 3585 applicandum
1904 3504 2084 3569 venit
2106 3551 2122 3581 ,
2156 3500 2332 3587 quod
2369 3521 2566 3587 supra

330 3616 816 3696 adnotavimus,
861 3618 931 3684 id
977 3619 1176 3684 moris
1220 3618 1418 3684 fuisse
1467 3627 1543 3683 ut
1589 3618 1853 3684 concilia
1892 3618 2307 3702 provincialia
2355 3626 2568 3684 certos

332 3733 646 3818 quosdam
679 3752 864 3799 casus
891 3731 1429 3811 determinarent,
1447 3753 1571 3818 pro
1601 3734 1836 3819 quibus
1863 3741 2128 3818 possent
2157 3733 2424 3817 parochi
2451 3741 2565 3800 aut

332 3849 444 3914 alii
492 3847 872 3915 sacerdotes
922 3849 1657 3916 excommunicationem
1709 3848 2147 3932 promulgare.
2209 3846 2398 3913 Unde
2431 3848 2564 3932 jam

331 3967 515 4050 qnasi
545 3987 585 4028 a
598 3973 744 4048 jure
784 3966 917 4030 lata
947 3971 1089 4032 erat
1124 3984 1397 4031 censura
1414 4015 1430 4043 ,
1468 3973 1538 4030 et
1580 3963 1907 4049 praedictis
1944 3963 2144 4029 fiebat
2184 3968 2437 4029 tantum
2471 3963 2566 4030 fa-

331 4082 542 4147 cultas
570 4082 783 4166 legem
824 4082 886 4146 in
931 4082 1307 4164 particulari
1347 4080 1736 4167 applicandi.
1790 4079 1870 4145 Id
1897 4088 2118 4145 autem
2158 4080 2421 4164 proprie
2468 4078 2566 4144 di-

333 4205 505 4263 ctam
554 4205 941 4281 potestatem
991 4197 1593 4265 excommunicandi
1642 4216 1772 4262 non
1819 4216 2095 4281 arguere
2133 4197 2199 4261 in
2230 4196 2558 4280 parochis‘,

332 4331 676 4378 censuram
720 4314 844 4380 hoc
887 4312 1083 4384 modo
1129 4315 1687 4399 promulgantibus
1726 4322 1794 4379 et
1827 4311 2321 4399 applicantibuS,
2372 4331 2564 4378 nemo

333 4448 462 4494 non
501 4426 707 4497 videt.
