3146 4973
637 338 768 400 370
1314 346 1690 396 moruus
1732 345 1820 395 ns
1864 345 2191 396 rinocuo.

635 476 945 540 diciaeiter
979 490 1094 538 sen
1134 472 1232 557 (ut
1251 479 1480 555 postea
1505 488 1664 536 usus
1712 468 2029 555 loquendi
2058 467 2352 554 invaluit)
2401 490 2483 533 ex
2532 474 2846 552 infamata

632 594 991 652 conscientia
1028 584 1454 671 procedendi,
1490 584 1853 670 loquuntur
1885 583 2229 651 dumtaxat
2265 584 2352 650 de
2383 585 2696 652 facultate
2729 606 2852 650 aas·

627 708 933 787 pandendi
951 751 968 782 ‚
1011 722 1138 769 non
1180 709 1400 767 autem
1438 704 1733 783 privandi
1771 700 2044 767 clericos
2083 699 2417 768 beneficiis
2460 703 2621 788 suis3
2667 709 2855 787 prout

633 820 776 885 fuse
804 818 1165 885 discussum
1201 816 1355 883 vide
1384 818 1455 881 in
1492 833 1639 883 meo
1668 823 1954 883 tractatu
1999 820 2075 880 de
2113 821 2403 898 Iudiciis,
2446 824 2626 885 tomo
2655 820 2721 896 2,
2751 835 2856 901 pe·

631 937 778 1018 gina
814 939 935 1001 311
975 941 1044 1001 et
1073 933 1524 1019 sequentibus.

722 1051 1021 1118 omem.
1062 1073 1078 1115 ε
1115 1051 1345 1115 Potoet
1390 1048 1747 1134 Episcopus
1779 1067 1860 1114 ex
1893 1048 2241 1115 informata
2277 1050 2677 1116 conscientia
2729 1067 2858 1115 sus·

631 1168 1007 1251 pensionem
1026 1173 1379 1250 perpetuam
1408 1165 1859 1248 pronuntiare,
1895 1172 2096 1249 prout
2141 1165 2207 1228 in
2248 1167 2448 1232 citato
2478 1171 2762 1232 tractatu
2789 1168 2860 1228 de

630 1286 894 1347 Iudiciis
910 1282 1037 1346 fuit
1064 1300 1105 1346 a
1136 1298 1238 1345 me
1263 1280 1403 1364 ipso
1425 1278 1777 1345 traditum:
1812 1282 1994 1365 atqui
2018 1282 2358 1365 smpensio
2388 1287 2716 1365 perpetua
2745 1280 2860 1363 pri-

631 1398 876 1463 vationi
902 1397 1249 1482 oequivnlet
1282 1418 1296 1460 t
1341 1413 1498 1479 ergo
1524 1401 1743 1479 potest
1790 1396 2149 1480 Episcopus
2203 1413 2289 1462 ex
2323 1396 2677 1462 informata
2718 1413 2861 1461 con-

629 1513 899 1578 scientia
924 1510 1250 1577 beneficio
1270 1510 1580 1576 clericum
1602 1511 1886 1594 privare.
1903 1547 1995 1560 —
2011 1511 2403 1596 Respondeo
2424 1511 2509 1578 ad
2527 1510 2855 1596 majorem,
2943 1569 2946 1570 γ

633 1647 738 1694 me
760 1647 889 1693 non
913 1626 1208 1693 absolute
1240 1626 1570 1709 Episcopis
1600 1625 1903 1693 tribuisse
1925 1628 2014 1713 (in
2041 1626 2221 1694 dioto
2240 1627 2549 1713 tractatu)
2564 1635 2864 1711 perpetum

630 1744 1069 1828 suspensionis
1098 1739 1711 1828 extra-judicialiter
1741 1742 2035 1809 ferendae
2069 1751 2495 1829 potestatem3
2526 1743 2646 1811 sed
2674 1745 2864 1810 ratio-

634 1879 755 1927 nes
786 1859 1127 1925 nonnullas
1172 1858 1533 1937 dumtaxat,
1587 1867 1658 1925 et
1704 1857 2050 1943 quamdam
2094 1860 2304 1926 Socrae
2343 1862 2867 1946 congregationis

635 1973 904 2042 Concilii
936 1973 1446 2043 declarationem
1482 1973 1855 2054 adduxisse,
1900 1995 2043 2061 quae
2089 1976 2159 2042 id
2208 1995 2321 2044 eos
2367 1996 2552 2061 posse
2597 1978 2866 2041 innuere

634 2090 943 2156 videntur
972 2113 987 2155 ε
1031 2099 1102 2156 et
1128 2089 1363 2175 adjeci,
1391 2109 1428 2155 a
1449 2091 1680 2174 peritis
1709 2092 1988 2157 romanis
2019 2093 2195 2168 viris,
2231 2091 2615 2176 quibuscum
2649 2091 2769 2156 hac
2787 2087 2867 2153 de

634 2226 709 2272 re
736 2206 1020 2272 verbnm
1050 2205 1198 2283 feci,
1224 2206 1591 2290 opinionem
1626 2205 1802 2272 illam
1831 2206 2262 2274 vehementer
2288 2207 2542 2292 repelli.
2571 2205 2706 2273 Sed
2727 2223 2867 2271 cum

635 2342 765 2387 non
794 2321 1235 2406 perspicerem
1272 2320 1600 2406 quomodo
1633 2320 1827 2387 dictae
1865 2322 2150 2389 rationes
2185 2322 2348 2388 dilui
2379 2326 2649 2406 possent
2699 2322 2873 2407 (licet

639 2455 750 2503 eas
784 2436 1023 2504 robore
1054 2453 1278 2504 carere
1318 2434 1658 2521 suspicer),
1694 2435 1872 2501 nolui
1919 2437 1975 2502 is
2021 2435 2253 2516 videri,
2289 2437 2400 2522 qni
2443 2435 2696 2522 aliquid
2728 2434 2872 2519 Epi-

640 2571 985 2637 scoporum
1022 2555 1332 2637 potestati
1369 2549 1813 2630 detraherem,
1853 2551 2078 2619 solidis
2123 2573 2353 2621 carens
2386 2553 2472 2620 ad
2513 2551 2585 2618 id
2615 2550 2874 2619 firman-

643 2667 802 2733 dum
834 2670 1251 2752 argumentis.
1305 2667 1631 2734 Caeterum
1681 2668 1893 2735 fateor
1934 2688 1974 2734 a
2018 2668 2398 2737 doctoribus
2446 2669 2877 2735 communiter

644 2800 767 2867 pro
795 2800 923 2847 una
945 2781 1306 2867 eademque
1329 2800 1405 2848 re
1434 2783 1661 2849 haberi
1684 2786 2112 2868 privationem
2142 2792 2209 2851 et
2236 2786 2728 2869 suspensionem
2742 2802 2876 2865 per-

637 2906 885 2979 petuam
916 2917 937 2959 .·
968 2897 1143 2961 inter
1199 2916 1363 2981 quos
1423 2900 1512 2963 sic
1559 2899 1940 2978 LeureniuS,
1987 2900 2071 2966 de
2120 2902 2443 2967 sententia
2497 2896 2879 2984 privationis

646 3014 919 3098 loquens
948 3034 962 3077 ε
1001 3034 1033 3074 «ι
1052 3012 1155 3078 Nil
1187 3012 1397 3078 refert
1420 3013 1543 3080 sub
1567 3030 1694 3099 qua
1715 3014 1926 3081 forma
1947 3016 2354 3099 concipiatur
2380 3016 2708 3081 sententia
2731 3010 2872 3078 illa:

657 3148 690 3189 α
721 3124 998 3210 perinde
1024 3127 1199 3192 enim
1231 3134 1353 3205 est,
1394 3127 1533 3192 sive
1576 3127 1692 3194 flat
1731 3148 1854 3213 per
1907 3131 2184 3197 verbum
2206 3137 2548 3214 privantes-⁹,
2591 3131 2736 3194 sive
2767 3143 2881 3212 per

658 3262 692 3305 α
732 3241 1010 3308 verbum
1058 3245 1428 3325 deponimus,
1472 3245 1609 3309 sive
1645 3262 1769 3328 per
1797 3246 2072 3311 verbum
2106 3249 2522 3338 suspendimus
2567 3252 2638 3310 in
2671 3262 2881 3327 perpe-

661 3378 695 3418 α
729 3364 896 3421 tuum
923 3380 956 3417 »
994 3354 1234 3441 (Forum
1262 3354 1625 3436 beneficiate,
1649 3366 1837 3440 parte
1873 3362 1939 3436 3,
1973 3377 2040 3443 q.
2079 3361 2225 3437 174,
2270 3377 2336 3424 n.
2371 3358 2462 3443 2).
2498 3360 2636 3425 Nec
2676 3359 2883 3424 minus

656 3468 1014 3537 concordes
1062 3478 1214 3535 sunt
1262 3473 1610 3537 canonistae
1648 3471 1804 3538 dnm
1841 3473 2135 3551 tradunt,
2173 3494 2300 3540 non
2328 3493 2516 3559 posse
2549 3473 2640 3539 ad
2674 3475 2884 3558 priva-

657 3588 902 3653 tionem
937 3582 1206 3668 procedi
1240 3585 1365 3649 nisi
1383 3593 1645 3651 servato
1668 3586 1834 3670 juris
1855 3588 2108 3655 ordine.
2146 3590 2336 3657 Unde
2370 3590 2548 3676 quod
2597 3593 2672 3655 in
2713 3588 2883 3654 dicto

660 3705 979 3767 tractatus
1020 3698 1147 3763 mei
1179 3701 1255 3762 de
1298 3703 1560 3764 Iudiciis
1592 3702 1734 3769 loeo
1778 3704 2024 3788 scripsi,
2052 3705 2288 3773 habeat
2327 3708 2539 3773 lector
2576 3713 2881 3792 tanquam

666 3831 912 3879 meram
950 3813 1346 3895 propositam
1394 3812 1862 3913 difficultatem,
1914 3819 2099 3904 cujus
2139 3822 2523 3888 solutionem
2566 3840 2603 3887 a
2644 3820 2887 3888 doctio-

664 3928 847 3994 ribus
874 3945 1231 4011 provocare
1279 3929 1490 4014 volui3
1546 3940 1747 4015 prout
1787 3935 1941 3999 satis
1977 3934 2222 4001 indicat
2277 3941 2428 4002 nota
2463 3933 2712 4002 ibidem
2757 3934 2885 4021 (pa-

667 4044 817 4126 gina
856 4039 1009 4125 338)
1040 4042 1357 4126 apposita.

749 4157 1028 4225 REGULA
1054 4157 1199 4223 111⁸.
1231 4195 1323 4208 —
1356 4163 1438 4224 Ut
1467 4169 1663 4242 possit
1693 4171 2089 4245 pronuntiari
2139 4172 2513 4248 privationis
2556 4170 2878 4241 sententia,

655 4276 1023 4356 reputanter
1048 4274 1336 4353 loquendo
1363 4276 1531 4337 debet
1557 4285 1832 4341 constare
1855 4281 2168 4344 andoliaco
2192 4302 2305 4364 per
2325 4284 2748 4363 probamus
2761 4282 2888 4365 plo·

656 4409 804 4452 nam
830 4407 931 4450 seu
964 4387 1431 4452 mhtdentem.
1466 4422 1557 4436 -—-
1589 4390 1686 4458 Ad
1717 4395 2158 4475 quaestionem,
2187 4394 2514 4480 quomodo
2540 4395 2887 4480 probatum
