3146 4973
1246 401 1404 450 rAns
1448 402 1708 448 'reni-m.
2465 385 2588 447 323

358 526 547 614 leone
575 526 807 616 fuerat
825 525 1135 590 articulus
1162 525 1284 589 sub
1311 525 1431 618 hac
1459 525 1785 612 formula:
1822 527 1914 588 Ils
1950 523 2064 610 (les
2093 508 2415 618 Eveques)
2439 543 2599 586 nom-

362 646 593 718 meront
636 644 674 699 τι
723 645 911 700 tontes
963 640 1045 698 les
1095 657 1286 700 cures.
1349 641 1459 701 Ces
1508 643 1910 700 nominatiores
1971 643 2170 699 seront
2228 642 2510 698 soumises
2557 643 2596 696 a

362 756 800 836 l'approbotiou
836 757 921 817 clu
965 762 1444 835 qouvernement.
1498 753 1858 830 Postulavit
1909 751 2268 820 Cardinalis
2305 752 2599 840 Consalvi

361 870 880 956 immutationem
904 869 972 932 in
994 869 1167 933 hunc
1190 867 1454 934 modum
1480 891 1493 933 ε
1527 873 1615 931 Ils
1634 877 2000 931 nommeront
2018 873 2057 930 ὰ
2084 876 2272 930 tou-tes
2298 871 2381 929 les
2403 888 2591 948 cures,

361 993 419 1050 ei
449 987 774 1056 choisiront
824 988 923 1046 des
966 994 1243 1067 postcurs
1274 988 1459 1054 douds
1488 989 1592 1048 cles
1622 989 1883 1067 qualice's
1935 991 2194 1065 requises
2218 1005 2340 1066 par
2378 988 2461 1045 les
2494 987 2606 1044 lois

363 1104 437 1162 de
469 1088 753 1182 I'quise,
795 1109 851 1163 et
889 1108 992 1181 qui
1027 1106 1312 1165 n'auront
1342 1123 1459 1183 pas
1495 1104 1790 1164 demerit&
1823 1106 1882 1164 la
1913 1104 2213 1180 confiance
2244 1105 2328 1164 clu
2356 1121 2605 1181 908881·-

361 1224 617 1278 nement.
663 1216 955 1296 Quonam
995 1225 1215 1280 autem
1254 1217 1519 1296 consilio
1566 1218 1654 1279 sic
1693 1215 2018 1281 moderari
2064 1216 2408 1281 articulum
2459 1233 2609 1297 pro-

364 1338 686 1407 curasset,
729 1334 844 1397 Pio
878 1334 997 1396 vll
1033 1332 1365 1398 indicabat
1400 1332 1572 1398 idem
1608 1330 1970 1398 Cardinalis
2004 1334 2102 1397 his
2135 1333 2353 1398 verbis
2388 1354 2401 1396 :
2455 1355 2487 1390 «
2527 1332 2612 1395 La

369 1471 400 1508 «
436 1448 633 1513 scelta
685 1447 789 1513 de'
834 1449 1096 1530 parochi
1135 1447 1286 1513 nell'
1331 1449 1578 1513 attuale
1624 1449 1979 1513 situazione
2037 1447 2211 1524 delle
2263 1467 2410 1514 cose
2464 1445 2612 1511 dev*

372 1587 403 1623 «
438 1583 651 1628 essere
691 1583 780 1627 un
814 1569 1019 1646 punto
1050 1565 1213 1629 assai
1251 1564 1469 1646 geloso
1504 1583 1626 1646 per
1664 1565 1708 1627 il
1745 1541 2090 1647 governo(
2116 1560 2505 1628 trattandosi
2544 1560 2615 1626 di

374 1703 405 1737 «
441 1699 754 1763 persone,
790 1679 910 1744 che
962 1680 1013 1743 si
1059 1680 1435 1745 avvicinano
1478 1680 1540 1744 al
1578 1681 1815 1762 popolo
1859 1682 1969 1761 piu
2014 1677 2187 1762 degli
2228 1680 2417 1744 stessi
2452 1680 2612 1742 Ves-

375 1821 405 1856 «
441 1798 607 1863 oevi,
644 1798 961 1862 Bramava
1001 1815 1122 1880 per
1162 1805 1345 1861 tanto
1388 1798 1434 1860 il
1476 1814 1764 1880 governo
1815 1795 2190 1872 medesimo‚
2235 1815 2362 1881 que
2402 1796 2464 1859 le
2503 1813 2619 1890 no-

377 1936 408 1971 «
444 1913 610 1978 mine
668 1913 998 1978 venissero
1054 1919 1489 1998 assoggettate
1549 1913 1678 1977 alla
1740 1932 1855 1976 sua
1915 1913 2421 1996 approbazione.
2460 1911 2522 1974 Si
2583 1930 2619 1974 e

378 2050 413 2084 «
448 2027 814 2091 combinato
848 2026 1159 2092 l'articolo
1192 2028 1257 2089 in
1291 2027 1471 2108 guisa
1506 2025 1575 2089 di
1609 2027 1822 2090 salvar
1860 2025 2045 2090 dette
2083 2027 2340 2091 nomine
2373 2025 2436 2089 ai
2471 2027 2622 2089 Ves-

381 2167 410 2202 α
448 2144 620 2219 8ον1,
660 2143 724 2206 10
761 2161 889 2227 quc
928 2142 1074 2206 fissa
1115 2143 1179 2206 in
1211 2142 1351 2206 loro
1389 2162 1475 2204 un
1515 2142 1607 2206 tal
1645 2142 1873 2205 diritto
1905 2142 2145 2217 libero,
2187 2161 2224 2205 e
2270 2140 2340 2206 di
2381 2160 2623 2206 amme-

381 2281 412 2317 «
450 2263 592 2322 tere
616 2257 680 2322 la
704 2258 976 2340 dserva,
1002 2259 1119 2321 che
1154 2276 1283 2320 nou
1316 2257 1761 2340 sceglieranno
1793 2259 1811 2320 i
1843 2256 2106 2340 pastori,
2138 2275 2208 2321 se
2247 2275 2374 2320 uon
2406 2254 2623 2340 doppo

382 2397 414 2432 a
451 2372 747 2440 d'essersi
812 2375 1149 2439 assicurati
1216 2373 1335 2437 che
1398 2371 1657 2457 godono
1715 2374 1777 2437 la
1840 2372 2079 2438 fiducia
2137 2371 2247 2438 del
2306 2392 2617 2456 governO.

383 2492 480 2556 «1
536 2490 812 2569 Yescovi
867 2490 1035 2554 80118
1079 2490 1222 2554 loro
1274 2488 1615 2572 prudenza
1671 2497 1993 2573 potranno
2039 2490 2103 2552 18
2161 2495 2299 2553 atto
2346 2490 2627 2572 prattico

387 2606 794 2670 «‘combinar
831 2606 893 2669 la
930 2625 1078 2671 cosa
1119 2605 1184 2668 in
1229 2603 1427 2670 modo
1479 2603 1847 2687 plausibile,
1886 2625 1922 2671 e
1970 2623 2162 2669 senza
2202 2584 2417 2671 dann’o
2457 2603 2628 2675 della

389 2747 415 2777 a
456 2718 790 2803 disciplina
825 2719 996 2785 dena
1036 2720 1338 2787 chiesa.»
2287 2702 2290 2705 ’

469 2835 743 2901 Aliunde
775 2844 993 2901 autem
1024 2836 1110 2901 ad
1142 2837 1479 2901 dominum
1515 2839 1784 2902 Bcrnier
1823 2836 2285 2921 presbyterum
2308 2885 2323 2914 ‚
2359 2839 2473 2921 qui
2508 2857 2626 2921 pro

390 2961 572 3034 parte
628 2953 930 3037 gubernii
978 2952 1243 3037 agebat,
1303 2952 1546 3017 hancce
1595 2962 1814 3037 notam
1863 2956 2220 3020 transmisit
2272 2954 2629 3025 Cardinalis

387 3048 678 3132 Consalri
734 3090 747 3130 ε
784 3073 877 3132 οη
908 3089 947 3130 α
982 3070 1232 3130 σὴενεὴό
1262 3073 1299 3130 ὰ
1328 3089 1599 3130 rassurer
1648 3073 1989 3151 davantaqe
2035 3075 2088 3132 le
2127 3081 2621 3151 qouvernement,

387 3203 459 3245 en
492 3186 697 3257 disant
730 3203 841 3263 que
870 3187 954 3247 les
975 3172 1238 3271 &ceques
1268 3190 1372 3265 qui
1396 3193 1764 3248 nommeronc
1784 3191 1822 3247 ὰ
1849 3193 2038 3248 tontes
2070 3190 2152 3247 les
2180 3207 2347 3249 cures
2375 3207 2448 3248 ne
2475 3188 2630 3247 choi-

387 3304 582 3360 siront
626 3302 711 3361 les
741 3307 1042 3379 pasteurS,
1087 3303 1365 3380 qu'apres
1403 3303 1580 3361 s'e'tre
1623 3303 1864 3362 assu-res
1910 3304 2092 3381 qu’ils
2135 3309 2268 3362 sont
2309 3302 2492 3363 (Ioues
2529 3305 2633 3363 cles

390 3414 647 3491 qualitds
688 3419 947 3493 requises
974 3433 1090 3492 par
1128 3416 1212 3475 les
1254 3416 1366 3475 lois
1396 3418 1470 3475 de
1513 3401 1796 3494 I'quise,
1837 3423 1894 3477 et
1924 3420 2105 3495 qu’ils
2134 3422 2434 3497 jouissent
2462 3420 2535 3478 cle
2571 3418 2631 3477 Ia

386 3530 685 3605 constance
720 3532 804 3591 dv·
840 3539 1297 3610 qonvernement
1340 3510 2224 3615 (1).'

476 3643 571 3705 Ex
603 3641 836 3727 quihus
889 3648 1107 3725 patet,
1142 3641 1363 3725 lingua
1407 3642 1634 3741 gallica
1671 3642 1950 3725 primum
1990 3645 2380 3728 exscriptam
2421 3646 2619 3711 fuisse

386 3757 639 3819 articuli
677 3754 869 3839 hujus
895 3755 1266 3820 formulam.
1298 3756 1488 3823 Unde
1525 3758 1825 3842 sequitur
1855 3777 2048 3823 voces
2073 3760 2216 3823 illas
2243 3764 2524 3843 Episcopi
2545 3766 2628 3825 acl

382 3878 677 3950 paroecias
710 3874 1102 3933 nominabunt
1146 3889 1227 3935 eo
1265 3866 1457 3936 sensu
1498 3871 1954 3959 intelligendas
1989 3893 2160 3951 esse,
2201 3877 2313 3960 qui
2357 3884 2630 3941 nomina-

394 3991 575 4048 tionis
615 3986 933 4051 vocabulo
963 3988 1030 4049 in
1065 3985 1246 4051 dicto
1279 3985 1584 4052 idiomate
1634 3986 1927 4053 inhaeret.
1972 3990 2181 4055 Porro
2212 3999 2521 4055 nominare
2546 3998 2630 4057 ad

391 4103 637 4183 aliquod
672 4122 887 4167 munus
914 4100 1090 4184 apud
1118 4102 1334 4168 Gallos
1372 4121 1565 4167 sensu
1593 4102 1785 4168 obvio
1819 4102 2114 4190 designat
2146 4114 2366 4173 actum
2402 4116 2627 4175 aucto·

465 4378 532 4439 (l)
565 4377 717 4426 110588
764 4384 917 4425 textus
963 4374 1227 4440 deprompsi
1275 4394 1329 4428 cx
1376 4378 1573 4442 quadam
1619 4378 2020 4439 documentorum,
2063 4383 2129 4430 Pii
2177 4385 2262 4429 vu
2308 4384 2624 4431 Pontificatum

396 4471 760 4533 respicientium,
791 4471 1080 4527 collectione,
1112 4485 1212 4531 quae
1239 4472 1361 4532 apud
1396 4474 1454 4520 R.
1484 4474 1537 4518 P.
1566 4470 1780 4529 Angelini
1807 4472 1855 4518 in
1889 4474 2082 4529 collegio
2109 4477 2316 4515 Romano
2346 4478 2632 4518 asservatur.
