<?xml version="1.0" encoding="UTF-8"?>
<!DOCTYPE html PUBLIC "-//W3C//DTD XHTML 1.0 Transitional//EN"
    "http://www.w3.org/TR/xhtml1/DTD/xhtml1-transitional.dtd">
<html xmlns="http://www.w3.org/1999/xhtml" xml:lang="en" lang="en">
 <head>
  <title>
</title>
<meta http-equiv="Content-Type" content="text/html;charset=utf-8" />
  <meta name='ocr-system' content='tesseract 3.04.00' />
  <meta name='ocr-capabilities' content='ocr_page ocr_carea ocr_par ocr_line ocrx_word'/>
</head>
<body>
  <div class='ocr_page' id='page_1' title='image "./tractatusdeparo00bouigoog_0241.png"; bbox 0 0 3146 4973; ppageno 0'>
   <div class='ocr_carea' id='block_1_1' title="bbox 1219 366 2557 431">
    <p class='ocr_par' dir='ltr' id='par_1_1' title="bbox 1219 366 2557 431">
     <span class='ocr_line' id='line_1_1' title="bbox 1219 366 2557 431; baseline 0.001 -3"><span class='ocrx_word' id='word_1_1' title='bbox 1219 378 1381 431; x_wconf 59' lang='lat' dir='ltr'>rins</span> <span class='ocrx_word' id='word_1_2' title='bbox 1425 382 1656 431; x_wconf 70' lang='lat' dir='ltr'>mim.</span> <span class='ocrx_word' id='word_1_3' title='bbox 1823 383 1835 391; x_wconf 91' lang='lat'><strong>·</strong></span> <span class='ocrx_word' id='word_1_4' title='bbox 2429 366 2557 431; x_wconf 77' lang='lat'>229</span> 
     </span>
    </p>
   </div>
   <div class='ocr_carea' id='block_1_2' title="bbox 227 506 2562 2086">
    <p class='ocr_par' dir='ltr' id='par_1_2' title="bbox 227 506 2562 2086">
     <span class='ocr_line' id='line_1_2' title="bbox 321 506 2554 592; baseline 0 -20"><span class='ocrx_word' id='word_1_5' title='bbox 321 515 437 572; x_wconf 86' lang='lat' dir='ltr'>tur</span> <span class='ocrx_word' id='word_1_6' title='bbox 469 528 484 572; x_wconf 75' lang='grc' dir='ltr'>ε</span> <span class='ocrx_word' id='word_1_7' title='bbox 517 507 699 591; x_wconf 82' lang='lat' dir='ltr'>atqui</span> <span class='ocrx_word' id='word_1_8' title='bbox 733 506 882 572; x_wconf 81' lang='lat' dir='ltr'>talis</span> <span class='ocrx_word' id='word_1_9' title='bbox 923 515 1045 585; x_wconf 82' lang='lat' dir='ltr'>eat,</span> <span class='ocrx_word' id='word_1_10' title='bbox 1099 526 1181 571; x_wconf 82' lang='lat' dir='ltr'>ex</span> <span class='ocrx_word' id='word_1_11' title='bbox 1225 506 1422 573; x_wconf 89' lang='lat' dir='ltr'>modo</span> <span class='ocrx_word' id='word_1_12' title='bbox 1451 507 1668 585; x_wconf 80' lang='lat' dir='ltr'>dictis,</span> <span class='ocrx_word' id='word_1_13' title='bbox 1701 506 2131 590; x_wconf 76' lang='lat' dir='ltr'>parochorum</span> <span class='ocrx_word' id='word_1_14' title='bbox 2164 506 2554 592; x_wconf 68' lang='lat' dir='ltr'>jur&#39;mdictio.</span> 
     </span>
     <span class='ocr_line' id='line_1_3' title="bbox 322 621 2375 703; baseline 0 -18"><span class='ocrx_word' id='word_1_15' title='bbox 322 621 520 703; x_wconf 88' lang='lat' dir='ltr'>Quod</span> <span class='ocrx_word' id='word_1_16' title='bbox 550 623 746 686; x_wconf 84' lang='lat' dir='ltr'>etiam</span> <span class='ocrx_word' id='word_1_17' title='bbox 776 640 859 688; x_wconf 83' lang='lat' dir='ltr'>ex</span> <span class='ocrx_word' id='word_1_18' title='bbox 889 622 1177 687; x_wconf 88' lang='lat' dir='ltr'>unanimi</span> <span class='ocrx_word' id='word_1_19' title='bbox 1200 621 1548 689; x_wconf 83' lang='lat' dir='ltr'>doctorum</span> <span class='ocrx_word' id='word_1_20' title='bbox 1582 640 1901 689; x_wconf 86' lang='lat' dir='ltr'>consensu</span> <span class='ocrx_word' id='word_1_21' title='bbox 1932 623 2375 689; x_wconf 83' lang='lat' dir='ltr'>confirmatur.</span> 
     </span>
     <span class='ocr_line' id='line_1_4' title="bbox 412 736 2559 821; baseline 0.001 -21"><span class='ocrx_word' id='word_1_22' title='bbox 412 741 687 820; x_wconf 60' lang='grc' dir='ltr'>ορᾷὲσίεε.</span> <span class='ocrx_word' id='word_1_23' title='bbox 715 768 807 785; x_wconf 88' lang='lat'>--</span> <span class='ocrx_word' id='word_1_24' title='bbox 832 738 952 802; x_wconf 86' lang='lat' dir='ltr'>Jus</span> <span class='ocrx_word' id='word_1_25' title='bbox 991 736 1191 803; x_wconf 83' lang='lat' dir='ltr'>habet</span> <span class='ocrx_word' id='word_1_26' title='bbox 1240 737 1593 821; x_wconf 70' lang='lat' dir='ltr'>parociam,</span> <span class='ocrx_word' id='word_1_27' title='bbox 1637 757 1768 803; x_wconf 92' lang='lat' dir='ltr'>non</span> <span class='ocrx_word' id='word_1_28' title='bbox 1809 745 2065 802; x_wconf 87' lang='lat' dir='ltr'>tantum</span> <span class='ocrx_word' id='word_1_29' title='bbox 2108 738 2559 821; x_wconf 87' lang='lat' dir='ltr'>poenitentiam</span> 
     </span>
     <span class='ocr_line' id='line_1_5' title="bbox 323 851 2559 935; baseline 0 -18"><span class='ocrx_word' id='word_1_30' title='bbox 323 860 395 917; x_wconf 89' lang='lat' dir='ltr'>et</span> <span class='ocrx_word' id='word_1_31' title='bbox 434 851 557 916; x_wconf 78' lang='lat' dir='ltr'>alia</span> <span class='ocrx_word' id='word_1_32' title='bbox 608 858 1012 916; x_wconf 87' lang='lat' dir='ltr'>sacramenta</span> <span class='ocrx_word' id='word_1_33' title='bbox 1063 851 1503 929; x_wconf 86' lang='lat' dir='ltr'>ministrandi,</span> <span class='ocrx_word' id='word_1_34' title='bbox 1545 852 1666 919; x_wconf 87' lang='lat' dir='ltr'>sed</span> <span class='ocrx_word' id='word_1_35' title='bbox 1706 857 1776 917; x_wconf 91' lang='lat' dir='ltr'>et</span> <span class='ocrx_word' id='word_1_36' title='bbox 1819 851 2231 935; x_wconf 83' lang='lat' dir='ltr'>invigilandi,</span> <span class='ocrx_word' id='word_1_37' title='bbox 2284 858 2559 935; x_wconf 77' lang='lat' dir='ltr'>paterne</span> 
     </span>
     <span class='ocr_line' id='line_1_6' title="bbox 322 965 2562 1052; baseline 0.001 -20"><span class='ocrx_word' id='word_1_38' title='bbox 322 965 779 1032; x_wconf 89' lang='lat' dir='ltr'>commonendi</span> <span class='ocrx_word' id='word_1_39' title='bbox 796 1013 812 1043; x_wconf 85' lang='lat'>‚</span> <span class='ocrx_word' id='word_1_40' title='bbox 848 975 917 1032; x_wconf 87' lang='lat' dir='ltr'>et</span> <span class='ocrx_word' id='word_1_41' title='bbox 954 967 1163 1032; x_wconf 89' lang='lat' dir='ltr'>multa</span> <span class='ocrx_word' id='word_1_42' title='bbox 1195 985 1340 1052; x_wconf 85' lang='lat' dir='ltr'>quae</span> <span class='ocrx_word' id='word_1_43' title='bbox 1381 967 1754 1050; x_wconf 79' lang='lat' dir='ltr'><strong>parochiam</strong></span> <span class='ocrx_word' id='word_1_44' title='bbox 1790 968 2146 1050; x_wconf 89' lang='lat' dir='ltr'>respiciunt</span> <span class='ocrx_word' id='word_1_45' title='bbox 2182 967 2455 1051; x_wconf 83' lang='lat' dir='ltr'>regendi</span> <span class='ocrx_word' id='word_1_46' title='bbox 2490 977 2562 1035; x_wconf 91' lang='lat' dir='ltr'>et</span> 
     </span>
     <span class='ocr_line' id='line_1_7' title="bbox 227 1077 2561 1174; baseline 0.001 -31"><span class='ocrx_word' id='word_1_47' title='bbox 227 1166 237 1174; x_wconf 90' lang='lat'><strong>.</strong></span> <span class='ocrx_word' id='word_1_48' title='bbox 322 1077 863 1161; x_wconf 81' lang='lat' dir='ltr'>administrandi3</span> <span class='ocrx_word' id='word_1_49' title='bbox 897 1096 1058 1161; x_wconf 83' lang='lat' dir='ltr'>ergo</span> <span class='ocrx_word' id='word_1_50' title='bbox 1085 1079 1286 1161; x_wconf 55' lang='lat' dir='ltr'>ipmus</span> <span class='ocrx_word' id='word_1_51' title='bbox 1312 1077 1689 1161; x_wconf 86' lang='lat' dir='ltr'>jurisdictio</span> <span class='ocrx_word' id='word_1_52' title='bbox 1714 1097 1849 1143; x_wconf 93' lang='lat' dir='ltr'>non</span> <span class='ocrx_word' id='word_1_53' title='bbox 1876 1086 1977 1144; x_wconf 84' lang='lat' dir='ltr'>est</span> <span class='ocrx_word' id='word_1_54' title='bbox 2009 1077 2351 1144; x_wconf 80' lang='lat' dir='ltr'><strong>dumtaxat</strong></span> <span class='ocrx_word' id='word_1_55' title='bbox 2371 1078 2561 1161; x_wconf 88' lang='lat' dir='ltr'>juris—</span> 
     </span>
     <span class='ocr_line' id='line_1_8' title="bbox 322 1193 2559 1278; baseline 0 -19"><span class='ocrx_word' id='word_1_56' title='bbox 322 1193 526 1259; x_wconf 79' lang='lat' dir='ltr'>dictio</span> <span class='ocrx_word' id='word_1_57' title='bbox 563 1193 688 1257; x_wconf 88' lang='lat' dir='ltr'>fori</span> <span class='ocrx_word' id='word_1_58' title='bbox 718 1193 1198 1278; x_wconf 83' lang='lat' dir='ltr'>poenitentialis.</span> <span class='ocrx_word' id='word_1_59' title='bbox 1235 1228 1327 1242; x_wconf 89' lang='lat'>-—</span> <span class='ocrx_word' id='word_1_60' title='bbox 1367 1193 1800 1277; x_wconf 87' lang='lat' dir='ltr'>Respondeo:</span> <span class='ocrx_word' id='word_1_61' title='bbox 1853 1212 1932 1258; x_wconf 88' lang='lat' dir='ltr'>ea</span> <span class='ocrx_word' id='word_1_62' title='bbox 1975 1212 2119 1277; x_wconf 81' lang='lat' dir='ltr'>quae</span> <span class='ocrx_word' id='word_1_63' title='bbox 2171 1212 2559 1259; x_wconf 88' lang='lat' dir='ltr'>enumeran-</span> 
     </span>
     <span class='ocr_line' id='line_1_9' title="bbox 321 1306 2557 1394; baseline 0 -20"><span class='ocrx_word' id='word_1_64' title='bbox 321 1318 435 1375; x_wconf 85' lang='lat' dir='ltr'>tur</span> <span class='ocrx_word' id='word_1_65' title='bbox 456 1309 723 1393; x_wconf 76' lang='lat' dir='ltr'>parochi</span> <span class='ocrx_word' id='word_1_66' title='bbox 738 1308 910 1394; x_wconf 86' lang='lat' dir='ltr'>jura,</span> <span class='ocrx_word' id='word_1_67' title='bbox 939 1317 1009 1374; x_wconf 90' lang='lat' dir='ltr'>et</span> <span class='ocrx_word' id='word_1_68' title='bbox 1025 1326 1170 1394; x_wconf 82' lang='lat' dir='ltr'>quae</span> <span class='ocrx_word' id='word_1_69' title='bbox 1193 1328 1425 1374; x_wconf 84' lang='lat' dir='ltr'>revera</span> <span class='ocrx_word' id='word_1_70' title='bbox 1453 1310 1579 1393; x_wconf 87' lang='lat' dir='ltr'>ipsi</span> <span class='ocrx_word' id='word_1_71' title='bbox 1599 1317 1910 1394; x_wconf 89' lang='lat' dir='ltr'>tanquam</span> <span class='ocrx_word' id='word_1_72' title='bbox 1938 1306 2129 1375; x_wconf 86' lang='lat' dir='ltr'>officii</span> <span class='ocrx_word' id='word_1_73' title='bbox 2163 1311 2557 1375; x_wconf 85' lang='lat' dir='ltr'>consectaria</span> 
     </span>
     <span class='ocr_line' id='line_1_10' title="bbox 318 1423 2555 1508; baseline -0 -19"><span class='ocrx_word' id='word_1_74' title='bbox 318 1431 725 1508; x_wconf 85' lang='lat' dir='ltr'>competunt,</span> <span class='ocrx_word' id='word_1_75' title='bbox 762 1424 1009 1489; x_wconf 88' lang='lat' dir='ltr'>nullam</span> <span class='ocrx_word' id='word_1_76' title='bbox 1046 1425 1456 1489; x_wconf 85' lang='lat' dir='ltr'>constituunt</span> <span class='ocrx_word' id='word_1_77' title='bbox 1480 1423 2027 1507; x_wconf 85' lang='lat' dir='ltr'>jurisdictionem.</span> <span class='ocrx_word' id='word_1_78' title='bbox 2071 1424 2357 1488; x_wconf 87' lang='lat' dir='ltr'>Paterne</span> <span class='ocrx_word' id='word_1_79' title='bbox 2380 1425 2555 1488; x_wconf 85' lang='lat' dir='ltr'>enim</span> 
     </span>
     <span class='ocr_line' id='line_1_11' title="bbox 321 1534 2556 1625; baseline 0 -22"><span class='ocrx_word' id='word_1_80' title='bbox 321 1556 758 1616; x_wconf 83' lang='lat' dir='ltr'>commonere,</span> <span class='ocrx_word' id='word_1_81' title='bbox 817 1546 1003 1604; x_wconf 87' lang='lat' dir='ltr'>actus</span> <span class='ocrx_word' id='word_1_82' title='bbox 1043 1534 1506 1625; x_wconf 84' lang='lat' dir='ltr'>jurisdictionis</span> <span class='ocrx_word' id='word_1_83' title='bbox 1542 1558 1675 1604; x_wconf 92' lang='lat' dir='ltr'>non</span> <span class='ocrx_word' id='word_1_84' title='bbox 1700 1548 1819 1617; x_wconf 91' lang='lat' dir='ltr'>est,</span> <span class='ocrx_word' id='word_1_85' title='bbox 1855 1538 1973 1605; x_wconf 89' lang='lat' dir='ltr'>sed</span> <span class='ocrx_word' id='word_1_86' title='bbox 2002 1539 2336 1604; x_wconf 84' lang='lat' dir='ltr'>charitatis</span> <span class='ocrx_word' id='word_1_87' title='bbox 2378 1561 2392 1603; x_wconf 74' lang='grc' dir='ltr'>ε</span> <span class='ocrx_word' id='word_1_88' title='bbox 2433 1557 2556 1603; x_wconf 82' lang='lat' dir='ltr'>cae-</span> 
     </span>
     <span class='ocr_line' id='line_1_12' title="bbox 320 1654 2557 1739; baseline 0 -18"><span class='ocrx_word' id='word_1_89' title='bbox 320 1664 463 1721; x_wconf 86' lang='lat' dir='ltr'>tera</span> <span class='ocrx_word' id='word_1_90' title='bbox 500 1660 719 1721; x_wconf 87' lang='lat' dir='ltr'>autem</span> <span class='ocrx_word' id='word_1_91' title='bbox 749 1662 1105 1721; x_wconf 90' lang='lat' dir='ltr'>memorata</span> <span class='ocrx_word' id='word_1_92' title='bbox 1134 1654 1307 1739; x_wconf 84' lang='lat' dir='ltr'>jura,</span> <span class='ocrx_word' id='word_1_93' title='bbox 1347 1655 1432 1720; x_wconf 91' lang='lat' dir='ltr'>de</span> <span class='ocrx_word' id='word_1_94' title='bbox 1472 1654 1862 1739; x_wconf 84' lang='lat' dir='ltr'>quibusdam</span> <span class='ocrx_word' id='word_1_95' title='bbox 1905 1674 2141 1738; x_wconf 86' lang='lat' dir='ltr'>nempe</span> <span class='ocrx_word' id='word_1_96' title='bbox 2182 1656 2557 1739; x_wconf 84' lang='lat' dir='ltr'>temporali-</span> 
     </span>
     <span class='ocr_line' id='line_1_13' title="bbox 319 1768 2553 1854; baseline -0.001 -18"><span class='ocrx_word' id='word_1_97' title='bbox 319 1771 444 1836; x_wconf 85' lang='lat' dir='ltr'>bus</span> <span class='ocrx_word' id='word_1_98' title='bbox 473 1768 796 1854; x_wconf 83' lang='lat' dir='ltr'>parochiae</span> <span class='ocrx_word' id='word_1_99' title='bbox 835 1770 1034 1836; x_wconf 88' lang='lat' dir='ltr'>rebus</span> <span class='ocrx_word' id='word_1_100' title='bbox 1084 1769 1442 1851; x_wconf 83' lang='lat' dir='ltr'>statuendi,</span> <span class='ocrx_word' id='word_1_101' title='bbox 1492 1790 1827 1836; x_wconf 86' lang='lat' dir='ltr'>sacrorum</span> <span class='ocrx_word' id='word_1_102' title='bbox 1861 1770 2216 1836; x_wconf 88' lang='lat' dir='ltr'>officiorum</span> <span class='ocrx_word' id='word_1_103' title='bbox 2258 1769 2553 1836; x_wconf 81' lang='lat' dir='ltr'>ordinem</span> 
     </span>
     <span class='ocr_line' id='line_1_14' title="bbox 319 1883 2553 1969; baseline -0 -20"><span class='ocrx_word' id='word_1_104' title='bbox 319 1883 758 1962; x_wconf 88' lang='lat' dir='ltr'>decernendi,</span> <span class='ocrx_word' id='word_1_105' title='bbox 802 1892 873 1951; x_wconf 94' lang='lat' dir='ltr'>et</span> <span class='ocrx_word' id='word_1_106' title='bbox 912 1885 1036 1949; x_wconf 90' lang='lat' dir='ltr'>alia</span> <span class='ocrx_word' id='word_1_107' title='bbox 1078 1883 1482 1969; x_wconf 86' lang='lat' dir='ltr'>hujusmodi,</span> <span class='ocrx_word' id='word_1_108' title='bbox 1524 1887 1775 1951; x_wconf 87' lang='lat' dir='ltr'>nullam</span> <span class='ocrx_word' id='word_1_109' title='bbox 1824 1887 1956 1951; x_wconf 88' lang='lat' dir='ltr'>fori</span> <span class='ocrx_word' id='word_1_110' title='bbox 2001 1887 2255 1951; x_wconf 73' lang='lat' dir='ltr'>externi</span> <span class='ocrx_word' id='word_1_111' title='bbox 2289 1884 2553 1968; x_wconf 87' lang='lat' dir='ltr'>jurisdi-</span> 
     </span>
     <span class='ocr_line' id='line_1_15' title="bbox 317 2001 2545 2086; baseline -0 -20"><span class='ocrx_word' id='word_1_112' title='bbox 317 2004 599 2068; x_wconf 81' lang='lat' dir='ltr'>ctionem</span> <span class='ocrx_word' id='word_1_113' title='bbox 617 2051 632 2079; x_wconf 96' lang='lat'><strong>‚</strong></span> <span class='ocrx_word' id='word_1_114' title='bbox 661 2001 780 2067; x_wconf 90' lang='lat' dir='ltr'>sed</span> <span class='ocrx_word' id='word_1_115' title='bbox 812 2001 1162 2086; x_wconf 84' lang='lat' dir='ltr'>quamdam</span> <span class='ocrx_word' id='word_1_116' title='bbox 1190 2001 1540 2069; x_wconf 79' lang='lat' dir='ltr'>dumtaxat</span> <span class='ocrx_word' id='word_1_117' title='bbox 1572 2002 2202 2069; x_wconf 74' lang='lat' dir='ltr'>administrationem</span> <span class='ocrx_word' id='word_1_118' title='bbox 2240 2008 2545 2086; x_wconf 80' lang='lat' dir='ltr'>arguunt.</span> 
     </span>
    </p>
   </div>
   <div class='ocr_carea' id='block_1_3' title="bbox 1216 2268 1641 2336">
    <p class='ocr_par' dir='ltr' id='par_1_3' title="bbox 1216 2268 1641 2336">
     <span class='ocr_line' id='line_1_16' title="bbox 1216 2268 1641 2336; baseline -0.005 0"><span class='ocrx_word' id='word_1_119' title='bbox 1216 2268 1484 2336; x_wconf 82' lang='lat' dir='ltr'>CAPUT</span> <span class='ocrx_word' id='word_1_120' title='bbox 1531 2272 1641 2335; x_wconf 90' lang='lat' dir='ltr'>VI.</span> 
     </span>
    </p>
   </div>
   <div class='ocr_carea' id='block_1_4' title="bbox 305 2536 2549 2702">
    <p class='ocr_par' dir='ltr' id='par_1_4' title="bbox 305 2536 2549 2702">
     <span class='ocr_line' id='line_1_17' title="bbox 305 2536 2549 2602; baseline -0.002 -16"><span class='ocrx_word' id='word_1_121' title='bbox 305 2539 398 2586; x_wconf 82' lang='lat' dir='ltr'>m:</span> <span class='ocrx_word' id='word_1_122' title='bbox 434 2536 720 2588; x_wconf 79' lang='lat' dir='ltr'>VICARns</span> <span class='ocrx_word' id='word_1_123' title='bbox 766 2536 1290 2588; x_wconf 66' lang='lat' dir='ltr'>CAPPELLARISVE</span> <span class='ocrx_word' id='word_1_124' title='bbox 1330 2538 1636 2600; x_wconf 75' lang='lat' dir='ltr'>cmums,</span> <span class='ocrx_word' id='word_1_125' title='bbox 1681 2540 1766 2587; x_wconf 67' lang='lat' dir='ltr'>m*</span> <span class='ocrx_word' id='word_1_126' title='bbox 1795 2539 2054 2602; x_wconf 71' lang='lat' dir='ltr'><strong>QUINAM</strong></span> <span class='ocrx_word' id='word_1_127' title='bbox 2094 2539 2177 2586; x_wconf 81' lang='lat' dir='ltr'>Ex</span> <span class='ocrx_word' id='word_1_128' title='bbox 2213 2536 2368 2586; x_wconf 85' lang='lat' dir='ltr'>IPSIS</span> <span class='ocrx_word' id='word_1_129' title='bbox 2403 2536 2549 2584; x_wconf 73' lang='lat' dir='ltr'>SINT</span> 
     </span>
     <span class='ocr_line' id='line_1_18' title="bbox 1160 2653 1676 2702; baseline 0.002 -3"><span class='ocrx_word' id='word_1_130' title='bbox 1160 2654 1315 2701; x_wconf 74' lang='lat' dir='ltr'>vssm</span> <span class='ocrx_word' id='word_1_131' title='bbox 1367 2653 1676 2702; x_wconf 77' lang='lat' dir='ltr'>PAROGHI.</span> 
     </span>
    </p>
   </div>
   <div class='ocr_carea' id='block_1_5' title="bbox 279 2905 2542 4498">
    <p class='ocr_par' dir='ltr' id='par_1_5' title="bbox 279 2905 2542 4362">
     <span class='ocr_line' id='line_1_19' title="bbox 400 2905 2542 2991; baseline 0.001 -21"><span class='ocrx_word' id='word_1_132' title='bbox 400 2908 830 2971; x_wconf 67' lang='lat' dir='ltr'>Proenotamda.</span> <span class='ocrx_word' id='word_1_133' title='bbox 865 2941 954 2952; x_wconf 90' lang='lat'>—</span> <span class='ocrx_word' id='word_1_134' title='bbox 990 2908 1060 2969; x_wconf 85' lang='lat'>1⁰</span> <span class='ocrx_word' id='word_1_135' title='bbox 1090 2906 1387 2973; x_wconf 78' lang='lat' dir='ltr'>vicarius</span> <span class='ocrx_word' id='word_1_136' title='bbox 1416 2913 1685 2974; x_wconf 84' lang='lat' dir='ltr'>curatus</span> <span class='ocrx_word' id='word_1_137' title='bbox 1711 2905 1954 2974; x_wconf 89' lang='lat' dir='ltr'>dicitur</span> <span class='ocrx_word' id='word_1_138' title='bbox 1982 2908 2119 2985; x_wconf 88' lang='lat' dir='ltr'>ille,</span> <span class='ocrx_word' id='word_1_139' title='bbox 2157 2908 2267 2991; x_wconf 90' lang='lat' dir='ltr'>qui</span> <span class='ocrx_word' id='word_1_140' title='bbox 2307 2905 2392 2972; x_wconf 92' lang='lat' dir='ltr'>ad</span> <span class='ocrx_word' id='word_1_141' title='bbox 2430 2926 2542 2973; x_wconf 88' lang='lat' dir='ltr'>cu-</span> 
     </span>
     <span class='ocr_line' id='line_1_20' title="bbox 301 3021 2541 3107; baseline 0.002 -21"><span class='ocrx_word' id='word_1_142' title='bbox 301 3040 444 3086; x_wconf 85' lang='lat' dir='ltr'>ram</span> <span class='ocrx_word' id='word_1_143' title='bbox 472 3022 839 3086; x_wconf 89' lang='lat' dir='ltr'>animarum</span> <span class='ocrx_word' id='word_1_144' title='bbox 880 3021 1139 3100; x_wconf 85' lang='lat' dir='ltr'>alicubi,</span> <span class='ocrx_word' id='word_1_145' title='bbox 1183 3022 1453 3106; x_wconf 79' lang='lat' dir='ltr'>parochi</span> <span class='ocrx_word' id='word_1_146' title='bbox 1495 3023 1873 3107; x_wconf 82' lang='lat' dir='ltr'>principalis</span> <span class='ocrx_word' id='word_1_147' title='bbox 1898 3023 2066 3099; x_wconf 83' lang='lat' dir='ltr'>loco,</span> <span class='ocrx_word' id='word_1_148' title='bbox 2107 3021 2541 3090; x_wconf 77' lang='lat' dir='ltr'>exercendam</span> 
     </span>
     <span class='ocr_line' id='line_1_21' title="bbox 297 3135 2540 3223; baseline -0 -20"><span class='ocrx_word' id='word_1_149' title='bbox 297 3137 590 3220; x_wconf 81' lang='lat' dir='ltr'>legitime</span> <span class='ocrx_word' id='word_1_150' title='bbox 641 3135 1000 3220; x_wconf 83' lang='lat' dir='ltr'>deputatus</span> <span class='ocrx_word' id='word_1_151' title='bbox 1039 3137 1190 3202; x_wconf 81' lang='lat' dir='ltr'>fuit.</span> <span class='ocrx_word' id='word_1_152' title='bbox 1240 3136 1427 3203; x_wconf 86' lang='lat' dir='ltr'>Unde</span> <span class='ocrx_word' id='word_1_153' title='bbox 1477 3145 1554 3204; x_wconf 91' lang='lat' dir='ltr'>ut</span> <span class='ocrx_word' id='word_1_154' title='bbox 1602 3138 1748 3223; x_wconf 85' lang='lat' dir='ltr'>quis</span> <span class='ocrx_word' id='word_1_155' title='bbox 1785 3157 1982 3204; x_wconf 79' lang='lat' dir='ltr'>verus</span> <span class='ocrx_word' id='word_1_156' title='bbox 2020 3157 2160 3206; x_wconf 87' lang='lat' dir='ltr'>esse</span> <span class='ocrx_word' id='word_1_157' title='bbox 2192 3139 2394 3222; x_wconf 89' lang='lat' dir='ltr'>possit</span> <span class='ocrx_word' id='word_1_158' title='bbox 2424 3140 2540 3203; x_wconf 84' lang='lat' dir='ltr'>ali-</span> 
     </span>
     <span class='ocr_line' id='line_1_22' title="bbox 299 3251 2538 3338; baseline 0 -20"><span class='ocrx_word' id='word_1_159' title='bbox 299 3252 487 3338; x_wconf 86' lang='lat' dir='ltr'>cujus</span> <span class='ocrx_word' id='word_1_160' title='bbox 508 3251 826 3336; x_wconf 85' lang='lat' dir='ltr'>parochiae</span> <span class='ocrx_word' id='word_1_161' title='bbox 849 3259 1116 3317; x_wconf 75' lang='lat' dir='ltr'>vicarius</span> <span class='ocrx_word' id='word_1_162' title='bbox 1146 3260 1416 3334; x_wconf 78' lang='lat' dir='ltr'>curatus,</span> <span class='ocrx_word' id='word_1_163' title='bbox 1444 3254 1705 3318; x_wconf 88' lang='lat' dir='ltr'>omnino</span> <span class='ocrx_word' id='word_1_164' title='bbox 1733 3254 2092 3337; x_wconf 87' lang='lat' dir='ltr'>requiritur</span> <span class='ocrx_word' id='word_1_165' title='bbox 2116 3254 2398 3338; x_wconf 81' lang='lat' dir='ltr'>aliquem</span> <span class='ocrx_word' id='word_1_166' title='bbox 2423 3275 2538 3319; x_wconf 81' lang='lat' dir='ltr'>ex-</span> 
     </span>
     <span class='ocr_line' id='line_1_23' title="bbox 299 3368 2530 3454; baseline 0 -20"><span class='ocrx_word' id='word_1_167' title='bbox 299 3378 475 3435; x_wconf 83' lang='lat' dir='ltr'>stare</span> <span class='ocrx_word' id='word_1_168' title='bbox 513 3368 811 3454; x_wconf 85' lang='lat' dir='ltr'>ejusdcm</span> <span class='ocrx_word' id='word_1_169' title='bbox 842 3370 1163 3454; x_wconf 82' lang='lat' dir='ltr'>parochiae</span> <span class='ocrx_word' id='word_1_170' title='bbox 1192 3369 1616 3454; x_wconf 76' lang='lat' dir='ltr'>principalem</span> <span class='ocrx_word' id='word_1_171' title='bbox 1638 3376 1966 3435; x_wconf 87' lang='lat' dir='ltr'>rectorem</span> <span class='ocrx_word' id='word_1_172' title='bbox 1994 3389 2112 3436; x_wconf 89' lang='lat' dir='ltr'>seu</span> <span class='ocrx_word' id='word_1_173' title='bbox 2144 3370 2530 3454; x_wconf 80' lang='lat' dir='ltr'>parochum3</span> 
     </span>
     <span class='ocr_line' id='line_1_24' title="bbox 299 3484 2526 3571; baseline 0.001 -21"><span class='ocrx_word' id='word_1_174' title='bbox 299 3484 368 3550; x_wconf 93' lang='lat' dir='ltr'>id</span> <span class='ocrx_word' id='word_1_175' title='bbox 391 3493 514 3562; x_wconf 86' lang='lat' dir='ltr'>est,</span> <span class='ocrx_word' id='word_1_176' title='bbox 550 3486 829 3571; x_wconf 86' lang='lat' dir='ltr'>aliquem</span> <span class='ocrx_word' id='word_1_177' title='bbox 873 3487 982 3551; x_wconf 86' lang='lat' dir='ltr'>cui</span> <span class='ocrx_word' id='word_1_178' title='bbox 1023 3493 1375 3570; x_wconf 86' lang='lat' dir='ltr'>competat,</span> <span class='ocrx_word' id='word_1_179' title='bbox 1402 3487 1514 3552; x_wconf 77' lang='lat' dir='ltr'>vel</span> <span class='ocrx_word' id='word_1_180' title='bbox 1542 3486 1817 3552; x_wconf 83' lang='lat' dir='ltr'>actualis</span> <span class='ocrx_word' id='word_1_181' title='bbox 1841 3485 2035 3550; x_wconf 86' lang='lat' dir='ltr'>simul</span> <span class='ocrx_word' id='word_1_182' title='bbox 2064 3494 2133 3551; x_wconf 93' lang='lat' dir='ltr'>et</span> <span class='ocrx_word' id='word_1_183' title='bbox 2160 3485 2526 3564; x_wconf 73' lang='lat' dir='ltr'>habitualis,</span> 
     </span>
     <span class='ocr_line' id='line_1_25' title="bbox 299 3600 2534 3687; baseline -0 -21"><span class='ocrx_word' id='word_1_184' title='bbox 299 3601 410 3666; x_wconf 81' lang='lat' dir='ltr'>vel</span> <span class='ocrx_word' id='word_1_185' title='bbox 436 3601 667 3667; x_wconf 86' lang='lat' dir='ltr'>saltem</span> <span class='ocrx_word' id='word_1_186' title='bbox 694 3604 1026 3666; x_wconf 77' lang='lat' dir='ltr'>habitualis</span> <span class='ocrx_word' id='word_1_187' title='bbox 1062 3600 1256 3686; x_wconf 85' lang='lat' dir='ltr'>hujus</span> <span class='ocrx_word' id='word_1_188' title='bbox 1301 3602 1620 3685; x_wconf 85' lang='lat' dir='ltr'>parochioe</span> <span class='ocrx_word' id='word_1_189' title='bbox 1657 3621 1836 3667; x_wconf 89' lang='lat' dir='ltr'>cura.</span> <span class='ocrx_word' id='word_1_190' title='bbox 1881 3602 2179 3687; x_wconf 84' lang='lat' dir='ltr'>Alioquin</span> <span class='ocrx_word' id='word_1_191' title='bbox 2229 3602 2401 3667; x_wconf 92' lang='lat' dir='ltr'>enim</span> <span class='ocrx_word' id='word_1_192' title='bbox 2435 3601 2534 3666; x_wconf 80' lang='lat' dir='ltr'>vi-</span> 
     </span>
     <span class='ocr_line' id='line_1_26' title="bbox 296 3719 2530 3803; baseline -0 -21"><span class='ocrx_word' id='word_1_193' title='bbox 296 3719 510 3783; x_wconf 81' lang='lat' dir='ltr'>carius</span> <span class='ocrx_word' id='word_1_194' title='bbox 539 3726 826 3797; x_wconf 77' lang='lat' dir='ltr'>curatuS,</span> <span class='ocrx_word' id='word_1_195' title='bbox 861 3721 973 3803; x_wconf 90' lang='lat' dir='ltr'>qui</span> <span class='ocrx_word' id='word_1_196' title='bbox 1004 3737 1135 3783; x_wconf 92' lang='lat' dir='ltr'>non</span> <span class='ocrx_word' id='word_1_197' title='bbox 1155 3720 1302 3784; x_wconf 90' lang='lat' dir='ltr'>loco</span> <span class='ocrx_word' id='word_1_198' title='bbox 1324 3719 1595 3785; x_wconf 85' lang='lat' dir='ltr'>alterius</span> <span class='ocrx_word' id='word_1_199' title='bbox 1626 3739 1852 3786; x_wconf 86' lang='lat' dir='ltr'>curam</span> <span class='ocrx_word' id='word_1_200' title='bbox 1874 3727 2239 3796; x_wconf 80' lang='lat' dir='ltr'>exerceret,</span> <span class='ocrx_word' id='word_1_201' title='bbox 2264 3725 2530 3782; x_wconf 74' lang='lat' dir='ltr'>vicarius</span> 
     </span>
     <span class='ocr_line' id='line_1_27' title="bbox 300 3833 2532 3919; baseline 0 -23"><span class='ocrx_word' id='word_1_202' title='bbox 300 3850 710 3917; x_wconf 78' lang='lat' dir='ltr'>nequaquam</span> <span class='ocrx_word' id='word_1_203' title='bbox 739 3840 934 3899; x_wconf 88' lang='lat' dir='ltr'>esset.</span> <span class='ocrx_word' id='word_1_204' title='bbox 974 3834 1307 3900; x_wconf 78' lang='lat' dir='ltr'>Parochus</span> <span class='ocrx_word' id='word_1_205' title='bbox 1334 3841 1558 3899; x_wconf 86' lang='lat' dir='ltr'>autem</span> <span class='ocrx_word' id='word_1_206' title='bbox 1578 3834 1691 3919; x_wconf 90' lang='lat' dir='ltr'>qui</span> <span class='ocrx_word' id='word_1_207' title='bbox 1728 3835 2042 3899; x_wconf 76' lang='lat' dir='ltr'>vicarium</span> <span class='ocrx_word' id='word_1_208' title='bbox 2071 3833 2393 3919; x_wconf 86' lang='lat' dir='ltr'>ejusmodi</span> <span class='ocrx_word' id='word_1_209' title='bbox 2419 3833 2532 3897; x_wconf 83' lang='lat' dir='ltr'>ha-</span> 
     </span>
     <span class='ocr_line' id='line_1_28' title="bbox 293 3944 2527 4032; baseline 0.001 -21"><span class='ocrx_word' id='word_1_210' title='bbox 293 3944 436 4024; x_wconf 85' lang='lat' dir='ltr'>bet,</span> <span class='ocrx_word' id='word_1_211' title='bbox 481 3954 556 4011; x_wconf 84' lang='lat' dir='ltr'>ut</span> <span class='ocrx_word' id='word_1_212' title='bbox 589 3946 673 4011; x_wconf 89' lang='lat' dir='ltr'>ab</span> <span class='ocrx_word' id='word_1_213' title='bbox 703 3965 784 4014; x_wconf 90' lang='lat' dir='ltr'>eo</span> <span class='ocrx_word' id='word_1_214' title='bbox 807 3946 1266 4031; x_wconf 78' lang='lat' dir='ltr'>distinguatur,</span> <span class='ocrx_word' id='word_1_215' title='bbox 1305 3949 1527 4013; x_wconf 80' lang='lat' dir='ltr'>vocari</span> <span class='ocrx_word' id='word_1_216' title='bbox 1562 3948 1730 4015; x_wconf 87' lang='lat' dir='ltr'>solet</span> <span class='ocrx_word' id='word_1_217' title='bbox 1750 3954 2159 4032; x_wconf 75' lang='lat' dir='ltr'>principalis,·</span> <span class='ocrx_word' id='word_1_218' title='bbox 2192 3948 2301 4014; x_wconf 81' lang='lat' dir='ltr'>vel</span> <span class='ocrx_word' id='word_1_219' title='bbox 2329 3949 2527 4014; x_wconf 86' lang='lat' dir='ltr'>etiam</span> 
     </span>
     <span class='ocr_line' id='line_1_29' title="bbox 286 4061 2528 4149; baseline 0.004 -25"><span class='ocrx_word' id='word_1_220' title='bbox 286 4067 665 4144; x_wconf 61' lang='lat' dir='ltr'>prmitivus,</span> <span class='ocrx_word' id='word_1_221' title='bbox 711 4061 974 4147; x_wconf 86' lang='lat' dir='ltr'>quando</span> <span class='ocrx_word' id='word_1_222' title='bbox 1001 4066 1369 4128; x_wconf 75' lang='lat' dir='ltr'>habitualem</span> <span class='ocrx_word' id='word_1_223' title='bbox 1396 4063 1738 4130; x_wconf 81' lang='lat' dir='ltr'>dumtaxat</span> <span class='ocrx_word' id='word_1_224' title='bbox 1774 4084 2002 4130; x_wconf 91' lang='lat' dir='ltr'>curam</span> <span class='ocrx_word' id='word_1_225' title='bbox 2031 4066 2308 4130; x_wconf 88' lang='lat' dir='ltr'>retinet:</span> <span class='ocrx_word' id='word_1_226' title='bbox 2350 4063 2528 4149; x_wconf 88' lang='lat' dir='ltr'>quod</span> 
     </span>
     <span class='ocr_line' id='line_1_30' title="bbox 279 4177 2524 4264; baseline 0.003 -24"><span class='ocrx_word' id='word_1_227' title='bbox 279 4181 594 4258; x_wconf 59' lang='lat' dir='ltr'>pranitivi</span> <span class='ocrx_word' id='word_1_228' title='bbox 625 4177 1016 4244; x_wconf 81' lang='lat' dir='ltr'>vocabulum</span> <span class='ocrx_word' id='word_1_229' title='bbox 1045 4185 1206 4244; x_wconf 89' lang='lat' dir='ltr'>tunc</span> <span class='ocrx_word' id='word_1_230' title='bbox 1242 4177 1512 4260; x_wconf 82' lang='lat' dir='ltr'>indicat,</span> <span class='ocrx_word' id='word_1_231' title='bbox 1547 4181 1698 4246; x_wconf 87' lang='lat' dir='ltr'>olim</span> <span class='ocrx_word' id='word_1_232' title='bbox 1737 4197 1942 4264; x_wconf 90' lang='lat' dir='ltr'>penes</span> <span class='ocrx_word' id='word_1_233' title='bbox 1970 4179 2141 4245; x_wconf 81' lang='lat' dir='ltr'>hunc</span> <span class='ocrx_word' id='word_1_234' title='bbox 2172 4178 2524 4263; x_wconf 84' lang='lat' dir='ltr'>parochum</span> 
     </span>
     <span class='ocr_line' id='line_1_31' title="bbox 291 4293 1456 4362; baseline 0.005 -8"><span class='ocrx_word' id='word_1_235' title='bbox 291 4294 592 4355; x_wconf 68' lang='lat' dir='ltr'>actualem</span> <span class='ocrx_word' id='word_1_236' title='bbox 628 4293 825 4359; x_wconf 72' lang='lat' dir='ltr'>etiam</span> <span class='ocrx_word' id='word_1_237' title='bbox 860 4311 1082 4359; x_wconf 88' lang='lat' dir='ltr'>curam</span> <span class='ocrx_word' id='word_1_238' title='bbox 1111 4297 1456 4362; x_wconf 83' lang='lat' dir='ltr'>exstitisse.</span> 
     </span>
    </p>

    <p class='ocr_par' dir='ltr' id='par_1_6' title="bbox 384 4408 2517 4498">
     <span class='ocr_line' id='line_1_32' title="bbox 384 4408 2517 4498; baseline 0.003 -27"><span class='ocrx_word' id='word_1_239' title='bbox 384 4410 454 4471; x_wconf 76' lang='lat'>2⁰</span> <span class='ocrx_word' id='word_1_240' title='bbox 482 4408 559 4473; x_wconf 91' lang='lat' dir='ltr'>In</span> <span class='ocrx_word' id='word_1_241' title='bbox 580 4408 901 4493; x_wconf 77' lang='lat' dir='ltr'>parochiis</span> <span class='ocrx_word' id='word_1_242' title='bbox 945 4412 1144 4479; x_wconf 67' lang='lat' dir='ltr'>nnit&#39;m</span> <span class='ocrx_word' id='word_1_243' title='bbox 1170 4431 1288 4478; x_wconf 84' lang='lat' dir='ltr'>seu</span> <span class='ocrx_word' id='word_1_244' title='bbox 1310 4415 1578 4482; x_wconf 77' lang='lat' dir='ltr'>annexis</span> <span class='ocrx_word' id='word_1_245' title='bbox 1599 4413 1793 4481; x_wconf 82' lang='lat' dir='ltr'>alicui</span> <span class='ocrx_word' id='word_1_246' title='bbox 1823 4413 2108 4498; x_wconf 77' lang='lat' dir='ltr'>capitulo</span> <span class='ocrx_word' id='word_1_247' title='bbox 2140 4411 2517 4490; x_wconf 74' lang='lat' dir='ltr'>cathedrali,</span> 
     </span>
    </p>
   </div>
  </div>
 </body>
</html>
