3146 4973
1234 394 1393 441 rans
1436 395 1700 442 mam.
2459 379 2588 441 355

369 518 563 586 modo
597 525 1061 604 proecaveuteS‚
1098 526 1298 601 prout
1335 539 1370 582 a
1404 520 1521 583 Pio
1567 519 1745 602 Papa
1776 517 1897 583 v11
1934 518 1997 581 in
2045 515 2439 584 concordate
2476 539 2591 582 an-

366 637 433 698 ni
486 638 638 701 1801
684 633 1065 717 dispositum
1111 633 1258 712 fuit,
1302 653 1383 698 ne
1433 653 1545 699 eos
1595 636 1659 697 in
1715 631 2028 715 parochos
2077 635 2432 710 nominent,
2477 635 2587 718 qui

369 748 684 832 gubernio
724 767 854 812 non
894 749 1116 813 forent
1170 749 1445 832 accepti.
1495 745 1867 814 Leodiensis
1915 754 2133 812 tamen
2176 746 2475 812 dioecesis
2529 749 2592 811 iu

369 866 592 948 Belgio
632 864 951 950 (qamvis
979 885 1059 931 ea
1086 865 1283 930 etiam
1315 866 1496 947 reg-io
1534 863 1690 930 dicti
1727 864 2106 931 concordati
2148 865 2408 930 statutis
2443 863 2596 928 sub·

367 981 601 1066 jaceat)
632 980 843 1046 forma
877 1000 1229 1046 concursus
1270 982 1335 1044 in
1381 981 1834 1047 collationibus
1872 981 2321 1064 parochiarum
2359 981 2591 1045 utitur.

461 1096 559 1161 De
598 1096 867 1179 praefata
905 1115 1102 1179 porro
1131 1096 1481 1162 Galliarum
1512 1098 1717 1179 praxi,
1757 1102 1986 1180 sponte
2017 1097 2278 1179 exurgit
2306 1096 2595 1179 quaestio,

356 1230 455 1299 pn
488 1219 558 1276 et
593 1228 725 1294 quo
756 1210 1182 1277 fundamento
1218 1213 1466 1277 nitatur
1482 1233 1501 1294 ¹;
1534 1231 1690 1276 num
1732 1211 1978 1276 scilicet
2016 1211 2148 1276 vim
2191 1209 2356 1295 juris
2405 1211 2606 1292 parti-

378 1326 617 1392 cularis
647 1327 889 1393 habere
916 1326 1242 1393 censenda
1264 1330 1371 1405 sit,
1395 1329 1487 1393 ita
1515 1334 1593 1393 ut
1616 1326 1809 1410 hujus
1846 1328 2124 1411 regionis
2157 1324 2440 1391 ecclesiae
2467 1325 2602 1409 juri

376 1443 702 1507 communi
733 1442 816 1508 de
852 1462 1170 1508 concursu
1204 1442 1390 1508 hodie
1419 1462 1549 1507 non
1575 1442 2024 1527 subjiciantur.

467 1557 556 1623 Ut
586 1565 808 1623 autem
834 1559 1121 1641 legitima
1150 1559 1471 1643 probetur
1497 1559 1634 1623 haec
1663 1559 2080 1624 ecclesiarum
2111 1558 2332 1624 Galliae
2364 1559 2605 1642 praxiS,

376 1674 509 1739 duo
536 1673 878 1740 dumtaxat
909 1675 1172 1759 allegari
1218 1695 1406 1759 posse
1445 1674 1758 1740 videntur
1789 1673 2214 1740 fundamenta
2251 1697 2264 1739 ε
2307 1677 2368 1739 1⁰
2405 1673 2608 1738 verba

376 1789 756 1858 concordati
779 1791 927 1855 anui
956 1794 1150 1868 1801,
1175 1795 1455 1874 Episcopi
1475 1795 1558 1854 ad
1571 1798 1870 1872 paroecias
1886 1793 2310 1869 nominabunt‚·
2342 1793 2410 1854 2⁰
2433 1790 2610 1874 quin-

378 1906 769 1989 quagenaria
802 1924 943 1990 quae
986 1904 1120 1989 jam
1156 1907 1519 1972 interfluxit
1566 1904 1992 1971 consuetudo,
2049 1907 2212 1971 Cum
2259 1905 2428 1969 enim
2465 1907 2609 1970 uni-

375 2022 643 2086 versalis
685 2021 767 2086 sit
804 2018 1179 2085 'tridentina
1210 2021 1321 2086 lex
1370 2020 1455 2086 de
1491 2040 1836 2097 concursu,
1874 2041 1997 2086 nec
2029 2019 2291 2086 aliunde
2322 2037 2604 2104 unquam

374 2137 819 2202 intercesserit
848 2155 1151 2218 expressa
1178 2134 1359 2200 Sedis
1387 2134 1769 2220 Apostolicae
1801 2135 2016 2220 quoad
2049 2136 2321 2201 Galliam
2349 2133 2612 2218 dispen-

373 2253 559 2329 satio,
586 2253 713 2317 nisi
741 2252 995 2317 valeret
1017 2252 1413 2316 alterutrum
1446 2253 1673 2317 saltem
1706 2273 1790 2317 ex
1823 2254 2155 2335 assignatis
2178 2253 2599 2336 argumentiS‚

374 2366 730 2434 hodiedum
762 2370 829 2434 iu
860 2369 1066 2434 Gallia
1103 2387 1340 2451 urgere
1392 2387 1748 2434 concursus
1800 2368 2208 2452 disciplinam
2241 2367 2417 2433 foret
2454 2385 2607 2431 con-

374 2481 800 2549 cludendum.
865 2483 931 2549 Si
974 2484 1145 2549 enim
1195 2502 1407 2569 neque
1439 2484 1504 2549 vi
1545 2482 1939 2561 concordati,
1983 2503 2194 2568 neque
2241 2485 2307 2547 vi
2335 2501 2606 2549 consue-

374 2598 622 2665 tudinis
646 2600 932 2684 legitima
962 2599 1137 2666 foret
1174 2600 1350 2665 dicta
1373 2603 1610 2684 praxiS,
1654 2619 1931 2685 quonam
1977 2600 2103 2666 alio
2143 2601 2335 2665 titulo
2378 2599 2594 2664 fulciri

374 2714 580 2797 possit
616 2733 738 2798 ego
769 2733 1038 2797 prorsus
1077 2734 1204 2780 non
1256 2713 1472 2780 video,
1526 2716 1683 2783 Nam
1717 2714 1801 2779 ad
1835 2716 2118 2798 priscum
2151 2714 2257 2800 jus
2311 2716 2603 2799 particu-

260 2852 271 2869 ·
370 2830 533 2909 lare,
560 2848 690 2913 quo
718 2830 1073 2896 Galliarum
1087 2830 1375 2895 ecclesioe
1394 2831 1551 2895 olim
1578 2839 1729 2897 ante
1755 2831 2223 2897 concordatum
2247 2832 2396 2895 anni
2428 2834 2586 2896 1801

372 2944 784 3022 fruebantur,
824 2945 1068 3011 frustra
1095 2954 1603 3029 provocaretur3
1640 2954 1784 3010 tum
1812 2948 1962 3031 quia
1999 2956 2068 3012 et
2106 2948 2170 3010 in
2200 2943 2404 3012 Gallia
2441 2954 2599 3010 tunc

374 3061 637 3145 vigebat
663 3061 1041 3129 'tridentina
1084 3064 1189 3129 lex
1222 3062 1308 3129 de
1342 3082 1469 3148 qua
1498 3064 1867 3147 loquimur;
1920 3071 2062 3129 tum
2100 3065 2250 3148 quia
2289 3064 2396 3149 jus
2435 3064 2598 3130 illud

373 3177 595 3242 Galliis
633 3179 990 3260 proprium,
1043 3177 1497 3262 quodcumque
1539 3176 1809 3242 tandem
1851 3178 2073 3257 fuerit,
2128 3181 2489 3262 suppressis
2533 3185 2600 3243 et

371 3294 707 3358 exstinctis
737 3314 774 3359 a
806 3294 925 3358 Pio
952 3295 1074 3359 vn
1106 3293 1392 3359 ecclesiis
1424 3292 1660 3376 quibus
1681 3292 2059 3371 inhaerebat,
2095 3313 2216 3376 pro
2264 3294 2597 3378 antiquato

364 3408 499 3492 jam
523 3417 592 3473 et
618 3410 942 3476 exstincto
966 3409 1340 3476 habendum
1366 3416 1487 3486 est,
1517 3416 1711 3492 prout
1736 3411 1801 3472 in
1834 3412 2227 3474 tractatusde
2263 3413 2596 3491 Principiis

368 3523 847 3606 pmbavimus.·

459 3640 621 3705 Hinc
648 3640 991 3724 propositae
1020 3641 1388 3725 quaestionis
1425 3641 1663 3706 solutio
1712 3647 1850 3707 tota
1896 3640 2186 3726 pendere
2221 3640 2487 3707 videtur
2515 3639 2599 3705 ab

370 3755 473 3821 his
504 3754 765 3821 duobus
801 3778 816 3820 ε
862 3757 1041 3821 1⁰An
1080 3755 1550 3821 concordatum
1580 3758 1729 3822 anni
1765 3760 1920 3823 1801
1973 3758 2225 3823 evincat
2254 3777 2384 3821 non
2436 3755 2598 3821 obli-

362 3890 526 3955 gare
556 3869 752 3937 hodie
785 3871 853 3935 in
898 3871 1102 3936 Gallia
1151 3869 1592 3936 Tridentinam
1630 3870 1718 3935 de
1770 3889 2089 3937 concursu
2136 3873 2384 3955 legem3
2419 3872 2485 3934 2⁰
2519 3889 2598 3934 an

370 3985 549 4051 idem
571 3987 827 4052 evincat
858 3984 1283 4051 consuetudo,
