3146 4973
1240 430 1397 476 psas
1442 429 1730 489 onaan.
2469 411 2593 476 457

456 557 533 622 X.
583 556 678 622 An
720 555 828 640 jus
877 554 1115 622 haheat
1166 557 1491 640 parochus
1538 565 1616 623 ut
1666 559 2072 642 parochiani,
2128 567 2422 644 tempore
2487 577 2601 642 pa-

366 673 604 737 schatis
638 678 754 737 ant
788 672 1069 738 instante
1110 673 1338 737 mortis
1388 674 1707 757 periculo,
1766 673 1886 740 sibi
1936 674 2470 741 sacramentalem
2506 675 2601 739 fa·

364 790 534 854 ciant
591 787 1058 853 confessionem
1079 835 1095 863 ,
1147 806 1268 853 nec
1326 791 1575 872 possint
1619 790 1761 855 aliis
1812 787 2293 867 sacerdotibus,
2338 790 2462 854 nisi
2515 788 2600 855 de

366 904 568 987 ipsius
598 903 880 980 licentia,
916 901 1385 969 confessionem
1418 904 1597 969 illam
1626 905 1891 971 facere?

456 1019 1005 1105 Respondendum
1037 1022 1363 1105 negative.
1392 1023 1599 1103 Quam
1629 1024 2106 1090 conclusionem
2137 1023 2602 1106 peremptoriis

365 1136 863 1205 auctoritatibus
891 1136 1215 1203 firmatam
1253 1137 1455 1204 habes
1484 1137 1664 1222 apud
1693 1138 2123 1205 Benedictum
2149 1140 2296 1205 ΧΠ
2325 1139 2421 1226 (cle
2446 1144 2592 1222 Syn.

365 1257 566 1331 dioec„
612 1252 728 1318 lib.
768 1260 829 1328 7,
866 1271 1010 1336 cap.
1050 1254 1129 1319 64
1156 1300 1171 1327 ,
1217 1272 1279 1317 n.
1319 1257 1358 1317 2
1392 1261 1461 1319 et
1505 1253 1701 1339 seq.).
1755 1256 1888 1320 Nec
1930 1256 2326 1320 contrarium
2377 1273 2602 1321 recen-

364 1367 640 1433 tioribus
705 1367 1108 1449 temporibus
1167 1369 1620 1435 sustinuerunt
1645 1418 1660 1446 ‚
1718 1370 1839 1434 nisi
1895 1371 2235 1435 malesanae
2291 1368 2600 1437 doctrinae

364 1491 687 1559 auctores„
706 1483 912 1548 veluti
943 1484 1234 1568 Launoy,
1259 1485 1522 1560 Juenin,
1545 1485 1943 1568 Van-Espen‚
1980 1493 2048 1550 et
2077 1484 2309 1550 horum
2337 1486 2594 1551 similes.

368 1601 449 1664 Et
486 1596 843 1664 notandum
881 1617 964 1663 ne
1004 1600 1392 1665 auctoritate
1426 1599 1691 1684 quidem
1737 1596 2038 1683 Episcopi
2070 1619 2257 1684 posse
2289 1600 2456 1665 hanc
2487 1601 2603 1665 im·

368 1714 520 1796 poni
564 1711 871 1779 fidelibus
914 1712 1413 1798 obligationem;
1451 1722 1650 1797 prout
1700 1715 1893 1780 etiam
1941 1714 2270 1781 concludit
2299 1714 2604 1781 laudatus

368 1826 757 1893 Benedictus
783 1828 930 1893 xlv
959 1829 1128 1913 (loco
1152 1830 1373 1906 citato,
1404 1848 1469 1893 n.
1501 1826 1594 1912 6).
1625 1830 1903 1895 Possunt
1933 1848 2092 1913 ergo
2119 1827 2375 1906 fideleS,
2405 1831 2598 1895 etiam

364 1945 427 2006 in
460 1942 787 2025 paschate,
827 1950 1023 2028 atque
1063 1944 1255 2008 etiam
1302 1945 1365 2007 in
1402 1944 1629 2008 mortis
1666 1944 1967 2021 articulo,
2005 1945 2112 2009 cui
2149 1944 2478 2010 voluerint
2518 1965 2600 2010 ex

362 2057 738 2140 approbatis
789 2058 1223 2142 presbyteriS,
1278 2060 1414 2124 sive
1465 2060 1909 2142 regularibus,
1972 2061 2107 2125 sive
2162 2060 2595 2136 saecularibus,

361 2172 827 2239 confessionem
854 2174 1390 2239 sacramentalem
1419 2175 1659 2251 facere,
1692 2173 1935 2259 absque
1962 2174 2091 2239 ulla
2120 2174 2384 2256 parochi
2405 2175 2601 2240 licen-

361 2289 473 2352 tia.
511 2288 864 2371 Regulares
899 2297 1118 2355 tamen
1160 2290 1270 2370 qui
1309 2289 1713 2358 infirmorum
1753 2291 2186 2357 confessiones
2221 2290 2592 2367 audierunt,

361 2402 609 2469 debent
652 2404 1005 2488 par-ochum
1058 2405 1141 2470 de
1191 2405 1312 2470 hoc
1358 2407 1706 2473 certiorem
1745 2406 2003 2490 facere3
2052 2416 2250 2491 prout
2285 2414 2598 2471 statutum

366 2521 695 2603 reperitur
742 2520 807 2584 in
853 2523 1309 2588 constitutione
1359 2526 1652 2605 Suprema
1698 2522 1797 2607 (11
1851 2523 1972 2587 cal.
2010 2522 2174 2607 junii
2221 2521 2412 2607 1670)
2455 2521 2601 2588 Cle-

365 2636 600 2701 mentis
647 2636 725 2700 X.
769 2634 970 2700 Addit
1021 2644 1238 2702 antem
1292 2636 1600 2703 laudatus
1647 2637 1976 2720 pontifex,
2017 2640 2316 2719 sufficere,
2354 2647 2422 2701 ut
2475 2658 2600 2700 cer-

366 2755 612 2814 tior-atio
648 2752 990 2831 hujusmodi
1025 2752 1140 2829 fiat
1176 2754 1391 2815 saltem
1419 2774 1530 2834 per
1556 2759 1956 2834 scripturam,
1992 2757 2157 2834 apud
2191 2760 2390 2832 ipsum
2421 2754 2599 2829 infir·

364 2884 524 2927 mum
560 2868 1037 2947 relinquendam.

451 2981 559 3045 XI.
613 2980 708 3045 An
750 2981 858 3065 jus
897 2980 1133 3047 haheat
1174 2981 1493 3065 parochus
1536 2982 1841 3067 exigendi
1884 3006 1922 3049 a
1968 2983 2404 3067 parochianis,
2440 2983 2599 3050 dum

364 3095 826 3161 Eucharistiam
854 3097 921 3160 in
949 3096 1251 3179 paschate
1283 3104 1550 3181 petunt,
1583 3101 2062 3164 attestationem
2090 3098 2175 3164 de
2200 3100 2369 3164 facta
2396 3117 2601 3164 sacra-

362 3211 632 3276 mentali
669 3211 1071 3278 confessione
1109 3213 1302 3277 alicui
1339 3212 1702 3296 approbato
1748 3213 2122 3280 sacerdoti?
2153 3250 2244 3260 ——
2285 3212 2599 3298 Equidem

362 3326 754 3406 generaliter
797 3326 1186 3392 decreverat
1236 3334 1496 3392 sanctus
1541 3327 1811 3394 Carolus
1855 3330 2303 3405 BorromoeuS,
2358 3346 2440 3391 ne
2488 3346 2599 3411 pa-

364 3438 542 3504 rochi
590 3460 833 3507 sacram
882 3441 1344 3507 Eucharistiam
1402 3442 1467 3506 in
1516 3443 1823 3527 paschate
1860 3442 2386 3509 administrarent
2408 3491 2423 3518 ,
2479 3449 2602 3507 nisu·

360 3560 642 3637 confessis
670 3560 810 3638 sibi,
845 3567 953 3623 aut
978 3562 1166 3622 alicui
1202 3580 1281 3622 ex
1309 3562 1694 3639 confessariis
1719 3563 2092 3643 approbatis,
2133 3563 2208 3624 cle
2233 3580 2350 3642 qua
2379 3562 2601 3639 confes·

360 3679 524 3735 sione
558 3674 739 3749 fidem
789 3680 1075 3756 scriptam
1122 3679 1326 3756 serant
1384 3673 1582 3761 (apud
1635 3674 2067 3740 Benedictum
2119 3675 2288 3752 XIV,
2341 3676 2597 3741 institu-

362 3785 541 3851 tione
587 3787 695 3863 45,
753 3808 817 3851 n.
876 3786 1016 3871 15).
1074 3787 1527 3854 Abstrahendo
1575 3794 1795 3853 autem
1844 3789 1928 3854 ab
1979 3788 2298 3872 ejusmodi
2340 3791 2599 3856 statutis

362 3899 772 3981 dioecesanis,
809 3902 1025 3988 quoad
1069 3901 1384 3969 dioeceses
1434 3922 1674 3986 nempe
1705 3903 1818 3968 ubi
1863 3902 2019 3969 nihil
2052 3903 2173 3968 hac
2215 3902 2299 3969 de
2331 3923 2404 3970 re
2437 3924 2599 3988 prae-

363 4018 616 4100 scripsit
660 4018 1078 4095 Ordinariu3‚
1123 4017 1476 4084 dicendum
1526 4038 1655 4084 non
1706 4036 1896 4101 posse
1947 4017 2299 4100 parochum
2332 4025 2598 4085 attesta-

359 4134 601 4200 tionem
639 4134 964 4220 ejusmodi
1009 4135 1404 4219 generaliter
1446 4133 1530 4200 ab
1576 4133 1874 4199 omnibus
1913 4135 2200 4219 exigere,
2246 4133 2365 4200 sed
2409 4133 2597 4200 dum-

359 4255 535 4314 taxat
571 4249 656 4316 ah
687 4251 803 4327 eis,
833 4269 994 4336 quos
1026 4253 1260 4318 merito
1298 4258 1368 4316 et
1399 4270 1481 4315 ex
1513 4249 1822 4333 gravibus
1851 4249 2211 4316 rationibus
2233 4250 2599 4333 suspicatur

357 4362 443 4429 ad
494 4366 875 4448 expiationis
920 4374 1395 4434 sacramentum
1440 4386 1569 4432 non
1609 4367 1971 4442 accessisse,
2001 4366 2295 4452 quamvis
2341 4373 2596 4431 contra-

358 4478 524 4542 rium
558 4486 870 4545 asserant.
902 4482 998 4546 De
1028 4498 1158 4564 quo
1184 4478 1356 4555 vide,
1392 4482 1590 4545 citato
1629 4480 1792 4557 loco,
1813 4477 2248 4544 Benedictum
2279 4480 2447 4559 x1v3
2484 4478 2590 4562 qui
