3146 4973
662 386 793 453 700
1659 405 1880 454 munz.

728 573 755 642 g
786 574 872 624 IV.
911 575 978 622 De
1002 573 1262 636 privatione
1289 575 1351 623 ob
1375 574 1753 637 concubinatum,
1779 582 1827 625 et
1848 579 1910 627 ob
1940 577 2200 641 simplicem
2228 576 2607 627 (ormentionem.
2655 611 2668 625 .
2719 613 2732 623 .

861 659 907 707 1.
952 658 1254 707 praemittitur
1280 659 1500 720 synopsis
1524 660 1751 709 historica
1777 661 1902 710 circa
1929 675 2111 724 peenas,
2137 676 2240 725 qnae
2271 662 2418 711 variis
2451 660 2734 724 temporibus

928 743 978 791 in
1009 741 1205 791 clericos
1228 742 1568 792 incontinentes
1605 758 1634 791 a
1669 745 1780 806 jure
1807 752 1990 796 smtntae
2020 748 2318 808 reperiuntur
2329 780 2731 795 .......

864 828 936 875 11.
977 826 1293 875 plurimorum
1320 825 1565 876 doctorum
1594 830 1826 879 sententia
1850 829 1957 892 fnit,
1983 844 2080 880 non
2101 844 2241 893 posse
2269 831 2494 880 clericum
2534 831 2597 879 ob
2621 830 2738 879 sim-

926 910 1093 972 plicem
1120 909 1471 959 fornicationem
1501 911 1726 962 beneficio
1757 928 1844 963 suo
1868 916 2044 976 privari
2059 948 2734 964 ...........

861 997 955 1044 111.
998 994 1195 1044 Plurimi
1233 993 1453 1045 doctores
1490 1004 1666 1058 tenent,
1705 1006 1898 1061 propter
1932 999 2196 1060 simplicem
2223 997 2576 1048 fornicationem
2604 1011 2741 1061 posse

923 1093 1108 1142 poenam
1131 1079 1406 1141 privationis
1428 1080 1597 1143 infligi,
1627 1082 1814 1144 quando
1841 1091 1915 1132 est
1944 1083 2131 1131 notoria
2160 1083 2234 1132 vel
2268 1081 2550 1132 scandalosa
2607 1109 2620 1123 -
2676 1118 2692 1132 .
2721 1118 2732 1129 .

860 1165 947 1213 lv.
990 1163 1200 1213 Plurium
1224 1163 1315 1213 fuit
1337 1162 1583 1214 doctorum
1614 1168 1844 1216 sententia
1863 1180 1957 1215 non
1983 1180 2126 1228 posse
2152 1166 2374 1216 beneflcio
2412 1166 2590 1228 privari
2627 1179 2740 1215 eon-

919 1248 1233 1309 cubinarium,
1262 1248 1476 1310 quamvis
1500 1251 1755 1312 notorium,
1785 1253 1878 1300 nisi
1924 1252 1973 1300 in
2013 1265 2128 1299 casu
2169 1265 2282 1315 quo,
2310 1257 2419 1313 post
2462 1250 2742 1300 monitiones

925 1341 972 1381 et
996 1332 1353 1394 suspensionem
1380 1345 1487 1382 sese
1514 1334 1766 1384 emendare
1796 1342 2002 1395 recuset,
2031 1342 2080 1384 et
2104 1335 2153 1383 in
2183 1334 2493 1383 concubinatu
2519 1347 2738 1396 pemse-

860 1503 923 1550 V.
967 1500 1164 1549 Plurimi
1191 1497 1408 1571 doctores
1440 1509 1692 1552 tenuerunt
1717 1502 1860 1565 plecti
1888 1516 2031 1565 posse
2072 1503 2431 1552 concubinatum
2471 1502 2744 1564 privationis

924 1599 1080 1648 poena,
1110 1599 1203 1636 non
1238 1586 1495 1649 premissis
1533 1586 1874 1636 monitionibus
1905 1593 1953 1635 et
1987 1587 2326 1649 suspensione;
2356 1585 2494 1635 modo
2538 1594 2742 1646 constet,

926 1684 1019 1720 non
1054 1677 1239 1720 mutant
1273 1670 1331 1720 de
1361 1679 1580 1732 suspecta
1612 1670 2000 1734 frequentatione,
2030 1670 2114 1721 sed
2153 1680 2201 1721 et
2226 1672 2287 1722 de
2312 1674 2509 1736 patratis
2543 1673 2744 1723 tornica-

923 1754 1064 1804 tionis
1090 1755 1273 1804 actibus
1309 1789 2743 1807 ......................

854 1839 937 1889 Vl.
976 1841 1197 1896 Qnoenam
1245 1853 1272 1888 e
1317 1839 1493 1903 duplici
1539 1839 1754 1902 exposita
1797 1838 2042 1890 doctorum
2085 1840 2318 1889 sententia
2351 1842 2508 1903 potius
2549 1842 2736 1905 ample·

922 1925 1090 1973 ctcnda
1121 1924 1334 1974 videatur
1371 1956 2726 1975 .........................

852 2008 962 2057 vn.
999 2009 1320 2070 snbjiciuntur
1341 2010 1465 2071 juris
1495 2015 1650 2058 textus
1676 2007 1839 2057 atalia
1867 2007 2238 2070 documenta,ad
2257 2009 2584 2059 illustrandam
2601 2024 2736 2074 qute-

920 2092 1299 2142 stionemidonea
1304 2125 2730 2144 ..........................

851 2176 982 2225 vill.
1021 2178 1076 2225 In
1102 2178 1347 2240 hypothesi
1367 2176 1491 2241 qnod
1521 2176 1582 2226 de
1603 2177 1711 2239 inre
1734 2177 1968 2226 communi
1997 2190 2090 2227 non
2113 2185 2275 2240 posset
2295 2179 2572 2241 privationis
2592 2193 2737 2242 poena

916 2260 1058 2323 plecti
1084 2261 1281 2323 simplex
1306 2261 1569 2324 fornicatio,
1600 2277 1687 2312 nec
1715 2263 1854 2312 etiam
1876 2262 2213 2311 concubinatus
2233 2263 2325 2311 nisi
2349 2264 2607 2325 premissis
2635 2277 2738 2313 mo-

916 2345 1172 2394 nitionibus
1202 2352 1248 2394 et
1274 2347 1601 2409 suspensione,
1630 2347 1680 2395 id
1707 2346 1871 2395 saltem
1903 2345 2004 2394 fieri
2029 2352 2155 2395 certo
2187 2355 2349 2409 posset
2374 2347 2576 2411 dejure
2597 2361 2734 2411 per-

909 2432 1142 2494 ticulari,
1170 2445 1253 2481 seu
1282 2446 1337 2481 ex
1372 2433 1561 2481 statutis
1581 2431 1948 2495 particularibus
1970 2430 2298 2494 ecclesiarum,
2317 2440 2365 2482 et
2392 2433 2577 2495 vigente
2604 2431 2736 2498 apud

915 2517 1047 2579 ipsas
1078 2516 1412 2567 consuetudine
1418 2548 2733 2567 ........................

851 2601 938 2651 nt.
975 2603 1043 2651 De
1061 2601 1411 2651 difficultatibus
1426 2603 1725 2663 praesentium
1750 2609 2009 2663 temporum
2032 2599 2184 2663 quoad
2206 2600 2523 2651 'tridentinam
2551 2601 2614 2652 de
2637 2603 2733 2652 cle-

914 2686 1027 2735 ricis
1057 2686 1401 2736 concubinariis
1438 2685 1794 2749 dispositionem
1802 2718 2728 2736 .................

852 2769 916 2818 X·
953 2770 1212 2834 Episcopus
1239 2777 1402 2819 contra
1425 2771 1622 2819 clericos
1648 2769 2022 2830 concubinarios,
2043 2769 2178 2828 iuxta
2207 2782 2417 2819 normam
2445 2770 2734 2820 Tridentinis

914 2853 1237 2917 dispositionis
1261 2854 1538 2918 procedens,
1561 2853 1728 2918 judicii
1755 2852 1998 2902 summarii
2024 2852 2215 2902 formam
2239 2853 2466 2904 adbibere
2492 2864 2670 2917 potest.
2714 2891 2727 2905 .

647 2939 844 2988 CAPUT
879 2939 966 2987 111.
1004 2942 1177 2990 Norma
1210 2941 1508 2991 beneficiatos
1544 2937 1811 2988 removendi
1841 2950 1925 2999 per
1952 2940 2308 3000 suspensionem
2315 2971 2724 2990 ........

714 3025 934 3084 Quaestio
961 3029 1033 3072 μ.
1070 3025 1251 3083 Quibus
1270 3027 1318 3076 in
1342 3030 1532 3078 casibus
1556 3026 1618 3074 de
1643 3026 1751 3087 jure
1776 3026 2014 3074 communi
2052 3026 2320 3076 incurratur
2358 3023 2606 3085 suspensio
2620 3027 2657 3074 1.
2706 3061 2719 3072 .

713 3109 931 3168 Quaestio
958 3111 1031 3156 2⁸.
1069 3112 1142 3158 An
1164 3112 1481 3162 concubinarii
1510 3111 1680 3160 notorii
1709 3110 1811 3171 ipso
1844 3109 1952 3170 jure
1983 3109 2079 3157 sint
2109 3107 2358 3171 suspensi?
2365 3142 2718 3158 .......

717 3193 936 3252 Quaeotio
964 3192 1035 3242 δ’.
1072 3195 1331 3251 Quamnam
1357 3199 1418 3245 ob
1442 3210 1631 3246 cansam
1657 3195 1808 3258 possit
1839 3193 2103 3257 Episcopus
2135 3194 2356 3242 clericum
2392 3193 2726 3255 suspendere!

716 3278 940 3341 Quaestt'o
968 3281 1042 3327 ⁴⁸.
1083 3280 1154 3326 An
1176 3281 1327 3342 possit
1348 3282 1612 3344 Episcopus
1634 3281 1830 3329 clericos
1851 3278 2141 3341 suspendere
2159 3277 2613 3340 extra-judicialiter,
2633 3293 2721 3327 seu

776 3374 831 3410 ex
866 3362 1113 3412 informata
1147 3365 1462 3413 conscientia?
1468 3395 2717 3414 .......................

641 3444 923 3496 snb-cotio
949 3448 1016 3495 11.
1055 3449 1228 3496 Norma
1262 3448 1484 3496 canonica
1528 3446 1792 3496 removendi
1835 3453 2026 3495 curatos
2030 3477 2719 3497 .............

640 3534 838 3583 CAPUT
863 3534 902 3582 1.
938 3534 1113 3582 Norma
1138 3531 1404 3581 removendi
1426 3532 1662 3593 parochos
1693 3531 1960 3592 seaculares,
1991 3544 2191 3594 quorum
2229 3530 2497 3594 parochiale
2539 3529 2722 3580 benefl-

709 3618 833 3668 cinm
860 3624 1135 3680 perpetuum
1162 3623 1234 3666 est
1239 3648 2714 3669 ...........................

643 3701 839 3750 CAPUT
865 3701 931 3749 11.
969 3702 1142 3750 Norma
1168 3700 1439 3750 removendi
1480 3700 1682 3750 vicarios
1713 3706 1902 3750 curatos
1935 3705 2188 3762 perpetuos
2193 3733 2716 3751 ..........

641 3786 838 3835 CAPUT
864 3786 952 3833 lll.
990 3786 1162 3834 Norma
1188 3785 1455 3835 removendi
1483 3787 1717 3848 parochos
1742 3785 2010 3845 saculares,
2038 3782 2098 3831 ad
2117 3791 2281 3833 nuunn
2307 3784 2527 3848 Episcopi
2543 3786 2720 3834 amovi-

713 3870 831 3919 biles
851 3901 2714 3920 ..................................

709 3955 799 4017 51.
836 3956 1078 4005 Nonnullae
1116 3955 1461 4018 praemittuntur
1503 3956 1718 4004 notiones
1757 3953 1816 4002 de
1858 3951 2094 4002 beneflciis
2139 3954 2454 4015 manualibus,
2481 3969 2510 4004 a
2544 3955 2720 4018 quibus

772 4053 938 4102 nempe
964 4040 1224 4090 beneficiati
1246 4048 1448 4104 possunt
1480 4041 1540 4089 ad
1589 4047 1753 4089 nutum
1784 4039 2012 4087 removeri
2020 4068 2711 4089 .............

708 4121 735 4192 ἦ
760 4125 824 4173 11.
862 4124 1124 4173 Adducitnr
1150 4128 1416 4176 summatim
1442 4125 1787 4188 praecipuorum
1810 4124 1988 4187 aliquot
2016 4121 2262 4172 doctorum
2289 4124 2538 4185 sententia,
2557 4121 2714 4185 quoad

775 4209 1094 4272 quaestionem,
1120 4222 1176 4256 an
1230 4210 1452 4260 beneficia
1492 4210 1729 4258 manualia
1767 4210 2030 4258 obtinentes
2066 4207 2252 4269 possint
2279 4209 2342 4256 iis
2387 4210 2560 4270 privari
2595 4208 2712 4256 sina

777 4307 961 4354 cama,
990 4302 1037 4342 ct
1063 4307 1119 4342 an
1149 4305 1391 4342 recursum
1408 4294 1468 4344 ad
1488 4294 1780 4357 superiorem
1799 4294 2016 4342 babeant.
2038 4316 2102 4327 —
2123 4292 2348 4340 Doctrina
2362 4293 2712 4350 Suaresii.Ga1·-

781 4379 880 4433 cioe,
911 4379 1105 4438 Lotteri,
1133 4379 1376 4439 Gonsalcz,
1404 4378 1671 4429 cardinalis
1702 4378 1761 4426 de
1788 4380 1932 4436 Luca,
1958 4375 2193 4435 Leurenii,
2215 4378 2346 4425 Rotas
2377 4389 2590 4425 romam.
2634 4409 2644 4421 .
2693 4413 2707 4424 .

713 4455 739 4526 ἃ
763 4461 851 4508 111.
891 4461 1131 4522 Quomodo
1155 4461 1377 4511 solvenda
1410 4463 1623 4512 videatur
1643 4463 1856 4525 quaestio,
1880 4474 1939 4509 an
1964 4460 2158 4526 parochi
2173 4460 2232 4509 ad
2254 4468 2420 4510 nutum
2435 4459 2706 4509 amoribiles

2783 500 2871 554 rag.

2789 576 2875 623 ὅτε»

2793 745 2879 793 580

2795 912 2882 962 382

2799 1082 2884 1129 383

2807 1759 2895 1809 390

2796 1927 2878 1975 391

2799 2513 2887 2564 390

2797 2684 2885 2734 397

2796 2855 2888 2903 ³98

2793 2940 2886 2988 399

2790 3026 2882 3073 599

2786 3110 2880 3158 399

2791 3194 2884 3244 400

2789 3366 2874 3412 ⁴0!

2788 3450 2874 3497 ⁴01

2787 3618 2870 3665 ⁴0¹

2788 3701 2880 3750 ⁴02

2785 3870 2877 3918 403

2784 4037 2872 4084 404

2778 4372 2874 4421 ⁴0⁵
