3146 4973
514 365 643 430 426
1194 381 1568 432 ‘sumnus
1614 382 1703 434 os
1747 381 2074 436 »nocuo

1192 762 1811 904 SECTIO
1909 765 2059 898 V.

513 1094 626 1166 De
681 1093 1216 1193 coadjutoribus
1271 1094 1752 1191 parochorum
1769 1149 1787 1179 ,
1837 1107 1910 1169 et
1958 1095 2049 1170 de
2099 1121 2347 1169 norma
2398 1095 2750 1167 canonica

1284 1245 1408 1293 eos
1442 1218 1949 1294 constituendi.

1508 1526 1752 1550 *¹⁹-

603 1798 696 1862 Ex
739 1794 931 1862 dictis
969 1814 1186 1880 supra,
1224 1798 1452 1882 nequit
1488 1799 1818 1865 removeri
1863 1797 2188 1882 parochus
2231 1815 2353 1879 per
2395 1795 2748 1878 depositio-

515 1931 663 1979 nem
699 1931 817 1978 seu
846 1912 1276 1994 privationem
1303 1912 1630 1990 beneficii,
1667 1913 1788 1978 nisi
1818 1914 1903 1979 ob
1929 1932 2129 1998 grave
2150 1912 2494 1978 delictum.
2529 1912 2752 1994 Exigit

517 2037 738 2093 tamen
775 2030 1133 2094 animarum
1176 2028 1511 2112 spirituale
1561 2030 1827 2103 bonum,
1870 2036 1946 2094 ut
1991 2030 2114 2112 ipsi
2161 2047 2291 2094 non
2340 2029 2750 2112 mlinquatur

515 2143 838 2226 parochioe
864 2141 1354 2220 administratio,
1379 2143 1641 2228 quando
1660 2145 1811 2210 huic
1840 2144 2042 2210 officio
2069 2144 2274 2209 evasit
2295 2145 2523 2226 impar,
2546 2142 2750 2207 etiam

515 2259 677 2323 citra
727 2275 984 2323 omnem
1034 2259 1289 2342 culpam
1332 2277 1536 2336 suam,
1588 2259 1774 2326 verbi
1812 2263 2040 2344 gratia,
2093 2278 2172 2324 ex
2224 2257 2600 2323 infirmitate
2639 2257 2749 2320 vel

510 2372 712 2436 senio.
757 2372 918 2436 Hinc
949 2390 986 2435 a
1017 2372 1270 2455 legibus
1313 2374 1769 2439 ecclesiasticis
1808 2381 2066 2440 statutae
2098 2372 2513 2459 coadjutoriae
2541 2393 2556 2454 3
2592 2390 2750 2455 qua-

508 2507 654 2553 rum
690 2489 790 2553 hic
820 2486 1041 2572 quoad
1080 2489 1394 2571 parochos
1422 2490 1807 2574 exponenda
1839 2510 2095 2556 norma.

1419 2774 1688 2838 CAPUT
1748 2777 1795 2838 1.

931 3016 1094 3075 QUID
1142 3015 1239 3062 SIT
1288 3015 1369 3062 ET
1415 3015 1806 3076 QuowPch
1853 3015 2323 3065 COADJuTomA.

603 3288 662 3345 1⁰
699 3306 730 3342 «
765 3282 1183 3368 Coadjutoria
1243 3291 1344 3348 est
1387 3284 1681 3359 iaculum,
1747 3303 1822 3348 ex
1883 3302 2093 3359 causa,
2141 3284 2526 3349 auctoritate
2573 3283 2738 3366 juris

511 3424 542 3461 «
588 3400 693 3465 vel
712 3398 947 3485 judicis
977 3401 1255 3484 cuipiam
1278 3419 1602 3478 concessa,
1633 3399 1986 3483 adjuvandi
2005 3399 2379 3478 Praelatum,
2410 3400 2518 3465 vel
2538 3400 2735 3463 alium

511 3541 542 3577 «
580 3514 1063 3591 beneficiatum,
1098 3517 1163 3579 in
1189 3515 1477 3580 ecclesiae
1504 3514 1610 3580 vel
1643 3511 1940 3580 beneficii
1964 3515 2344 3597 regimine.»
2378 3516 2557 3578 Hanc
2579 3513 2738 3578 defi·

503 3631 812 3695 nitionem
849 3626 1054 3692 tradit
1084 3628 1372 3692 Ferraris
1403 3627 1631 3711 (verbo
1666 3631 2017 3711 Coadjutor,
2053 3647 2118 3691 n.
2156 3626 2243 3711 l);
2278 3634 2346 3693 et
2382 3626 2568 3692 addit
2590 3646 2736 3691 eam

503 3764 665 3819 esse,
718 3740 933 3828 quoad
979 3761 1261 3819 sensum,
1318 3743 1752 3808 communiter
1795 3742 1971 3826 apud
2014 3741 2320 3809 doctores
2372 3750 2730 3826 receptam.

593 3864 660 3924 2⁰
701 3859 1015 3924 Accurate
1053 3856 1499 3941 distinguendi
1556 3867 1711 3924 sunt
1757 3858 2171 3943 coadjutores
2199 3864 2447 3940 proprie
2479 3862 2657 3935 dicti,
2698 3877 2738 3921 a

501 3974 988 4061 coadjutoribus
1027 3981 1352 4057 improprie
1398 3979 1605 4038 dictis.
1658 3978 1799 4041 Non
1838 3976 2011 4040 enim
2059 3974 2265 4039 omnis
2311 3974 2424 4058 qui
2480 3973 2739 4057 Episco-

504 4110 680 4176 pum,
711 4091 817 4155 vel
846 4090 1229 4173 parochum,
1254 4091 1359 4154 vel
1384 4091 1764 4156 canonicum
1795 4088 2085 4174 adjuvat,
2111 4088 2263 4154 ideo
2292 4097 2412 4166 est,
2448 4090 2513 4152 in
2541 4106 2738 4153 sensu

497 4207 683 4292 juris,
715 4206 1033 4289 Episcopi,
1064 4205 1434 4290 parochive,
1475 4214 1589 4271 aut
1611 4206 1899 4272 canonici
1937 4203 2300 4290 coadjutor.
2335 4203 2464 4270 Sed
2488 4211 2562 4269 ut
2591 4205 2737 4288 quis

502 4323 676 4389 sitin
712 4339 864 4386 vero
896 4330 964 4386 et
1000 4321 1224 4385 stricto
1252 4338 1442 4383 sensu
1486 4320 1784 4402 Episcopi
1835 4320 2045 4402 (verbi
2098 4318 2324 4403 gratia)
2363 4318 2728 4402 coadjutor.

505 4457 769 4505 necesse
807 4444 906 4503 est
954 4445 1028 4500 ut
1062 4436 1497 4501 constituatur
1534 4455 1571 4499 a
1606 4436 1943 4520 superiore
1974 4435 2268 4521 ejusdem
2303 4434 2623 4518 Episcopi,
2662 4441 2729 4498 et
