3146 4973
613 430 698 515 52
1292 461 1667 513 rasura-rus
1714 463 1803 511 nu
1846 461 2176 512 moeno.

600 593 665 655 iu
700 589 1018 675 Apostolis
1054 587 1236 672 prius
1265 587 1580 654 extiterat
1628 586 1802 674 (cum
1833 587 2200 670 apostolatu
2247 582 2679 671 conjunctus),
2723 583 2835 651 ha-

596 705 861 771 buerint
883 704 1086 770 creati
1114 709 1341 787 postea
1372 702 1696 787 Episcopi.

686 823 1157 887 Docummvmm
1179 818 1292 885 l'V.
1329 855 1420 867 —
1444 818 1523 884 Iu
1549 818 1895 902 capitulari
1927 815 2339 903 Theodulphi
2360 816 2835 884 Aurelianensis

544 934 554 945 '
592 936 912 1021 Episcopi,
949 938 1100 1001 anni
1137 940 1289 1014 797,
1327 935 1539 1021 capite
1584 938 1643 1014 l,
1693 934 1784 999 sic
1818 934 2044 1018 legere
2081 940 2183 1000 est
2219 956 2235 1000 :
2295 938 2655 1000 sicutenim
2681 935 2833 1015 Epi·

592 1058 754 1137 s'copi
780 1055 1199 1137 Apostolorum
1228 1058 1296 1117 in
1333 1054 1623 1133 Ecclesia,
1660 1058 1754 1116 ica
1795 1057 2086 1116 nimirum
2112 1053 2455 1134 presbyteri
2482 1056 2829 1113 eoeterorum

587 1171 1017 1251 discipulorum
1044 1172 1290 1234 Domini
1320 1172 1509 1231 vicem
1549 1174 1772 1231 tenent.
1808 1169 1890 1230 Ee
1938 1167 2042 1229 illi
2084 1172 2283 1228 tenent
2311 1166 2568 1247 qradum
2598 1166 2832 1230 Summa·

587 1285 907 1364 Pontifici-5
937 1282 1180 1365 Aenon,-
1206 1289 1316 1348 isti
1346 1303 1484 1347 vero
1511 1283 1782 1362 filiorum
1809 1288 1959 1366 ejus.
1998 1283 2171 1346 Unde
2212 1287 2442 1365 oportet
2473 1299 2575 1343 vos
2623 1278 2830 1364 (pres-

585 1399 856 1485 byteros
906 1397 1278 1485 alloquitur)
1333 1420 1561 1482 semper
1604 1418 1888 1463 memores
1927 1418 2050 1462 esse
2101 1405 2287 1463 tantae
2315 1398 2667 1479 divnitatis,
2705 1414 2829 1457 me-

584 1514 777 1581 mores
805 1524 1018 1581 vestrae
1045 1521 1529 1596 consecrationis,
1580 1535 1865 1579 memores
1902 1534 2089 1579 sacroe
2113 1534 2292 1597 quam
2327 1520 2395 1579 in
2430 1514 2707 1578 manibus
2733 1530 2830 1575 αο-

586 1639 830 1717 cepistis
856 1639 1178 1698 unctionis.
1227 1634 1291 1697 1⁰
1322 1631 1422 1698 Ibi
1447 1632 1599 1698 luce
1636 1630 1991 1698 meridiana
2034 1631 2271 1697 clarius
2313 1633 2547 1716 agitur,
2581 1648 2710 1696 uon
2738 1625 2824 1694 de

586 1748 881 1834 parochis
907 1755 1186 1830 tantum,
1235 1747 1352 1815 sed
1394 1746 1480 1814 de
1527 1749 1831 1815 omnibus
1876 1749 1989 1833 qui
2025 1766 2282 1833 sacrum
2326 1745 2826 1831 presbyteratus

584 1864 884 1931 ordinem
907 1872 1344 1949 acceperuut3
1378 1870 1881 1929 consecrationem
1901 1882 2163 1949 nempe,
2179 1869 2248 1930 et
2275 1882 2511 1927 sacram
2538 1869 2605 1928 in
2624 1865 2825 1926 mani·

584 1984 692 2046 bus
723 1987 1084 2046 unctionem.
1115 1978 1309 2045 Unde
1347 1978 1730 2063 parochistoe
1762 1978 2119 2046 admittere
2150 1978 2419 2059 debent,
2453 1978 2562 2046 vel
2598 1996 2820 2045 omnes

584 2096 802 2165 ordini
845 2097 1343 2183 presbyteratus
1390 2096 1692 2176 initiatoS,
1735 2095 1860 2164 hoc
1898 2099 2039 2180 ipso
2088 2115 2229 2163 esse
2266 2095 2581 2181 parochos
2615 2091 2816 2182 (quod

580 2216 753 2279 sicut
777 2211 995 2290 hodie,
1039 2213 1129 2278 ita
1168 2213 1235 2276 in
1264 2219 1403 2278 tota
1442 2218 1626 2278 retro
1658 2212 2044 2297 antiquitate
2088 2211 2324 2278 falsum
2356 2230 2496 2277 esse
2533 2207 2818 2278 ostendi-

581 2326 774 2412 mus),
811 2327 923 2394 vel
961 2329 1044 2394 72
1076 2325 1407 2412 discipulis
1445 2329 1795 2394 successise
1839 2347 2064 2395 omues
2095 2327 2546 2413 presbyteros,
2587 2330 2817 2413 quate-

578 2463 703 2509 nus
725 2441 1167 2529 presbyteroS,
1198 2460 1332 2507 non
1369 2449 1592 2509 autem
1621 2441 1943 2527 parochos
1970 2449 2293 2529 quatenus
2337 2440 2605 2527 parochi
2634 2449 2809 2509 sunt.

581 2557 771 2625 Unde
802 2566 993 2625 textu
1040 2558 1154 2625 illo
1192 2556 1352 2623 nihil
1384 2557 1653 2643 juvatur
1692 2558 2208 2645 parochistarum
2235 2566 2542 2644 systema.
2585 2561 2656 2624 2⁰
2685 2555 2815 2624 Sed

575 2693 792 2760 neque
833 2674 923 2740 ibi
975 2675 1190 2758 agitur
1234 2671 1319 2740 de
1367 2693 1526 2740 vera
1554 2677 1999 2760 successione;
2045 2679 2143 2741 ast
2190 2675 2402 2741 solum
2440 2672 2525 2741 de
2563 2674 2817 2741 iustitu-

574 2793 752 2858 tione
786 2794 871 2856 ad
895 2794 1376 2855 similitudinem.
1420 2789 1613 2873 Quod
1658 2797 1842 2876 patet
1883 2811 1965 2858 ex
2010 2812 2092 2859 eo
2115 2790 2296 2877 quod
2338 2789 2574 2858 eodem
2615 2790 2813 2858 modo

577 2904 951 2992 presbyteri
1006 2903 1311 2971 dicautur
1360 2907 1745 2972 successisse
1790 2905 1942 2972 filiis
1997 2905 2234 2973 Aaron.
2298 2906 2574 2972 Prorsus
2627 2914 2811 2973 certe

576 3022 837 3089 diversa
876 3027 977 3087 est
1020 3025 1307 3104 potestas
1343 3021 1886 3108 presbyterorum
1914 3039 2098 3089 uovoe
2136 3021 2321 3106 legis,
2364 3021 2447 3087 ab
2495 3040 2573 3087 ea
2615 3039 2809 3107 quam

580 3141 1020 3203 exercuerunt
1060 3132 1179 3199 filii
1210 3135 1443 3213 Aaron,
1491 3136 1606 3221 qui
1637 3135 1905 3203 fuerunt
1945 3141 2201 3202 tautum
2229 3136 2462 3203 umbra
2490 3143 2561 3202 et
2599 3135 2809 3221 figura

580 3254 981 3322 futurorum.
1002 3251 1192 3319 Unde
1217 3250 1617 3338 illoe10mues',
1641 3271 1783 3339 quae
1814 3251 1991 3337 apud
2007 3254 2240 3320 Patres
2269 3260 2648 3333 occurrunt,
2672 3272 2807 3321 me-

575 3379 839 3438 moratae
898 3368 1237 3454 Apostolos
1295 3368 1471 3433 iuter
1529 3374 1601 3434 et
1666 3369 2017 3453 Episcopos
2045 3417 2061 3449 ,
2127 3368 2804 3456 presbyterorumque

575 3504 726 3551 cum
746 3486 829 3551 72
850 3480 1181 3567 discipulis
1209 3480 1687 3560 similitudines,
1722 3480 1883 3548 inid
1909 3481 2283 3563 intendunt,
2312 3490 2388 3551 ut
2421 3485 2802 3569 pestiferam

570 3600 993 3667 Aerianorum
1044 3597 1363 3678 haeresim,
1407 3616 1549 3684 quae
1596 3596 2019 3683 presbyteros
2085 3599 2416 3683 Episcopis
2474 3600 2797 3686 aequabat,

572 3715 835 3781 omnino
870 3719 1245 3797 conterant3
1290 3711 1375 3780 ad
1406 3711 1588 3799 quod
1611 3714 1956 3794 intentum,
1991 3731 2162 3798 saepe
2186 3716 2419 3800 saepius
2443 3715 2794 3794 inculcant,

572 3850 702 3899 non
754 3829 927 3896 unici
960 3827 1206 3896 ordinis
1240 3837 1467 3895 extare
1510 3829 1578 3893 in
1607 3828 1885 3896 ecclesia
1919 3828 2379 3909 sacerdotium,
2417 3830 2539 3898 sed
2584 3830 2801 3916 dupli·

571 3950 666 4014 cis
691 3969 706 4014 :
730 3953 921 4031 pn'mi
941 3962 1176 4028 nempe
1200 3951 1271 4011 et
1292 3943 1604 4029 completi
1624 3947 1862 4009 ordinis
1880 3944 1948 4010 in
1970 3946 2321 4031 Episcopis,
2342 3950 2589 4011 semmaa·
2606 3965 2791 4022 vero,

570 4062 641 4130 et
678 4058 989 4148 partialis,
1039 4067 1109 4127 et
1152 4059 1476 4125 inferioris
1519 4061 1592 4124 in
1633 4058 2060 4145 presbyteris,
2098 4058 2200 4127 Ad
2238 4078 2433 4146 quam
2467 4060 2800 4130 inferioris

567 4178 1108 4264 presbyterorum
1134 4175 1481 4242 sacerdotii
1501 4175 1977 4260 explanandam
2008 4176 2350 4244 veritatem
2385 4177 2791 4260 catholicum,

564 4301 930 4361 memorant
948 4292 1120 4358 circa
1143 4289 1468 4356 Christum
1486 4292 1552 4355 in
1570 4292 1893 4375 superiori
1910 4290 2120 4377 gradu
2146 4292 2401 4359 stetisse
2424 4293 2766 4379 Apostolos
2781 4345 2798 4376 ,

559 4412 630 4476 in
651 4407 947 4475 inferiori
975 4403 1346 4492 discipulos
1369 4406 1580 4492 Atque
1601 4407 1692 4473 ita
1717 4413 1853 4474 tota
1881 4410 1975 4494 vis
2003 4407 2234 4475 harum
2261 4408 2788 4494 similitudinum,
