3146 4973
1196 333 1356 381 mas
1399 332 1628 383 mum.
2411 318 2534 381 165

291 460 604 546 exempla
633 479 856 528 eorum
877 461 988 544 qui
1009 459 1327 527 catholice
1356 459 1593 526 eadem
1621 460 1900 528 formula
1926 461 2106 546 prius
2126 461 2227 527 usi
2253 469 2425 529 sunt.
2456 463 2534 528 Id

289 578 590 642 Julianus
629 577 963 642 haereticus
999 583 1224 642 sancto
1252 575 1610 659 Augustino
1640 575 2019 661 objiciebat,
2055 595 2281 643 vocem
2312 596 2537 662 quam-

287 691 437 758 dam
455 741 473 771 ,
509 697 747 776 utpote
777 711 815 757 a
846 699 1067 757 sancto
1106 690 1568 777 Chrysostomo
1603 690 1992 771 adhibitam,
2032 691 2384 775 legitimam
2419 693 2535 759 de-

288 809 592 876 fendens.
637 808 755 874 Cui
784 807 1180 891 Augustinus
1218 829 1232 873 :
1271 812 1607 891 Disputans
1651 807 1930 895 (Ioannes
1958 806 2432 891 chrysostomus)
2470 816 2537 873 in

286 927 556 989 Ecclesia
595 926 893 988 catholica
913 972 930 1003 ‚
973 944 1092 987 non
1124 944 1186 987 se
1220 927 1406 987 aliter
1441 927 1708 1006 intelliyi
1743 927 2161 989 arbitrabatur
2183 945 2204 987 .·
2233 928 2347 988 tali
2376 945 2536 1006 quoe-

282 1046 473 1104 stione
518 1042 735 1103 nullus
769 1042 1136 1121 pulsabatur
1182 1061 1203 1102 .·
1241 1043 1406 1103 vobis
1435 1043 1701 1103 nondum
1739 1042 2122 1122 litiqantibus
2151 1045 2416 1103 securius
2448 1044 2539 1104 lo-

285 1159 580 1237 quebatur
621 1155 877 1240 (contra
911 1156 949 1218 J
953 1155 1236 1220 ulianum
1255 1202 1271 1232 ,
1321 1174 1463 1239 cap.
1502 1153 1594 1238 2).
1647 1153 1726 1220 Id
1772 1174 1888 1219 nos
1936 1154 2536 1239 presbyterianismi

282 1270 696 1355 sequacibus,
733 1271 875 1355 qui,
912 1271 1187 1353 pastoris
1216 1270 1482 1335 titulum
1511 1270 1813 1353 parochis
1838 1269 2169 1336 vindicare
2201 1278 2529 1347 conanteS,

283 1387 634 1454 nonnullas
675 1387 1099 1452 auctoritates
1142 1383 1456 1469 objiciunt
1472 1433 1488 1462 ,
1526 1383 2018 1469 respondemus.
2059 1389 2233 1449 Vobis
2272 1389 2537 1449 nondum

282 1506 673 1586 litiqantibus
695 1507 959 1565 securius
982 1505 1372 1583 loquebantur
1390 1501 1503 1586 qui
1521 1502 1740 1586 aliquo
1755 1499 2318 1568 accommodatitio
2342 1520 2536 1567 sensu

282 1620 604 1702 parochos
649 1625 985 1702 pastorum
1027 1617 1286 1681 nomine
1322 1615 1767 1699 designarunt.
1802 1615 1884 1680 At
1916 1635 2091 1680 nunc
2127 1636 2257 1681 vox
2297 1616 2408 1682 illa
2435 1635 2536 1683 se-

283 1733 436 1800 dulo
463 1732 777 1818 parochis
816 1728 1203 1814 deneganda
1233 1737 1302 1797 et
1332 1730 1505 1795 veris
1536 1729 1906 1814 pastoribus
1936 1729 2005 1796 id
2036 1740 2137 1797 est
2166 1732 2529 1814 EpiscopiS,

284 1873 320 1913 a
376 1857 632 1934 Spiritu
691 1854 915 1915 Sancto
979 1848 1205 1932 positis
1245 1868 1487 1929 pascere
1560 1845 1924 1933 (ποιμαίνειν)
1988 1850 2315 1911 Ecclesiam
2377 1852 2527 1926 Dei,

281 1968 616 2033 exclusive
657 1963 1084 2032 reservanda.

365 2084 532 2148 Hinc
585 2100 825 2165 nuper,
869 2099 1016 2145 cum
1067 2079 1135 2143 in
1182 2077 1523 2165 cujusdam
1560 2078 1817 2143 concilii
1848 2077 2260 2162 provincialis
2312 2075 2530 2143 Ganiae

282 2199 558 2276 statutiS,
599 2195 691 2262 de
721 2195 1021 2280 parochis
1051 2192 1172 2261 sub
1193 2202 1512 2278 pastorum
1561 2195 1820 2259 nomine
1859 2211 2071 2258 sermo
2102 2198 2309 2274 esset,
2342 2212 2379 2256 a
2410 2192 2534 2258 Ro-

287 2318 481 2382 manis
511 2313 929 2381 revisoribus
959 2332 1089 2378 vox
1119 2313 1227 2378 illa
1261 2319 1592 2395 expuncta
1624 2316 1747 2375 est.

362 2439 525 2500 Nota
573 2437 641 2499 l.
680 2469 771 2479 —
801 2430 1099 2514 Diximus
1119 2430 1189 2494 in
1216 2430 1420 2508 thesi,
1469 2433 1744 2512 quamvis
1788 2435 1930 2491 ante
1954 2433 2137 2504 ortos,
2176 2433 2283 2490 aut
2310 2428 2394 2490 ad
2423 2445 2535 2490 ex-

277 2558 458 2615 trema
491 2552 840 2633 perductos
860 2597 880 2628 ,
911 2553 1283 2632 jansenismi
1333 2566 1594 2626 errores,
1644 2551 1890 2608 innocue
1927 2548 2237 2626 potuerint
2276 2544 2534 2625 parochi

270 2676 596 2750 pastorum
632 2670 872 2729 nomine
901 2669 968 2726 in
993 2665 1249 2744 quodam
1283 2664 1408 2724 lato
1434 2680 1614 2724 sensu
1642 2663 1861 2723 donari
1893 2678 1913 2719 .·
1951 2675 2100 2721 nam
2137 2656 2532 2739 caeteroquin

273 2782 772 2866 probatissimos
819 2779 1017 2844 etiam
1063 2776 1298 2844 scholae
1337 2774 1642 2841 doctores
1659 2821 1675 2851 ‚
1723 2781 1875 2839 ante
1924 2772 2268 2838 excitatam
2305 2789 2533 2836 recen-

274 2899 561 2965 tioribus
590 2894 1002 2980 temporibus
1040 2893 1281 2959 dictam
1315 2889 1705 2975 parochismi
1733 2888 2085 2972 procellam
2116 2907 2153 2951 a
2182 2884 2533 2952 tribuenda

274 3014 585 3098 parochis
621 3019 941 3095 pastorum
986 3008 1512 3075 denominatione
1545 3024 1678 3071 non
1721 3004 2062 3087 refugisse,
2102 3003 2360 3068 omnino
2389 3020 2532 3067 cer-

274 3139 407 3197 tum
453 3137 573 3197 est
592 3149 610 3212 ;
645 3127 716 3192 in
745 3124 932 3210 cujus
974 3123 1419 3188 testimonium
1450 3129 1551 3187 sat
1595 3121 1722 3186 erit
1750 3118 2065 3185 indicasse
2114 3118 2483 3184 Suarezium
2506 3164 2523 3194 ,

278 3249 382 3333 qui
414 3249 635 3335 (tomo
663 3247 729 3322 3,
763 3246 838 3306 cle
865 3245 1205 3323 Reliqione,
1246 3239 1292 3303 l.
1335 3240 1393 3315 l,
1431 3256 1488 3301 c.
1536 3240 1641 3314 17,
1684 3256 1750 3300 n.
1793 3238 1877 3299 20
1907 3242 1975 3300 et
2003 3232 2170 3318 seq.)
2206 3234 2414 3299 veluti
2444 3254 2529 3299 ex

279 3363 578 3446 professo
598 3364 986 3442 pastoratum
1016 3350 1365 3448 quemdam
1398 3349 1697 3433 parochis
1733 3346 2039 3414 vindicat.
2075 3347 2278 3410 Simul
2306 3354 2526 3410 tamen

281 3479 356 3544 ab
403 3499 485 3546 eo
546 3480 888 3561 pastoratu
937 3469 1296 3555 quamlibet
1346 3466 1477 3533 fori
1525 3464 1783 3531 externi
1826 3461 2335 3549 jurisdictionem
2384 3461 2528 3526 dili-

282 3601 513 3678 genter
547 3597 842 3673 resecat3
882 3589 973 3652 ita
1002 3595 1078 3652 ut
1105 3605 1237 3651 non
1273 3584 1392 3648 nisi
1427 3585 1561 3649 lato
1590 3600 1692 3660 eo,
1728 3600 1923 3666 quem
1961 3579 2262 3656 diximuS,
2297 3597 2521 3653 sensu,

285 3711 599 3793 parochos
628 3725 757 3792 pro
787 3702 1156 3789 pastoribus
1183 3700 1445 3784 habeat3
1477 3718 1623 3778 nec,
1659 3718 1788 3784 quo
1813 3696 1899 3763 ad
1927 3715 2091 3774 rem,
2128 3694 2529 3760 contradicat

285 3824 768 3893 recentioribus
818 3818 1228 3899 doctoribuS,
1274 3816 1425 3901 qui,
1482 3814 1568 3881 ob
1618 3821 2017 3898 grassantem
2063 3818 2289 3895 postea
2339 3829 2528 3893 paro-

287 4131 501 4191 gnandmn
549 4129 768 4179 divinam
801 4124 1140 4174 substantiam?
1170 4122 1271 4178 Qua
1307 4127 1461 4168 tamen
1496 4130 1611 4166 voce
1656 4129 1771 4165 usus
1806 4115 1918 4163 olim
1959 4112 2274 4162 Tertullianus
2309 4125 2338 4159 a
2367 4115 2528 4158 sancto

291 4225 538 4285 Augustino
563 4219 843 4272 defenditur
868 4215 958 4282 (do
976 4212 1291 4269 Haercsibus,
1317 4227 1421 4275 cap.
1446 4211 1557 4272 86).
1578 4210 1893 4259 Tertullianus
1921 4208 2098 4256 scilicet
2126 4219 2209 4267 per
2237 4217 2396 4253 vocent
2424 4215 2530 4250 cor-

292 4331 376 4378 pus
416 4320 526 4368 nihil
577 4312 828 4366 materiale
863 4310 1171 4371 intelligebat.
1202 4307 1332 4355 Idem
1361 4307 1545 4356 dicatur
1575 4303 1634 4354 dc
1666 4316 1777 4353 voce
1801 4302 2087 4366 quostiam,
2116 4312 2219 4364 quat.
2250 4298 2361 4348 olim
2399 4295 2523 4345 idem

291 4412 475 4461 sonabat
494 4427 552 4462 ac
581 4407 886 4460 illuminatus
913 4417 1000 4453 seu
1027 4400 1308 4466 spiritualis.
