3146 4973
589 333 716 396 506
1264 350 1641 399 ‘inac‘rxrus
1688 352 1774 398 nn
1820 352 2147 399 rancone.

585 497 619 536 a
652 494 689 539 a
718 473 918 541 dubio
971 478 1008 538 5
1052 473 1137 540 ad
1197 477 1273 540 12
1323 494 1682 559 expresses,
1719 478 1943 560 peragi
1976 477 2224 559 possint
2259 475 2327 539 in
2364 475 2660 540 oratoriis
2691 476 2813 556 pri-

584 611 619 651 «
664 591 849 667 vatiS,
884 588 1374 658 contradicente
1402 593 1706 676 parocho.

675 729 705 764 α
747 706 853 769 140
899 706 996 770 An
1033 705 1103 769 in
1154 705 1345 771 dictis
1390 707 1691 771 oratoriis
1723 707 1991 790 privatis
2043 705 2655 771 confraternitatum
2696 722 2816 788 per

585 843 618 881 «
659 820 1024 885 confratres
1059 820 1244 885 statis
1284 820 1458 886 horis
1496 823 1759 887 recitari
1809 821 2058 904 possint
2100 820 2276 885 horae
2317 820 2635 884 canonicae
2666 838 2815 884 cum

585 962 614 994 α
650 942 871 1013 cantu,
907 936 1016 1000 vel
1043 937 1205 1013 sine,
1244 935 1488 1021 absque
1522 938 1645 1002 alia
1675 937 1936 1002 licentia
1965 933 2283 1019 parochi?

671 1065 707 1103 α
751 1045 857 1107 150
873 1042 970 1107 An
991 1042 1059 1106 in
1087 1042 1279 1109 dictis
1302 1046 1603 1110 oratoriis
1623 1044 1894 1127 privatis
1923 1043 2008 1107 sit
2032 1041 2209 1107 licita
2229 1038 2585 1105 celebratio
2610 1041 2818 1104 missae

584 1179 616 1215 «
651 1158 943 1239 privatae,
993 1158 1390 1224 assentiente
1427 1157 1771 1226 Ordinatio
1803 1157 1954 1234 loci,
1986 1163 2056 1222 et
2097 1151 2592 1221 contradicente
2630 1171 2815 1236 paro-

589 1293 622 1330 «
660 1270 832 1336 cho?
2338 1286 2341 1287 ’

676 1408 707 1445 «
747 1389 854 1450 160
880 1387 978 1450 An
1002 1387 1364 1471 cappellani
1390 1386 2001 1452 confraternitatum
2028 1385 2273 1469 possint
2292 1383 2534 1467 populo
2557 1381 2813 1449 denun-

583 1525 616 1561 «
649 1502 815 1566 tiare
838 1501 1227 1567 festivitates
1244 1510 1313 1567 et
1334 1502 1584 1585 vigilias
1605 1510 2028 1569 occurrentes
2044 1503 2110 1566 in
2132 1495 2542 1565 hebdomada
2565 1498 2814 1584 absque

587 1639 619 1677 ι(
654 1617 917 1682 licentia
949 1617 1212 1700 parochi
1230 1619 1265 1683 ⁴?

673 1753 705 1789 «
757 1735 863 1796 170
908 1731 1004 1796 An
1044 1731 1385 1813 parochus,
1424 1733 1640 1796 invitis
1674 1732 2131 1809 confratribus»,
2169 1731 2411 1799 docere
2456 1730 2654 1815 possit
2691 1728 2815 1796 do·

585 1869 618 1905 «
657 1847 933 1911 ctrinam
972 1846 1390 1912 christianam
1429 1848 1494 1912 in
1535 1845 1863 1931 praedictis
1909 1849 2200 1916 ecclesiis
2242 1856 2312 1915 et
2348 1847 2650 1913 oratoriis
2690 1864 2813 1929 pu-

584 1984 616 2021 «
650 1961 837 2026 blicis
866 1963 971 2028 vel
1003 1963 1290 2045 privatis,
1331 1982 1370 2026 a
1397 1962 1751 2045 parochiali
1777 1960 2000 2028 divisis
2034 1970 2104 2029 et
2139 1963 2506 2047 separatis?

673 2100 703 2136 a
749 2080 855 2143 180
885 2077 982 2142 An
1032 2079 1096 2141 in
1135 2096 1307 2161 saepe
1340 2076 1529 2143 dictis
1562 2079 1849 2144 ecclesiis
1888 2078 2161 2161 publicis
2193 2077 2813 2145 confraternitatum

582 2216 612 2253 «ι
654 2192 903 2276 possint
937 2192 1163 2259 haberi
1199 2193 1473 2277 publicae
1516 2194 1883 2273 conciones,
1918 2195 2113 2260 etiam
2151 2212 2275 2277 per
2303 2198 2518 2259 totum
2549 2208 2811 2257 cursum

583 2331 616 2370 «
659 2307 1170 2393 quadragesima}
1199 2309 1308 2375 vel
1347 2307 1675 2375 adventus
1697 2328 1846 2376 cum
1876 2309 2138 2376 licentia
2160 2307 2513 2387 Ordinarii,
2556 2315 2625 2374 et
2665 2305 2815 2371 abs·

586 2446 616 2484 «
652 2442 781 2510 que
804 2422 1066 2492 licentia
1101 2423 1413 2508 parochi?

673 2562 705 2598 a
752 2542 859 2606 190
906 2541 1004 2604 An
1049 2541 1116 2603 in
1161 2539 1410 2606 eisdem
1460 2541 1752 2608 ecclesiis
1808 2543 2008 2625 possit
2075 2540 2395 2608 celebrari
2441 2540 2630 2605 missa
2674 2538 2812 2602 sive

586 2680 618 2714 «
651 2656 845 2732 lecta,
890 2656 1028 2722 sive
1073 2663 1350 2734 cantata,
1388 2664 1542 2723 aute
1587 2657 1840 2722 missam
1892 2656 2327 2740 parochialem
2379 2655 2517 2721 sive
2571 2654 2815 2720 lectam

587 2792 619 2830 «
652 2771 794 2835 sive
841 2776 1163 2836 cantatam
1185 2773 1221 2836 ’ἶ

674 2910 706 2946 «
743 2888 856 2949 2Οο
893 2886 989 2950 An
1025 2884 1112 2951 ad
1144 2887 1498 2969 parochum
1528 2895 1784 2970 spectet
1819 2887 2040 2954 facere
2075 2885 2352 2953 officium
2396 2884 2675 2952 funebre
2714 2903 2819 2949 su-

583 3025 615 3059 «
654 3019 772 3084 per
815 2998 1244 3068 cadaveribus
1279 3003 1670 3086 sepeliendis
1716 3006 1781 3068 in
1824 3003 2194 3087 saepedictis
2239 3002 2528 3069 ecclesiis
2570 3009 2641 3066 ct
2670 3019 2819 3066 ora-

583 3143 615 3179 «
649 3118 831 3184 toriis
859 3117 1135 3200 publicis
1167 3118 1779 3193 confraternitatum
1802 3122 1836 3185 ’ἶ

672 3258 704 3293 «
749 3235 862 3297 21⁰
882 3234 979 3298 An
1007 3235 1181 3299 intra
1212 3236 1527 3301 ambitum
1556 3234 1939 3302 earumdem
1963 3235 2379 3301 ecclesiarum
2398 3233 2545 3298 fieri
2571 3234 2817 3315 possint

586 3375 616 3410 α
655 3352 1115 3434 processioneS,
1173 3350 1359 3435 juxta
1422 3350 1738 3435 cujusque
1798 3350 2351 3417 confraternitatis
2417 3351 2810 3424 institutum,

584 3489 616 3527 «
652 3466 896 3551 absque
919 3468 1300 3533 interventu
1326 3467 1427 3531 vel
1453 3467 1715 3532 licentia
1750 3467 2013 3551 parochi
2034 3468 2068 3530 ⁶?

673 3604 706 3642 α
748 3584 863 3646 220
891 3581 989 3645 An
1028 3579 1276 3647 eaedem
1323 3584 1769 3664 processiones
1808 3583 1953 3648 fleri
1992 3586 2238 3667 possint
2279 3591 2466 3650 extra
2501 3582 2820 3647 ambitum

589 3722 615 3752 κ
655 3695 980 3760 dictarum
1012 3696 1458 3773 ecclesiarum,
1494 3698 1739 3782 absque
1765 3696 2027 3764 licentia
2064 3699 2327 3764 illorum
2358 3699 2812 3782 parochorum,

586 3836 618 3871 «
655 3828 776 3894 per
795 3828 1074 3894 quorum
1111 3812 1515 3878 territorium
1542 3813 2014 3880 transeundum
2037 3821 2140 3880 est
2163 3817 2197 3880 ἱ)

678 3951 710 3984 «
749 3929 863 3993 230
886 3925 982 3991 An
1011 3928 1076 3992 in
1107 3925 1302 3993 dictis
1341 3929 1859 4010 processionibus
1913 3930 2273 4014 cappellani
2329 3928 2826 3995 confraternita-

593 4068 622 4100 τι
666 4052 806 4110 tum
845 4045 1091 4127 possint
1119 4044 1386 4111 deferre
1415 4047 1647 4111 stolam
1666 4047 1700 4111 ἱ)

608 4192 618 4202 ·
680 4186 712 4223 «
745 4163 859 4227 240
886 4162 984 4227 An
1024 4162 1345 4247 Episcopo
1392 4162 1734 4229 accedenti
1776 4162 1864 4229 ad
1900 4163 2212 4230 ecclesias
2241 4162 2534 4246 publicas
2566 4160 2828 4227 confra-

592 4305 620 4339 «
663 4278 1077 4355 ternitatum,
1110 4296 1254 4363 quae
1294 4298 1421 4343 non
1456 4280 1584 4343 sint
1619 4279 2045 4362 regularium,
2081 4298 2293 4363 neque
2335 4278 2673 4362 proprium
2719 4296 2829 4343 re·

594 4423 618 4456 (ι
668 4405 914 4462 ctorem
969 4395 1429 4461 beneficiatum
1480 4395 1797 4472 habeant,
1854 4394 2323 4478 porrigendum
2383 4395 2475 4458 sit¹
2530 4413 2829 4476 asperso-
