3146 4973
626 401 754 467 248
1307 414 1683 463 Tuscu-ms
1727 415 1816 462 m:
1859 414 2190 464 PAROCHO.

713 541 832 606 111.
901 540 1156 606 Dictam
1206 545 1600 624 potestatem
1653 539 1991 622 parochias
2049 540 2560 607 dismembraudi
2619 541 2865 609 habent

625 659 946 742 Episcopi,
982 658 1201 722 invitis
1224 658 1419 722 etiam
1449 675 1678 721 earum
1705 657 2094 722 rectoribus.
2139 658 2297 740 Quae
2328 658 2653 723 conclusio
2680 657 2863 724 indu-

623 773 827 837 bitata
849 778 949 837 est
978 770 1155 855 apud
1185 770 1492 838 doctores
1516 790 1761 851 omneS‚
1804 773 1889 840 ob
1921 789 2232 856 expressa
2261 772 2622 839 Tridentini
2659 774 2860 839 verba

623 907 766 973 quae
798 889 1050 953 nullum
1084 886 1477 954 dubitationi
1503 890 1714 955 locum
1746 889 2150 975 relinquunt.
2188 890 2299 955 Usi
2329 898 2481 955 sunt
2521 891 2694 956 enim
2725 889 2860 955 Tri-

623 1004 874 1070 dentini
914 1013 1135 1089 patres
1162 1005 1512 1071 clarissima
1539 1007 1660 1071 hac
1697 1006 2000 1083 formula,
2035 1014 2221 1071 etiam
2247 1012 2462 1072 invitis
2494 1010 2850 1071 rectoribus.

624 1122 873 1203 Quibus
929 1121 1143 1187 verbis
1198 1122 1463 1186 evanuit
1517 1123 1961 1189 controversia
2005 1131 2311 1190 veterum
2341 1124 2848 1202 canonistarum,

625 1238 757 1321 qui,
805 1243 1058 1303 attenta
1101 1238 1444 1304 dumtaxat
1498 1237 1816 1305 decretali
1853 1244 1948 1304 Ad
1982 1245 2384 1318 audientiam,
2428 1240 2650 1305 aliisve
2698 1238 2862 1324 juris

624 1354 911 1420 textibus
954 1352 1345 1422 Tridentinae
1391 1354 1647 1439 synodo
1706 1357 2143 1423 anterioribus
2160 1405 2175 1434 ,
2228 1355 2651 1440 disputabant
2701 1375 2858 1421 num

624 1471 1073 1555 requireretur
1104 1470 1531 1553 parochorum
1567 1490 1940 1537 consensus,

1639 1718 1669 1787 5
1719 1712 1833 1776 111.

656 1919 835 1966 Dictam
871 1922 1142 1977 potestatem
1164 1915 1534 1966 dismembrandi
1571 1917 1746 1966 habent
1771 1916 1993 1978 Episcopi
2029 1917 2169 1965 etiam
2209 1918 2258 1965 in
2283 1914 2532 1979 parochias
2561 1923 2821 1978 exemptas.

708 2126 1026 2211 Equidem
1083 2128 1137 2190 si
1189 2146 1316 2212 qua
1375 2125 1679 2209 parochia
1748 2127 1832 2191 sit
1887 2126 1969 2190 ab
2029 2123 2361 2190 ordinarii
2402 2123 2860 2207 jurisdictione

619 2248 927 2324 exempta
949 2290 964 2318 ‚
998 2243 1136 2308 sive
1172 2241 1351 2328 quod
1382 2242 1638 2309 adnexa
1676 2243 1759 2307 sit
1785 2243 1976 2307 alicui
2007 2242 2400 2307 monasterio
2429 2242 2537 2306 vel
2570 2241 2860 2324 capitulo

618 2364 948 2442 exempto,
981 2359 1116 2423 sive
1148 2359 1270 2424 alia
1300 2356 1384 2423 de
1423 2377 1638 2436 causa,
1681 2358 1978 2443 nequibit
2018 2358 2375 2440 Episcopus
2406 2360 2471 2420 vi
2512 2355 2859 2422 ordinariae

612 2472 1079 2556 jurisdictionis
1114 2494 1244 2540 suae
1293 2493 1436 2540 eam
1483 2473 1979 2540 dismembrare.
2028 2474 2270 2540 Atvero
2299 2492 2448 2538 cum
2481 2469 2861 2538 Tridentina

618 2587 910 2674 synodus
936 2590 1145 2671 ipsum
1176 2589 1394 2674 quoad
1426 2588 1748 2674 ejusmodi
1771 2590 2223 2673 parochiarum
2253 2587 2862 2654 dismembrationes

620 2713 691 2771 et
724 2707 1093 2771 erectiones
1121 2707 1537 2771 constituerit
1568 2704 1753 2771 Sedis
1790 2707 2169 2789 Apostolicae
2212 2703 2610 2790 delegatum,
2648 2706 2714 2769 vi
2748 2704 2862 2769 hu-

616 2822 797 2905 jusce
838 2820 1152 2905 delegatae
1187 2822 1656 2906 jurisdictionis
1693 2822 2129 2906 proculdubio
2157 2824 2402 2906 poterit
2434 2822 2860 2888 dismembra-

621 2938 865 3001 tionem
892 2946 1213 3021 exemptae
1251 2938 1448 3003 etiam
1479 2938 1798 3022 parochiae
1829 2936 2217 3004 decernere.

1648 3188 1826 3262 §lv.

624 3401 868 3464 Episcopi,
894 3403 1032 3450 ctiam
1058 3409 1287 3463 quatenus
1306 3401 1442 3451 Sedis
1462 3402 1741 3462 Apostolicae
1759 3401 1982 3463 delegati,
2014 3401 2246 3462 praesataiu
2275 3409 2548 3463 potestatem
2573 3416 2662 3451 non
2686 3403 2859 3452 habent

688 3494 918 3555 absolute,
947 3491 1030 3542 sed
1068 3495 1208 3542 certis
1236 3501 1282 3542 et
1304 3495 1451 3555 ajin-c
1478 3493 1803 3542 determinatis
1832 3494 2180 3543 conditionibus
2213 3502 2259 3543 et
2297 3494 2659 3543 formalitatibus
2696 3497 2854 3557 subje-
2939 3525 2949 3536 ·

688 3594 807 3635 ctam
816 3621 829 3634 .

714 3779 982 3844 Constat
1016 3781 1102 3857 1⁰,
1152 3799 1235 3845 ex
1282 3786 1473 3844 textu
1508 3781 1648 3865 ipso
1696 3780 1916 3864 legum
1965 3781 2570 3857 ecclesiasticarum,
2622 3780 2857 3866 quibus

624 3896 955 3978 Episcopis
995 3895 1365 3962 vindicatur
1412 3894 1588 3962 dicta
1628 3904 1937 3980 potestas.
1986 3899 2146 3963 Nam
2191 3917 2272 3962 ex
2327 3895 2705 3961 Tridentino
2743 3894 2857 3961 de·

622 4016 809 4075 creto
841 4008 1006 4093 (cap.
1043 4010 1106 4086 4,
1126 4029 1281 4074 sess.
1308 4012 1419 4087 21,
1447 4013 1520 4072 de
1554 4008 1709 4091 Res.)
1751 4014 2019 4092 possunt
2048 4007 2314 4093 quidem
2341 4009 2643 4092 Episcopi
2670 4029 2854 4094 novas

622 4127 940 4206 parochias
983 4131 1344 4189 constituere
1367 4173 1382 4201 ‚
1429 4125 1725 4209 antiquas
1780 4124 2347 4209 dismembrand03
2400 4124 2599 4209 idque
2642 4130 2853 4188 invitis

623 4247 805 4304 etiam
844 4239 1520 4306 dismembrandarum
1552 4245 1916 4305 rectoribus:
1960 4250 2190 4308 atvero
2225 4242 2295 4307 id
2334 4242 2427 4307 eis
2470 4239 2854 4307 conceditur

621 4355 961 4422 dumtaxat
1004 4355 1216 4440 quoad
1256 4376 1334 4421 ea
1376 4356 1518 4422 loca
1568 4365 1634 4420 in
1673 4361 1906 4438 quibus,
1946 4361 2017 4421 ob
2049 4362 2310 4421 locorum
2348 4361 2708 4420 distantiam
2731 4363 2853 4419 sive

618 4474 1062 4553 difficultatem,
1114 4472 1476 4552 parochiani
1522 4479 1650 4536 sine
1689 4494 1903 4554 ttzaqno
1937 4477 2304 4538 incommodo
2337 4476 2421 4537 acl
2459 4474 2847 4555 percipienda
