3146 4973
556 399 642 462 40
1230 410 1607 459 Tmou-ms
1649 409 1739 457 na
1781 406 2107 456 Panocuo.

559 560 595 602 α
627 538 781 605 dani
813 538 1244 605 convenirent
1272 536 1610 604 ecclesiam
1626 585 1642 614 ,
1671 534 1796 601 hoc
1823 540 1928 600 est
1951 539 2272 615 paroeciam
2302 534 2409 600 vel
2428 537 2780 618 parochiam

559 678 595 718 «
627 654 850 721 fuisse.
905 653 990 721 At
1035 661 1222 720 extra
1271 652 1505 718 urbem
1552 653 1621 717 in
1670 652 1841 736 agris
1889 650 2115 734 plures
2161 648 2387 717 itidem
2436 651 2785 721 collocatas

559 794 595 834 α
626 771 929 837 ecclesias
956 769 1340 853 opportunis
1364 769 1432 833 in
1460 768 1653 852 locis3
1694 766 1932 852 quibus
1963 766 2174 832 vicina
2202 766 2445 851 praedia
2482 767 2811 856 villoeque

558 908 593 950 α
629 894 698 954 et
745 886 1086 952 rusticanae
1131 885 1558 952 habitationes
1593 883 2121 968 assignabantur3
2157 902 2319 969 quas
2359 883 2626 970 quidem
2671 904 2786 969 pa-

559 1027 594 1066 «
626 1003 861 1070 roecias
918 1002 1357 1069 nominabant.
1385 1024 1419 1064 n
1459 1003 1967 1089 (Theoloqicomm
2007 1005 2356 1083 doqmatum
2370 1051 2392 1083 ,
2450 1006 2527 1066 de
2580 1005 2787 1066 Eccle-

553 1125 800 1184 sia-stica
836 1120 1213 1198 hierarchia,
1250 1119 1366 1184 lib.
1400 1121 1464 1196 2,
1500 1137 1561 1184 c.
1602 1121 1704 1197 12,
1737 1137 1804 1182 11.
1837 1115 1933 1201 4.)
1967 1118 2112 1183 Non
2140 1115 2319 1184 aliud
2348 1119 2642 1202 reperire
2683 1126 2790 1184 est

553 1235 731 1321 apud
766 1235 1272 1313 Thomassinum‚
1316 1236 1386 1302 et
1422 1236 1582 1300 alios
1615 1234 1739 1320 ipsi
1775 1253 2111 1312 consonoS,
2154 1233 2430 1319 alicujus
2474 1239 2787 1302 momenti

555 1352 958 1420 ratiocinium
976 1400 993 1430 ,
1029 1370 1225 1437 quam
1253 1371 1336 1417 ex
1361 1350 1485 1417 hoc
1513 1369 1778 1436 semper
1803 1358 2145 1418 recantato
2174 1350 2392 1416 Romae
2420 1359 2490 1417 et
2518 1351 2787 1417 Alexan-

555 1467 715 1534 drioe
746 1468 1069 1551 exemplo,
1107 1468 1315 1533 Porro
1345 1465 1665 1551 ejusmodi
1706 1472 2162 1551 argumentum
2192 1485 2276 1531 ex
2303 1464 2548 1550 duplici
2577 1469 2792 1552 capite

558 1590 748 1649 nutat
768 1588 840 1648 et
866 1600 987 1666 pro
1011 1581 1273 1647 infirmo
1305 1581 1681 1649 habendum
1704 1592 1826 1649 est.
1856 1587 2066 1647 Primo
2097 1600 2330 1666 nempe
2359 1583 2513 1668 quia
2538 1593 2793 1651 certum

558 1721 969 1788 nequaquam
1008 1709 1109 1768 est
1127 1751 1144 1780 ‚
1171 1690 1586 1768 'Alexandriae
1631 1696 1879 1790 λαύρας,
1915 1708 1985 1766 et
2019 1701 2237 1766 Romae
2276 1707 2552 1766 statutos
2583 1704 2796 1764 titulos

558 1840 746 1887 veras
792 1818 1130 1903 parochias
1178 1819 1376 1884 fuisse
1413 1840 1428 1883 ε
1470 1817 1537 1883 id
1590 1817 1964 1902 negandum
2012 1819 2341 1885 existimat
2388 1816 2610 1885 Nardi.
2666 1817 2797 1884 Sed

561 1933 883 2021 quidquid
928 1936 1012 2001 sit
1058 1934 1142 2001 de
1181 1935 1302 2001 hac
1348 1935 1825 2013 controversia,
1864 1953 2060 2019 quam
2105 1934 2210 2000 hic
2254 1934 2562 2000 intactam
2599 1934 2799 2000 relin-

561 2055 856 2137 quimus;
900 2056 1215 2137 permisso
1244 2054 1437 2119 etiam
1468 2070 1660 2117 veras
1682 2049 2090 2119 Alexandrioe
2118 2058 2187 2118 et
2213 2051 2431 2119 Romae
2465 2050 2801 2136 parochias

565 2168 649 2234 ab
680 2170 951 2255 antiquo
984 2169 1314 2252 extitisse;
1363 2173 1619 2233 secundo
1649 2167 2017 2234 nullatenus
2054 2167 2374 2251 probatur
2406 2166 2477 2233 id
2519 2168 2798 2234 instituti

565 2272 637 2350 et
669 2285 925 2349 caeteris
952 2303 1294 2349 commune
1342 2283 1753 2368 civitatibus;
1788 2291 1860 2350 et
1891 2291 2141 2361 tamen,
2179 2285 2233 2348 si
2269 2283 2429 2368 quid
2472 2283 2798 2368 singulare

568 2400 803 2478 fuerit,
853 2406 923 2464 et
963 2398 1220 2465 duobus
1263 2397 1454 2464 dictis
1489 2399 1648 2465 locis
1677 2400 2008 2465 exclusive
2049 2402 2417 2484 proprium,
2452 2418 2798 2483 perperam

567 2515 663 2581 ad·
714 2516 1000 2601 reliquas
1063 2514 1263 2581 urbes
1322 2514 1727 2582 extenditur.
1772 2517 1983 2582 Porro
2035 2517 2360 2603 singulare
2420 2536 2548 2582 non
2602 2516 2801 2582 fuisse
2933 2576 2938 2582 .

568 2632 816 2698 dictum
848 2632 1253 2699 Alexandriae
1284 2641 1354 2699 et
1382 2633 1601 2699 Romae
1628 2633 1996 2699 institutum
2020 2653 2148 2700 non
2175 2634 2481 2718 probavit
2503 2633 2802 2701 Thomas-

570 2750 773 2815 sinus.
807 2749 858 2813 E
897 2756 1125 2814 contra
1152 2767 1334 2826 vero,
1370 2749 1580 2814 nullas
1611 2749 1931 2833 paroecias
1968 2739 2053 2815 in'
2075 2750 2217 2817 aliis
2246 2749 2620 2816 civitatibus
2650 2758 2802 2816 ante

567 2884 809 2933 annum
860 2867 1031 2931 1000
1080 2865 1395 2945 extitisse,
1435 2863 1669 2931 validis
1710 2867 2108 2949 argumentis
2147 2863 2514 2949 probarunt
2563 2866 2806 2933 Marius

570 2984 737 3069 Lupi
785 2988 856 3048 et
910 2980 1132 3047 Nardi.
1179 2979 1370 3047 Unde
1420 2979 1774 3047 dicendum
1820 2999 2123 3066 peccasse
2174 2981 2651 3049 Thomassinum
2673 3031 2690 3061 ,
2731 2990 2807 3049 et

571 3097 696 3181 ipsi
729 3114 1041 3163 consonos
1058 3145 1074 3174 ‚
1110 3115 1194 3162 eo
1221 3097 1468 3181 logices
1503 3095 1795 3176 defectu,
1833 3098 1946 3182 qui
1978 3096 2221 3164 dicitur
2249 3119 2289 3162 a
2312 3100 2687 3181 particulari
2720 3101 2808 3162 acl

571 3216 848 3297 ρεπεν-(ιω
885 3220 1203 3278 transitus,

658 3331 999 3412 Respondeo
1026 3329 1452 3414 2⁰.—Ipsum
1476 3327 1961 3395 ‘thomassinum
1988 3327 2110 3394 hac
2138 3330 2207 3393 in
2235 3348 2309 3395 re
2343 3347 2471 3394 non
2505 3329 2658 3395 satis
2683 3328 2810 3395 sibi

571 3454 893 3522 constare,
946 3450 1022 3510 ut
1066 3442 1448 3509 adnotatum
1499 3442 1706 3510 videri
1753 3450 1969 3527 potest
2002 3442 2179 3528 apud
2212 3444 2483 3511 Marium
2519 3444 2799 3528 Lupum.

571 3562 701 3644 Qui
729 3567 959 3626 auctor
982 3559 1180 3623 etiam
1211 3555 1419 3636 addit,
1449 3559 1780 3643 scripsisse
1807 3557 2288 3625 'thomassinum
2314 3576 2387 3624 ea
2417 3560 2483 3623 in
2510 3560 2799 3642 regione,

571 3693 783 3761 eoque
814 3681 1137 3757 tempore,
1174 3673 1411 3758 quibus
1457 3673 1645 3741 facile
1689 3674 1810 3759 ipsi
1838 3693 1965 3739 non
1991 3675 2224 3740 liceret
2250 3682 2456 3741 totam
2486 3676 2810 3759 introspe-

569 3797 742 3857 ctam
772 3792 1119 3857 veritatem
1142 3788 1456 3874 pandere.
1482 3792 1618 3856 Nec
1641 3807 1914 3874 parvum
1944 3790 2028 3856 ab
2057 3790 2197 3873 ipso
2226 3790 2462 3857 vulnus
2493 3789 2807 3856 doctrinae

569 3927 606 3972 a
629 3905 917 3972 Sorboua
943 3906 1185 3972 acriter
1214 3912 1635 3990 propugnatae
1662 3906 1916 3972 illatum
1932 3953 1948 3982 ‚
1980 3923 2127 3970 cum
2149 3904 2465 3989 parochos
2491 3925 2529 3970 a
2556 3911 2810 3988 tempo-

569 4024 753 4090 ribus
783 4023 1148 4107 apostolicis
1177 4022 1265 4088 ad
1295 4030 1600 4107 quartum
1637 4041 1840 4107 usque
1874 4022 2182 4088 saeculum
2218 4020 2494 4108 dejecit3
2533 4024 2812 4090 ulterius

570 4140 624 4206 si
655 4139 964 4206 voluisset
991 4137 1297 4224 progredi
1316 4187 1331 4216 ,
1368 4139 1625 4204 nimiam
1657 4138 1832 4205 forte
1864 4136 1984 4203 sibi
2026 4138 2470 4205 concitandam
2500 4136 2811 4204 invidiam

570 4255 1004 4340 pertimuisse.

659 4375 916 4456 Objicies
941 4373 1031 4435 5⁰.
1060 4404 1151 4420 —
1172 4367 1448 4438 Nimium
1470 4369 1670 4436 fuisse
1702 4372 1975 4438 Marium
2005 4372 2284 4455 Lupum,
2315 4389 2465 4435 cum
2491 4369 2809 4436 audacter

570 4505 809 4554 annum
840 4486 1251 4554 millesimum
1294 4485 1748 4570 parochiarum
1779 4485 2177 4554 urbanarum
2222 4485 2609 4554 institutioni
2638 4502 2807 4570 prae-
