3146 4973
558 331 685 396 348
1233 344 1609 394 ‘suenrus
1654 348 1742 395 ns
1784 347 2111 397 ranocno.

562 493 596 530 α
630 446 801 536 tasse
861 469 1330 554 praeelectionis
1386 477 1609 535 notam
1638 491 1654 553 3
1708 471 2135 537 familiaribus
2184 472 2419 539 litteris
2496 472 2784 558 judicem

564 612 590 641 «ι
634 587 981 653 certiorem
1023 584 1279 664 efficiat,
1311 586 1700 653 inviolabilis
1734 588 1973 654 secreti
2007 587 2155 671 lege
2193 585 2503 673 adjecta..
2519 637 2534 652 .
2571 590 2784 654 Sciant

565 724 598 761 α
628 719 825 786 porro
849 699 1127 785 judices,
1158 701 1411 769 delatas
1445 702 1528 768 ab
1558 702 1878 787 Episcopo
1919 721 2143 769 causas
2179 710 2246 769 et
2273 704 2560 771 rationes
2581 706 2788 770 invio-

565 840 598 877 «
629 816 835 883 labilis
856 818 1092 884 secreti
1120 815 1253 883 fide
1284 837 1426 884 esse
1454 816 1956 904 custodiendas;
1990 836 2114 885 nec
2146 820 2330 903 parvi
2359 819 2784 902 pendendum

564 956 595 991 «
632 951 773 998 esse
820 931 1262 998 testimonium
1306 931 1477 998 illius
1516 934 1816 1016 pastoris,
1866 935 1972 998 cui
2015 931 2239 1000 divino
2281 932 2629 1000 mandatur
2664 934 2790 999 elo·

565 1072 597 1107 α
631 1049 782 1132 quio
814 1067 972 1113 oves
995 1067 1143 1114 suas
1174 1066 1612 1133 agnoscere...

655 1186 686 1220 ze
724 1163 788 1228 Si
822 1182 983 1229 vero
1037 1164 1358 1248 Episcopo
1406 1163 1612 1229 fuerit
1658 1169 1960 1248 suspecta
2003 1162 2172 1229 fides
2212 1162 2448 1249 judicis
2478 1163 2562 1231 ad
2591 1184 2788 1251 quem

565 1302 598 1339 α
630 1279 1022 1363 appellatum
1063 1286 1184 1357 est,
1222 1299 1344 1346 nec
1383 1278 1599 1347 eidem
1637 1278 1992 1348 revelanda
2040 1282 2371 1347 censuerit
2420 1279 2789 1365 hujusmodi

567 1417 599 1451 α
633 1394 889 1460 occulta
935 1395 1259 1467 rationum
1305 1400 1659 1473 momenta,
1717 1393 1829 1459 illa
1875 1395 2191 1479 significet
2246 1396 2518 1461 secretis
2554 1396 2792 1460 litteris

566 1534 599 1569 a
640 1515 875 1575 sanctae
906 1509 1208 1577 Romanae
1260 1508 1560 1575 Ecclesiae
1608 1508 1933 1576 Cardinali
1976 1510 2293 1594 praefecto
2343 1528 2464 1593 pro
2491 1518 2789 1596 tempore

564 1649 596 1685 a
632 1624 1159 1709 congregationis
1200 1625 1505 1708 Concilii3
1546 1626 1659 1711 qui
1707 1643 1828 1691 nec
1890 1625 2177 1703 consilio,
2231 1644 2354 1691 nec
2403 1626 2790 1691 auctoritate

566 1765 598 1799 α
633 1739 871 1820 deerit,
915 1740 1257 1826 quominus
1286 1760 1324 1807 a
1357 1740 1576 1824 iudice
1614 1741 2067 1826 appellationis
2113 1740 2375 1807 debitus
2400 1739 2663 1824 justitiae
2695 1740 2793 1806 lo-

572 1880 604 1914 «
647 1875 761 1922 cus
785 1857 1205 1924 tribuatur...

657 1996 689 2031 α
732 1972 859 2039 Ubi
889 1992 926 2037 a
947 1970 1171 2057 judice
1204 1972 1659 2058 appellationis
1685 1972 1819 2038 lata
1866 1973 1951 2038 sit
1981 1974 2329 2050 sententia,
2360 1989 2503 2056 quae
2535 1972 2797 2055 proeele·

569 2112 599 2145 «
635 2086 835 2154 ctioni
855 2086 1042 2153 factae
1074 2087 1157 2152 ab
1191 2087 1507 2170 Episcopo
1532 2088 1794 2152 omnino
1824 2087 1908 2152 sit
1934 2086 2306 2163 conformiS,
2329 2085 2547 2151 nullus
2571 2092 2796 2169 pateat

565 2228 597 2260 <r
634 2222 817 2269 novae
856 2202 1274 2287 appellationi
1309 2201 1549 2278 aditus,
1585 2199 1704 2267 sed
1749 2202 2138 2267 auctoritate
2173 2200 2270 2266 rei
2297 2198 2606 2286 judicatae
2640 2219 2798 2268 con·

570 2343 603 2377 «
641 2318 977 2384 troversiae
1004 2316 1153 2383 finis
1182 2319 1583 2401 imponatur.
1616 2317 1723 2382 Sin
1759 2336 1921 2383 vero
1954 2315 2164 2401 judex
2197 2315 2649 2400 appellationis
2677 2315 2798 2381 ali-

570 2458 599 2492 «
637 2441 743 2500 ter
768 2451 958 2519 quam
984 2431 1365 2499 ordinarius
1385 2433 1931 2517 pronuntiaverit,
1948 2433 2144 2499 liceat
2170 2431 2520 2515 praeelecto
2544 2432 2624 2499 ab
2654 2431 2800 2516 Epi-

576 2572 608 2608 «
640 2567 859 2634 scopo,
902 2552 1014 2634 qui
1042 2567 1234 2615 causa
1261 2546 1521 2627 cecidit,
1553 2548 1640 2613 ad
1668 2549 1862 2613 alium
1887 2547 2179 2633 judicem
2207 2547 2564 2632 appellare,
2599 2546 2798 2612 firmi·

569 2689 601 2722 «
643 2672 750 2729 ter
778 2665 1040 2730 interim
1059 2670 1322 2730 retenta
1349 2663 1732 2748 parochialis
1755 2663 2045 2728 ecclesiae
2066 2663 2486 2746 possessione.
2509 2659 2796 2728 Tandem

569 2803 602 2838 α
637 2788 979 2866 postquam
1007 2779 1246 2845 tertius
1271 2797 1533 2864 quoque
1560 2775 1772 2861 judex
1798 2780 2187 2844 sententiam
2220 2778 2576 2861 dixerit...;
2611 2778 2668 2842 is
2699 2776 2797 2844 le·

569 2919 602 2954 a
643 2896 938 2981 gitimum
970 2892 1275 2978 regendae
1301 2893 1590 2959 ecclesias
1627 2893 1733 2978 jus
1767 2894 2078 2972 obtineat,
2110 2894 2217 2961 cui
2249 2893 2395 2960 duae
2429 2892 2799 2959 conformes

572 3035 605 3069 «
644 3010 950 3076 assistunt
971 3009 1330 3086 sententiae,
1361 3027 1483 3075 nec
1509 3010 1719 3074 ullum
1745 3027 1930 3075 novae
1950 3008 2401 3094 appellationis
2428 3005 2794 3074 remedium

573 3149 605 3184 «
639 3124 1091 3192 succumbenti
1125 3123 1647 3209 suffragetur...»

655 3241 887 3324 Quoad
917 3261 1134 3308 casum
1166 3261 1327 3310 vero
1355 3260 1487 3327 quo
1515 3241 1839 3325 parochiae
1872 3240 1980 3307 vel
2028 3237 2326 3306 beneficii
2363 3239 2572 3305 curati
2603 3238 2798 3304 colla-

568 3358 659 3425 tio
693 3364 815 3436 est,
848 3374 1256 3443 quacumque
1294 3375 1376 3421 ex
1417 3375 1637 3437 causa,
1670 3354 1824 3422 Sedi
1864 3354 2244 3439 Apostolicae
2289 3357 2644 3429 reservata,
2681 3350 2797 3418 de-

568 3473 780 3539 cernit
805 3470 1203 3538 Benedictus
1227 3472 1377 3536 xlv
1412 3472 1478 3535 in
1506 3470 1680 3538 hunc
1718 3469 1987 3537 modum
2032 3491 2047 3533 ε

662 3609 697 3645 α
730 3588 880 3663 Nos,
907 3585 1465 3671 praedecessorum
1488 3590 1864 3651 nostrorum
1885 3583 2171 3667 vestigiis
2193 3580 2604 3659 inhaerentes,
2640 3596 2797 3663 prae-

574 3725 607 3760 α
640 3702 913 3784 cipimus
956 3706 1026 3766 et
1053 3698 1437 3765 mandamus
1471 3707 1547 3765 ut
1577 3717 1934 3766 concursus
1961 3698 2048 3764 ab
2086 3699 2513 3782 Episcopo...,
2551 3693 2797 3761 indica·

572 3841 604 3874 α
636 3824 771 3893 tur,
822 3815 1001 3880 nulla
1046 3814 1131 3881 ad
1187 3813 1361 3879 hunc
1399 3822 1618 3881 actum
1653 3816 1859 3898 petita
1901 3815 2087 3880 venia
2119 3813 2225 3879 vel
2266 3812 2555 3886 licentia,
2603 3826 2795 3895 quam

571 3954 607 3992 α
636 3930 871 3996 nostris
906 3929 1080 3997 hisce
1107 3930 1345 3996 litteris
1368 3929 1689 3995 tributam
1719 3928 2023 4013 Episcopi
2058 3927 2451 4010 intelligant.
2484 3923 2798 3990 Absoluto

576 4071 609 4109 α
641 4065 983 4125 concursu,
1017 4048 1204 4111 sires
1232 4047 1313 4110 sit
1342 4043 1427 4111 de
1450 4045 1787 4112 beneficiis
1832 4043 2073 4108 curatis
2103 4061 2247 4126 quoe
2277 4048 2530 4107 tantum
2565 4045 2798 4102 ratione

576 4183 611 4222 «ι
648 4165 937 4223 mensium
996 4163 1332 4224 reservata
1384 4157 1534 4233 sint,
1577 4157 1931 4241 Episcopus
1964 4154 2138 4220 inter
2172 4151 2565 4236 approbatos
2605 4149 2798 4232 eligat

577 4299 611 4336 α
646 4272 847 4358 magis
894 4271 1225 4349 idoneum,
1282 4279 1352 4336 et
1399 4270 1664 4336 datariae
1722 4269 2073 4354 significet3
2115 4286 2238 4333 nec
2269 4272 2413 4332 acta
2449 4279 2796 4330 concursus

579 4414 611 4451 α
646 4390 1060 4463 transmittat,
1094 4387 1215 4451 nisi
1246 4405 1283 4450 a
1307 4384 1580 4461 dataria,
1617 4403 1766 4450 cum
1797 4382 1870 4449 id
1910 4391 2353 4467 opportunum
2380 4378 2666 4454 duxerit,
2698 4396 2796 4442 re·
