3146 4973
1208 327 1364 374 PARS
1405 329 1691 388 Quam-A.
2431 317 2561 379 ⁴49

337 471 367 505 α
405 447 740 511 fructuum
793 445 1120 529 praedictis
1156 446 1644 533 coadjutoribus
1679 459 1796 515 aut
1831 451 2086 516 vicariis
2119 453 2563 536 assignandam

338 587 368 620 σε
406 561 932 628 determinare...
973 568 1147 644 Quod
1181 572 1238 628 si
1257 569 1513 648 parochi
1551 571 1629 632 ab
1685 573 2000 651 Episcopis
2031 575 2270 648 moniti,
2306 590 2565 653 conqruo

338 704 367 736 «
407 681 619 743 iisdem
658 686 910 743 termino
935 681 1223 762 praefixo,
1259 686 1656 766 coadjutores,
1688 691 1815 747 sive
1853 690 2114 747 vicarios
2146 692 2558 769 temporarios,

339 817 370 852 «
406 796 660 878 quoties
688 814 854 878 opus
897 796 1121 872 fuerit,
1161 818 1460 862 assumere
1506 803 1905 882 affluxerint,
1931 808 2218 882 poterunt
2250 806 2372 883 ipsi
2419 804 2566 884 Epi-

343 936 373 967 «
407 917 569 993 scopi
595 929 728 988 e03,
781 930 944 995 quos
973 910 1123 977 huic
1168 915 1420 979 muneri
1467 913 1740 981 idoneos
1782 916 2177 993 censuerint,
2210 923 2571 980 auctoritate

341 1050 371 1085 a
400 1035 655 1109 propria
686 1030 996 1110 deputare,
1034 1048 1183 1094 cum
1208 1030 1637 1113 assignatione
1667 1040 1820 1097 ante
1849 1030 2041 1097 dictoe
2078 1032 2398 1114 portionis
2428 1031 2569 1097 fru-

344 1168 374 1202 «
412 1151 659 1208 ctuum.
716 1144 798 1208 Et
837 1144 1268 1224 nihilominuS,
1310 1146 1423 1211 ubi
1452 1148 1647 1212 etiam
1677 1146 1979 1230 praedicti
2007 1146 2420 1231 coadjutores
2456 1156 2570 1213 aut

342 1285 374 1319 «
417 1260 637 1324 vicarii
678 1260 1077 1343 temporales
1104 1280 1142 1325 a
1182 1261 1480 1344 parochis
1514 1269 1812 1326 nominati
1844 1267 1939 1327 vel
1967 1270 2262 1346 assumpti
2293 1264 2561 1340 fuerint,

344 1401 375 1436 «
419 1393 647 1441 eorum
680 1374 764 1440 de
791 1374 1149 1441 idoneitate
1179 1377 1507 1462 Episcopis
1534 1386 1831 1444 constare
1855 1397 1977 1463 per
2004 1398 2274 1445 examen
2299 1378 2563 1456 debeat,

346 1517 375 1552 α
412 1499 759 1576 antequam
798 1489 885 1556 ad
922 1492 1311 1557 exercitium
1350 1491 1823 1575 admittantur;
1876 1512 1999 1558 nec
2038 1495 2191 1559 satis
2222 1495 2338 1574 sit,
2387 1493 2564 1579 quod

342 1631 373 1664 a
409 1605 494 1671 ad
519 1606 954 1672 confessiones
998 1604 1357 1671 audiendas
1379 1614 1573 1672 antea
1603 1607 1850 1672 fuerint
1878 1607 2243 1691 approbati,
2273 1609 2395 1673 nisi
2431 1609 2570 1675 aliis

347 1747 377 1783 α
416 1723 608 1788 etiam
643 1720 1084 1804 qualitatibus,
1127 1718 1214 1785 ad
1251 1741 1476 1787 curam
1511 1723 1869 1787 animarum
1897 1730 2080 1788 recte
2134 1722 2565 1791 exercendam

348 1861 379 1896 α
414 1837 816 1920 opportunis,
847 1834 1105 1919 praediti
1143 1845 1513 1904 noscantur.
1550 1838 1799 1917 Quibus
1834 1840 1885 1902 si
1937 1845 2224 1917 careant,
2258 1861 2364 1904 nec
2382 1861 2571 1923 paro-

350 1978 380 2012 «
413 1953 511 2015 01ιὶ
536 1955 750 2016 deinde
794 1957 963 2015 intra
990 1955 1181 2015 alium
1228 1956 1486 2016 similem
1535 1960 1876 2031 terminum,
1920 1958 1997 2018 ab
2031 1957 2342 2038 Epi-scopis
2360 1957 2571 2039 proeft-

348 2094 379 2128 «
414 2071 697 2150 qendum,
734 2071 889 2132 alios
919 2089 1055 2132 vere
1086 2072 1326 2133 idoneos
1362 2075 1831 2149 nominaverint,
1865 2077 2006 2133 tunc
2030 2075 2268 2150 pariter
2299 2074 2383 2134 acl
2413 2077 2574 2154 ipsos

349 2209 377 2240 «
412 2186 735 2266 Episcopo-s·
772 2186 953 2247 libere
986 2192 1204 2265 spectet
1248 2188 1582 2267 deputatae,
1628 2204 1778 2249 cum
1828 2182 2004 2250 dicta
2063 2204 2364 2268 congruae
2418 2189 2572 2252 assi·

356 2324 387 2359 «
423 2299 808 2382 gnatione...
843 2300 1090 2365 Verum
1143 2302 1292 2384 quia
1336 2321 1467 2366 non
1510 2302 1664 2366 satis
1709 2302 2070 2367 animarum
2123 2320 2294 2366 curae
2346 2309 2416 2367 et
2458 2322 2574 2367 ne-

352 2439 382 2474 «
422 2414 827 2480 cessitatibus
877 2413 1267 2501 quandoque
1317 2416 1684 2482 consultum
1738 2422 1837 2480 est
1892 2435 2014 2501 per
2052 2393 2196 2495 hoc,
2243 2417 2422 2502 quod
2488 2417 2573 2483 ad

348 2556 377 2591 «ι
416 2529 719 2597 obeunda
757 2530 1150 2615 parochialia
1186 2533 1403 2597 munia
1440 2532 1548 2597 alii
1585 2530 1962 2599 sacerdotes
2003 2532 2305 2616 parochis
2339 2531 2573 2619 adjun-

349 2672 378 2705 «
414 2654 673 2731 gantur,
705 2646 828 2712 sed
862 2646 1110 2732 majora
1147 2646 1443 2713 remedia
1485 2647 1782 2713 adhiberi
1820 2655 2196 2732 oportet...,
2228 2655 2415 2713 etc.»
2453 2647 2574 2734 (Ibi

341 2763 575 2828 transit
603 2762 907 2828 Pontifex
929 2762 1016 2829 ad
1052 2782 1296 2841 casum,
1338 2782 1467 2848 qno
1497 2762 2028 2830 dismembranda
2064 2772 2164 2829 est
2216 2763 2570 2847 parochia.)

341 2879 418 2943 In
445 2877 545 2943 his
572 2880 936 2944 Innocentii
963 2880 1117 2944 XIII
1146 2879 1366 2944 verbis
1394 2879 1597 2945 habes
1627 2880 1775 2945 luce
1805 2879 2162 2946 meridiana
2194 2880 2428 2945 clarius
2459 2879 2576 2945 de-

341 2997 586 3063 clarata
617 2998 957 3081 sequentia
993 3019 1007 3060 z
1052 2999 1113 3060 1⁰
1140 2995 1417 3077 Quando
1454 2996 1753 3080 parochis
1790 2994 2058 3079 adjungi
2107 2998 2378 3062 vicarios
2409 3016 2575 3078 opus

341 3118 463 3186 est,
496 3108 583 3175 ad
605 3110 922 3193 parochos
950 3111 1123 3195 ipsos
1146 3115 1402 3193 spectat
1425 3110 1698 3175 vicarios
1725 3108 1869 3173 illos
1899 3109 2019 3174 sihi
2043 3111 2351 3189 :assumere
2381 3118 2450 3175 et
2475 3131 2578 3174 no·

342 3232 595 3289 minare.
637 3229 707 3290 2⁰
735 3226 799 3290 Si
834 3226 1266 3291 necessariam
1303 3226 1632 3289 existimet
1667 3224 2023 3307 Episcopus
2052 3223 2375 3308 ejusmodi
2403 3225 2576 3290 vica-

343 3343 584 3407 riorum
615 3341 1122 3427 adjunctionem,
1155 3340 1356 3407 debet
1403 3340 1688 3424 parocho
1723 3341 2044 3423 proefiqere
2085 3360 2410 3422 eonqruum
2465 3349 2578 3405 ter-

344 3463 593 3535 minum,
620 3459 793 3523 intra
821 3476 1018 3544 quem
1054 3456 1295 3523 debeat
1324 3457 1639 3521 vicarium
1670 3456 1776 3522 vel
1809 3456 2083 3521 vicarios
2117 3454 2240 3521 sibi
2275 3476 2577 3521 assumere

343 3583 413 3640 et
446 3580 779 3638 nmninare.
821 3577 890 3639 3⁰
914 3575 977 3637 Si
1010 3593 1168 3639 vero
1187 3574 1475 3657 parochi,
1507 3574 1598 3638 sic
1629 3571 1710 3638 ab
1744 3572 2076 3656 Episcopis
2113 3572 2361 3648 moniti,
2403 3572 2575 3637 intra

343 3689 682 3774 praefixum
738 3690 1091 3754 terminum
1145 3689 1412 3755 vicarios
1457 3706 1787 3754 assumere
1837 3688 2189 3771 negligant,
2226 3695 2366 3751 tunc
2408 3694 2578 3769 pote-

344 3812 490 3868 runt
536 3808 817 3886 Episcopi
878 3811 1130 3887 propria
1194 3809 1553 3868 auctoritate
1630 3801 1842 3867 dictos
1888 3802 2161 3867 vicarios
2226 3800 2571 3884 deputare.

345 3921 415 3984 4⁰
442 3919 717 4001 Quando
755 3921 1077 4004 parochus
1107 3920 1419 3985 vicarium
1463 3924 1791 3999 assumpsit
1836 3920 1935 3980 vel
1976 3923 2340 3994 nominavit,
2375 3914 2580 3983 dehet

346 4033 760 4101 nihilominus
782 4036 1059 4101 vicarius
1078 4036 1187 4101 1110
1220 4034 1303 4100 ab
1336 4033 1657 4119 Episcopo
1695 4032 2048 4096 examinari
2080 4039 2148 4095 et
2179 4030 2531 4116 approbari
2558 4055 2574 4113 ;

343 4170 467 4217 nec
505 4151 740 4217 sufficit
771 4172 921 4218 eum
952 4153 1151 4219 fuisse
1184 4151 1319 4238 jam
1355 4150 1442 4216 ad
1470 4149 1911 4216 confessiones
1955 4147 2411 4232 approbatum,
2467 4147 2582 4212 sed

345 4265 549 4333 dehet
580 4267 950 4352 specialiter
990 4266 1209 4352 quoad
1255 4268 1477 4333 vicarii
1515 4263 1901 4350 parochialis
1933 4282 2171 4329 munus
2206 4261 2579 4347 approbari.

350 4387 416 4446 5⁰
436 4383 501 4448 si
523 4385 839 4450 vicarium
862 4402 899 4448 a
926 4381 1211 4469 parocho
1236 4383 1640 4449 nominatum
1667 4381 1878 4446 minus
1899 4377 2208 4445 idoneum
2227 4378 2586 4461 Episcopus

2279 4487 2349 4545 29
