3146 4973
586 353 704 414 132
1250 363 1626 411 raAc'rA‘rus
1676 364 1764 412 nr:
1807 363 2135 411 ranocno.

574 490 729 554 satis
771 488 993 553 mirari
1034 505 1163 553 non
1198 505 1459 570 possum
1500 493 1758 552 textum
1806 486 2180 571 hujusmodi
2229 506 2265 551 a
2304 486 2689 571 parochistis
2740 496 2805 553 et

573 605 936 689 praesertim
964 622 1001 668 a
1027 602 1437 669 Thomassino
1475 601 1716 667 adduci
1742 604 1810 666 in
1845 602 2320 687 probationem.

660 723 774 787 lv·
850 737 1245 785 ALLEGAno.
1326 756 1416 768 —-
1502 719 1905 803 Excerptum
1995 720 2246 785 concilii
2326 720 2801 785 Lemovicensis

564 838 718 901 anni
774 838 969 902 1031.
1023 835 1125 900 Sic
1181 853 1415 917 nempe
1466 834 1692 917 legere
1748 840 1849 899 est
1897 834 1966 898 in
2016 834 2180 899 actis
2238 833 2495 917 praefati
2545 835 2801 903 concilii

570 950 770 1038 (apud
802 951 1044 1029 Labbe,
1081 959 1235 1017 tom.
1269 956 1333 1028 9,
1369 969 1518 1034 pag.
1559 954 1711 1028 902,
1737 950 1937 1017 editio
1956 949 2353 1034 Parisiensis)
2395 973 2409 1016 :
2451 955 2803 1034 Presbyteri

562 1076 764 1131 autem
790 1070 865 1131 de
894 1073 1119 1148 ἐφιστάς
1158 1073 1354 1131 causis
1367 1091 1396 1147 ,·
1424 1071 1708 1150 Episcopi
1735 1070 1810 1131 cle
1840 1073 2000 1130 notis
2032 1073 2543 1132 excommunicare
2577 1076 2691 1147 est,
2724 1089 2799 1131 ne

561 1188 843 1267 Episcopi
864 1187 1111 1247 vilescat
1134 1191 1425 1265 potestas.
1469 1183 1661 1248 Hunc
1691 1191 1950 1249 textum
1979 1183 2047 1247 in
2077 1185 2350 1267 gratiam
2380 1183 2794 1266 parochistici

559 1302 927 1385 systematis
970 1306 1363 1383 contorquet
1404 1298 1853 1365 Thomaoeinus
1892 1298 2014 1364 hoc
2061 1298 2259 1365 modo
2300 1321 2314 1363 ε
2356 1323 2390 1360 a
2436 1300 2582 1364 Jam
2639 1300 2791 1366 olim

567 1438 600 1478 «
634 1422 851 1480 autem
867 1415 1324 1482 Lemovicense
1351 1414 1694 1479 concilium
1710 1415 1860 1478 anni
1890 1416 2047 1480 1031
2079 1412 2297 1479 eidem
2316 1414 2792 1498 suffragabatur

564 1556 594 1591 a
631 1531 1064 1614 parochorum
1120 1533 1429 1614 potestati
1490 1530 1749 1617 (nempe
1806 1531 2469 1615 excommunicandi);
2526 1530 2642 1597 sed
2699 1534 2788 1598 ita

562 1670 595 1708 «
632 1653 854 1711 tamen
881 1654 956 1711 ut
979 1665 1208 1712 eorum
1238 1647 1938 1712 excommunicationes
1972 1647 2400 1731 restringeret
2425 1646 2508 1712 ad
2531 1648 2783 1714 occulta

559 1786 590 1823 a
626 1763 915 1841 crimina,
949 1762 1026 1826 iis
1061 1780 1205 1845 quae
1229 1761 1490 1846 publica
1520 1767 1674 1826 sunt
1708 1763 2057 1844 episcopali
2082 1760 2332 1846 judicio
2371 1763 2667 1828 servatis.
2708 1760 2787 1826 Id

561 1901 593 1939 a
631 1896 790 1943 vero
815 1896 945 1942 non
972 1875 1149 1942 aliud
1180 1885 1346 1954 erat,
1385 1895 1581 1960 quam
1609 1875 1696 1942 ad
1720 1876 1935 1943 forum
1967 1879 2242 1943 interius
2270 1886 2341 1942 et
2362 1876 2446 1943 ad
2476 1879 2792 1962 poeniten-

562 2016 593 2053 «
633 1993 735 2056 tiae
766 1993 1052 2058 tribunal
1082 1993 1517 2076 parochorum
1545 1992 2065 2077 jurisdictionem
2108 2012 2417 2058 revocare
2462 2013 2477 2057 z
2514 1992 2795 2076 presby-

558 2133 591 2169 a
622 2110 751 2174 teri
786 2107 869 2175 de
895 2110 1129 2193 ignotis
1156 2111 1386 2186 causiS,
1422 2109 1723 2193 Episcopi
1750 2109 1833 2174 de
1872 2110 2041 2175 notis
2065 2110 2625 2174 excommunicare
2657 2117 2781 2174 est.

557 2249 590 2286 α
629 2225 813 2290 Idem
880 2225 1080 2291 habet
1127 2224 1473 2291 Ratherius
1523 2226 1913 2290 Veronensis
1971 2225 2327 2308 Episcopus
2382 2224 2451 2288 in
2515 2224 2789 2307 epistola

558 2363 590 2400 α
626 2335 944 2422 synodali.
996 2339 1077 2401 Et
1124 2356 1277 2401 sane
1331 2336 1662 2404 ordinario
1713 2340 2110 2422 antiquoque
2166 2337 2314 2422 jure
2369 2338 2791 2421 poeuitentias

559 2476 592 2515 «
627 2452 918 2537 publicas
974 2452 1094 2518 soli
1165 2450 1628 2536 dispensabaut
1685 2453 1987 2537 Episcopi
2037 2475 2070 2514 υ
2131 2453 2342 2538 (parte
2416 2456 2475 2530 l,
2533 2452 2649 2518 lib.
2719 2454 2782 2531 2,

557 2588 699 2652 cap.
741 2572 847 2645 26,
886 2589 953 2634 n.
991 2565 1083 2651 6).
1128 2569 1370 2634 Faveat
1413 2568 1625 2634 lector
1657 2575 1909 2633 attente
1946 2567 2359 2652 perpendere
2400 2568 2793 2635 Thomassini

559 2685 785 2751 verba.
840 2683 1011 2765 Quid
1061 2683 1336 2750 affirmat
1376 2683 1668 2768 synodus
1724 2685 2245 2751 Lemoviceusis?
2293 2689 2791 2749 Jurisdictionem

553 2804 1030 2884 presbyterorum
1060 2807 1349 2882 restrinyi
1379 2804 1462 2864 ad
1492 2804 1694 2880 forum
1721 2806 2124 2880 conscientiam·
2150 2799 2219 2865 id
2249 2802 2422 2866 enim
2445 2800 2792 2883 significari

559 2918 657 2983 his
700 2917 943 2995 verbis»,
991 2920 1336 2999 Presbyteri
1369 2920 1444 2981 de
1484 2922 1711 2998 iynotis
1754 2923 1980 2997 causis,
2017 2917 2156 2999 ipse
2185 2917 2642 2983 Thomassinus
2678 2936 2791 2981 ex-

559 3051 779 3115 presse
810 3031 1081 3097 fatetur.
1129 3032 1198 3096 Si
1236 3051 1393 3115 ergo
1424 3030 1599 3096 dicta
1642 3030 1934 3115 synodus
1971 3030 2166 3098 docet
2202 3033 2624 3116 presbyteros
2659 3050 2789 3096 non

559 3148 802 3214 habere
835 3148 954 3213 nisi
987 3147 1113 3213 fori
1146 3148 1386 3212 interni
1420 3145 1961 3230 jurisdictionem,
2001 3154 2069 3213 et
2100 3153 2493 3231 potestatem
2527 3167 2791 3213 excom-

561 3262 934 3328 municaudi
967 3262 1052 3327 ad
1090 3264 1435 3346 Episcopos
1474 3263 1825 3345 pertinere,
1865 3280 1994 3346 quo
2024 3263 2259 3328 mentis
2304 3264 2600 3329 acumine
2646 3282 2791 3347 per-

562 3381 778 3463 spexit
807 3378 1255 3444 Thomassinus
1289 3376 1613 3461 synodum
1654 3376 1775 3442 hac
1812 3378 1949 3459 ipsa
1983 3376 2424 3444 declaratione
2453 3383 2791 3461 suffr-aqam·

556 3497 950 3577 parochorum
1011 3500 1297 3576 potestati
1363 3494 2068 3559 excommunicationes
2132 3493 2567 3560 fulminandi?
2636 3494 2792 3559 Aliis

564 3610 805 3687 verbis,
841 3611 895 3673 si
918 3609 1259 3673 concilium
1284 3608 1578 3676 declarat
1608 3608 2036 3692 presbyteros
2063 3627 2192 3672 non
2232 3609 2474 3675 habere
2508 3617 2791 3692 potesta-

564 3733 697 3790 tem
751 3722 1347 3790 excommunicandi
1367 3772 1383 3801 ,
1431 3722 1761 3809 quomodo
1813 3724 2261 3806 patrocinatur
2311 3725 2598 3807 opinioni
2642 3743 2788 3809 quae

563 3838 726 3904 hanc
757 3845 1149 3922 potestatem
1197 3841 1290 3904 eis
1332 3838 1613 3903 tribuit?
1649 3837 1763 3902 Ast
1798 3835 2018 3903 videte
2062 3837 2457 3903 Thomassini
2498 3839 2791 3922 ingenio·

562 3969 696 4016 sam
719 3950 1139 4017 subtilitatem
1176 3974 1190 4018 ε
1224 3970 1355 4015 non
1385 3950 1544 4016 dicit
1576 3948 1902 4033 synodum
1931 3954 2269 4015 declarasse
2303 3952 2669 4017 restrictam
2704 3949 2790 4016 ad

561 4068 776 4134 forum
818 4070 1152 4134 internum
1180 4067 1553 4152 presbyteri
1570 4065 2112 4150 jurisdictionem,
2142 4065 2260 4133 sed
2287 4089 2587 4132 revocasse
2599 4092 2629 4145 ‚·
2662 4086 2791 4151 quo

560 4186 785 4264 verbo,
816 4186 1181 4269 prudenter
1203 4184 1565 4269 interjecto,
1610 4185 1892 4251 insinuat
1919 4191 2112 4250 antea
2142 4183 2270 4250 fori
2309 4184 2507 4249 etiam
2530 4185 2788 4250 externi

553 4298 1069 4391 jurisdictionem
1112 4319 1311 4383 penes
1345 4298 1663 4382 parochos
1699 4300 1978 4363 stetisse.
2014 4299 2116 4377 At,
2160 4316 2399 4383 quaeso,
2458 4298 2786 4382 quodnam
