3146 4973
1225 373 1384 419 uns
1425 372 1685 418 ΤεΒΤιΑ.
2444 361 2569 423 337

347 504 556 559 sancta
578 500 691 560 Dei
718 499 1049 577 Evanqelia
1081 516 1163 573 se,
1193 515 1556 577 quacumque
1583 495 1846 557 humana
1875 499 2186 576 affectione
2211 494 2565 581 postposita]

348 614 613 689 fideliter
635 632 848 675 munus
869 618 1240 675 executuros.
1279 614 1658 691 Caveantque
1685 630 1759 674 ne
1792 614 2119 692 quidquam
2139 633 2389 694 prorsus
2412 634 2577 677 occa-

348 735 511 793 sione
531 729 710 810 hujus
732 733 1056 807 examinis,
1087 747 1193 791 nec
1222 735 1384 806 ante,
1422 746 1525 789 nec
1552 732 2018 808 post-accipiant
2045 748 2065 789 .·
2099 730 2370 809 alioquin
2397 737 2578 794 simo-

346 849 465 906 nice
504 848 719 906 vitium
765 850 889 906 tam
934 847 1078 925 ipsi,
1112 863 1291 925 quam
1327 844 1444 905 alii
1482 845 1697 905 dantes
1738 847 2086 922 incurrant,·
2115 864 2154 905 a
2189 864 2306 925 qua
2347 847 2579 908 absolvi

345 967 661 1040 nequeant,
696 965 820 1023 nisi
848 963 1117 1024 dimissis
1149 960 1468 1038 beneficiiS,
1496 978 1627 1040 quoe
1643 962 2174 1041 quomodocumque
2193 966 2376 1023 etiam
2400 969 2577 1025 antea

344 1078 687 1139 obtinebant
699 1100 731 1156 ,·
760 1083 818 1138 et
861 1078 944 1140 ad
974 1078 1103 1139 alia
1138 1080 1205 1138 in
1228 1083 1531 1157 posterum
1561 1075 1857 1138 inhabiles
1882 1077 2239 1138 reddantur.
2274 1078 2354 1138 Et
2385 1079 2460 1140 de
2485 1078 2581 1140 liis

346 1193 614 1253 omnibus
644 1211 762 1254 non
793 1194 982 1253 sotum
1008 1210 1207 1253 coram
1244 1195 1389 1269 Deo,
1429 1193 1534 1253 sed
1554 1196 1736 1252 etiam
1767 1195 1835 1253 in
1862 1192 2087 1271 synodo
2097 1194 2486 1271 provinciali,
2528 1198 2584 1253 si

346 1325 492 1387 opus
534 1313 675 1386 erit,
725 1313 1018 1370 rationem
1047 1309 1295 1370 reddere
1332 1312 1649 1368 teneantur
1661 1329 1694 1386 ,·
1721 1324 1758 1369 a
1787 1326 1928 1386 qua,
1965 1311 2021 1368 si
2045 1309 2193 1386 quid
2220 1314 2428 1369 contra
2452 1308 2584 1387 offi-

345 1423 503 1480 cium
535 1438 629 1482 eos
671 1422 879 1499 fecisse
912 1425 1275 1500 compertum
1322 1420 1535 1498 fuerit,
1589 1424 1863 1498 qraviter
1907 1423 2033 1500 ejus
2068 1420 2324 1480 arbitrio
2372 1425 2586 1500 puniri

336 1540 599 1613 possint.
641 1537 892 1598 Peracto
921 1536 1137 1598 deinde
1177 1538 1453 1595 examine
1488 1538 1912 1596 renuntientur
1962 1541 2347 1615 quotcumque
2377 1536 2453 1596 ab
2489 1535 2585 1597 Itis

348 1650 548 1712 idonei
562 1651 835 1732 judicati
862 1652 1092 1729 fuerint
1116 1657 1311 1726 oetate,
1338 1651 1623 1727 moribus,
1651 1651 1952 1728 doctrina,
1973 1651 2327 1730 prudentia,
2360 1657 2418 1711 et
2440 1653 2585 1712 aliis

350 1768 522 1828 rebus
557 1768 641 1828 ad
669 1773 980 1829 vacantem
1014 1768 1318 1828 eeclesiam
1360 1767 1810 1846 qubernandam
1842 1771 2199 1846 opportunis
2212 1787 2242 1845 ,·
2278 1785 2357 1828 ex
2378 1767 2586 1848 hisque

352 1883 676 1963 Episcopus
733 1901 866 1944 eum
910 1885 1119 1963 etiqat,
1160 1901 1329 1963 quem
1365 1886 1596 1943 exteris
1631 1885 1826 1960 maqis
1871 1881 2150 1942 idoneum
2180 1881 2585 1961 judicaverit,·

349 2003 526 2076 atque
557 1998 678 2075 illi,
714 2005 772 2060 et
802 2017 922 2059 non
956 2000 1163 2076 alteri,
1207 1998 1450 2058 collatio
1480 1997 1738 2057 ecclesioe
1762 1996 1838 2056 ab
1870 2014 1935 2055 eo
1965 1994 2103 2071 fiat,
2145 1996 2229 2057 ad
2259 2014 2428 2075 quem
2460 1980 2588 2076 spess

350 2113 537 2173 etabit
567 2132 696 2175 eam
728 2116 1016 2193 conferre.
1060 2118 1133 2176 Si
1160 2132 1298 2175 vero
1320 2118 1490 2195 juris
1513 2117 1877 2192 patronatus
1916 2112 2300 2172 ecclesiastici
2338 2116 2477 2190 erit,
2515 2131 2586 2173 ac

352 2231 655 2289 institutio
687 2229 769 2289 ad
790 2230 1145 2308 Episcopum
1172 2234 1232 2289 et
1262 2246 1380 2289 non
1407 2229 1601 2288 atium
1620 2230 1945 2306 pertineat,
1984 2230 2061 2303 is,
2101 2243 2272 2306 quem
2292 2233 2587 2306 patronus

349 2342 683 2421 diqniorem
720 2347 881 2404 inter
912 2344 1194 2423 probatos
1238 2344 1316 2403 ab
1362 2342 1875 2404 examinatoribus
1910 2342 2242 2433 judicabit,
2292 2342 2588 2421 Episcopo

349 2464 713 2536 prasentare
744 2466 1038 2538 teneatur,
1073 2464 1144 2522 ut
1172 2460 1248 2522 ab
1283 2476 1349 2520 eo
1381 2461 1767 2520 instituatur.
1807 2458 1959 2550 Cum
1999 2475 2138 2518 vero
2173 2460 2480 2520 institutio
2509 2432 2587 2519 ab

347 2576 499 2654 alio,
543 2593 720 2654 quam
767 2577 843 2636 ab
887 2577 1202 2656 Episcopo,
1254 2579 1372 2637 erit
1417 2575 1722 2653 facienda,
1767 2580 1908 2634 tunc
1944 2575 2273 2653 Episcopus
2309 2574 2472 2635 solus
2508 2593 2588 2635 ex

351 2692 555 2770 diqnis
581 2691 768 2771 eliqat
784 2692 1142 2770 diqniorem,
1166 2710 1335 2773 quem
1355 2696 1655 2771 patronus
1672 2694 1728 2750 ei
1743 2695 2090 2770 prcesentet,
2119 2689 2197 2750 ab
2218 2706 2388 2768 quem
2407 2694 2588 2751 insti-

354 2810 508 2867 tutio
538 2812 788 2886 speetat.
818 2808 991 2885 Quod
1021 2811 1077 2867 si
1087 2810 1196 2886 jus
1218 2812 1579 2887 patronatus
1621 2807 1913 2866 laicorum
1932 2805 2144 2883 fuerit,
2179 2805 2388 2865 debeat
2412 2809 2520 2884 qui
2547 2824 2588 2866 a

344 2927 604 3000 patrono
616 2927 1021 3002 proesentatus
1041 2927 1180 3000 erit,
1198 2922 1275 2983 ab
1287 2922 1506 2983 eisdem
1522 2922 1853 2999 deputatis,
1871 2926 1941 2980 ut
1964 2938 2174 2999 supra,
2206 2924 2576 2999 examinari,

349 3042 407 3096 et
443 3041 686 3098 nonnisi
723 3039 968 3099 idoneus
1008 3044 1278 3116 repertus
1307 3040 1517 3116 fuerit,
1554 3037 1827 3098 admitti.
1863 3037 1940 3098 In
1980 3035 2362 3114 omnibusque
2402 3055 2585 3116 supra

349 3151 535 3212 dictis
569 3153 804 3214 casibus
839 3171 960 3214 non
993 3158 1269 3231 cuiquam
1302 3153 1508 3229 alteri,
1539 3171 1718 3231 quam
1758 3155 1867 3213 uni
1907 3169 1986 3212 ex
2007 3152 2325 3230 proedietis
2358 3157 2586 3213 exami-

349 3271 536 3344 natis,
563 3272 622 3328 et
657 3269 733 3328 ab
767 3269 1284 3330 examinatoribus
1318 3268 1692 3348 approbatis,
1722 3271 1919 3346 juxta
1951 3283 2134 3344 supra
2161 3267 2386 3326 dictam
2415 3285 2586 3346 requ-

349 3380 497 3458 iam,
552 3382 625 3443 de
681 3384 923 3444 ecclesia
958 3384 1361 3463 provideatur
1395 3402 1415 3443 :
1478 3401 1584 3443 nee
1634 3384 2063 3461 praedictorum
2102 3386 2583 3444 examinatorum

347 3495 729 3574 relationem,
768 3503 1083 3578 quominus
1111 3503 1514 3560 executionem
1543 3497 1792 3574 habeat,
1832 3499 1962 3558 ulla
1993 3498 2294 3559 devolutio
2339 3504 2446 3559 aut
2474 3516 2586 3579 ap-

334 3610 615 3689 pellatio,
644 3617 826 3674 etiam
853 3614 936 3674 ad
958 3614 1168 3675 Sedem
1194 3615 1622 3691 Apostolicam‚
1644 3617 1771 3674 sive
1798 3613 2058 3693 ejusdem
2096 3614 2272 3675 Sedis
2298 3615 2573 3694 Leqatos,

342 3733 452 3789 aut
490 3731 875 3809 Viceleqatos,
911 3736 1019 3791 aut
1047 3733 1336 3806 Nuncios,
1375 3750 1477 3792 seu
1508 3733 1853 3810 Episcopos‚
1906 3735 2014 3791 aut
2056 3731 2572 3812 Metropolitanos,

347 3846 671 3922 Primates,
717 3847 814 3906 vel
859 3846 1255 3908 Patriarchas
1302 3851 1681 3926 interposita,
1731 3846 2024 3924 impediat
2067 3852 2175 3907 aut
2211 3847 2536 3926 suspendat
2555 3869 2581 3922 ,·

345 3959 615 4039 alioquin
644 3965 928 4039 vicarius,
978 3980 1147 4041 quem
1176 3962 1433 4023 ecclesioe
1471 3965 1715 4022 vacanti
1750 3966 1928 4022 antea
1971 3962 2297 4040 Episcopus
2324 3935 2581 4024 arbitrio

347 4091 454 4135 suo
484 4076 569 4136 ad
596 4081 824 4156 tempus
849 4077 1192 4155 deputavit,
1230 4077 1324 4137 vel
1359 4079 1571 4155 forsan
1603 4082 1814 4156 postea
1854 4076 2188 4156 deputabit,
2234 4076 2309 4137 ab
2334 4080 2462 4157 ejus
2490 4094 2582 4138 ec-

346 4188 541 4250 clesioe
560 4191 835 4252 custodia
865 4197 925 4252 et
946 4193 1476 4253 administratione
1495 4210 1616 4253 non
1637 4196 2005 4266 amoveatur,
2032 4192 2213 4252 donec
2239 4197 2347 4254 aut
2365 4194 2577 4269 eidem,

346 4310 455 4365 aut
489 4305 695 4382 alteri,
732 4309 837 4386 qui
867 4307 1154 4387 probatus
1180 4313 1240 4369 et
1274 4308 1492 4369 electus
1519 4308 1728 4386 fuerit,
1760 4312 1828 4368 ut
1859 4324 2065 4388 supra,
2103 4310 2188 4368 sit
2227 4313 2537 4385 provisum
2560 4328 2581 4368 .-

347 4419 509 4480 alias
534 4425 910 4510 provisiones
941 4441 1139 4485 omnes
1176 4441 1278 4484 seu
1300 4427 1733 4502 institutiones,
1763 4429 1989 4506 proeter
2020 4424 2434 4516 supradictam
2458 4426 2588 4520 for·

2302 4532 2374 4588 22
