3146 4973
1154 848 1714 981 INDEX

788 1178 1046 1243 JUXTA
1095 1178 1635 1244 MATERIARUM
1678 1177 2077 1243 ORDINEM.

1281 1491 1593 1521 *—

2042 1847 2047 1852 .
2450 1815 2551 1872 pag.

318 1885 477 1933 Totius
503 1891 728 1933 tractatus
753 1883 1040 1933 distributio.
1122 1919 2383 1939 ....................
2524 1897 2550 1942 1

321 1968 526 2022 PARS
557 1967 835 2020 PRIMA
876 1961 994 2031 Quid
1035 1968 1098 2016 sit
1123 1970 1377 2030 parochus,
1414 1983 1498 2017 seu
1526 1967 1584 2016 ‹le
1611 1970 1790 2030 origine
1818 1979 1864 2017 et
1890 1979 2059 2019 natura
2086 1971 2392 2022 iustitutionis

383 2054 694 2115 parochorum
722 2088 2384 2109 .........................
2524 2063 2559 2110 5

317 2134 568 2188 SECTIO
602 2138 647 2187 1.
691 2138 814 2195 Quid
858 2109 953 2185 sint
978 2139 1171 2199 parochi
1198 2137 1351 2201 quoad
1395 2153 1528 2187 suam
1568 2101 1842 2189 historicam
1870 2139 2208 2202 originem..
2256 2179 2271 2195 .
2327 2181 2339 2194 .
2372 2181 2384 2191 .
2524 2150 2557 2197 4

316 2224 511 2272 CAPUT
547 2225 587 2272 1.
619 2225 690 2271 An
714 2232 761 2271 et
782 2237 874 2285 quo
899 2235 1042 2271 sensu
1069 2236 1207 2271 voees
1229 2223 1495 2285 parochus
1521 2231 1567 2271 et
1586 2224 1844 2285 parochia
1872 2224 2130 2287 antiquitus
2157 2237 2393 2289 usurpata!

381 2315 630 2358 occurrant
653 2343 2386 2362 ...........................
2526 2317 2558 2363 5

384 2389 409 2458 fl
432 2394 474 2442 1.
513 2393 851 2441 Nonnullorum
880 2391 1171 2440 eruditorum
1202 2392 1431 2440 sententia
1457 2392 1758 2453 praemittitur
1794 2427 2385 2447 ..........
2527 2401 2559 2446 5

383 2477 408 2540 3
432 2478 493 2525 11.
523 2478 622 2526 Vox
639 2476 904 2538 parochus
930 2476 1203 2526 recentioris
1228 2477 1312 2525 aevi
1341 2483 1413 2525 est
1435 2490 1554 2524 :vox
1583 2483 1738 2525 autem
1767 2476 2025 2539 parochia
2052 2475 2112 2524 ad
2138 2476 2390 2539 designan-

449 2561 555 2609 dam
584 2568 757 2609 certam
786 2561 1040 2610 dioeceseos
1065 2570 1243 2622 partem
1263 2562 1360 2623 jam
1389 2563 1449 2608 ab
1477 2561 1670 2623 antiquo
1699 2567 1950 2622 usurpata;
1985 2559 2294 2622 frequentiori
2326 2571 2392 2611 ta-

453 2662 559 2696 men
578 2657 624 2696 et
648 2648 877 2696 constanti
905 2660 991 2695 usu
1015 2646 1075 2694 ad
1095 2654 1238 2695 totam
1258 2644 1593 2707 designandam
1617 2645 1855 2694 dioecesim
1882 2645 2141 2707 antiquitus
2158 2645 2387 2696 adhibita.
2525 2654 2554 2699 7

318 2735 513 2783 CAPUT
536 2735 600 2782 11.
623 2734 734 2790 Quae
757 2740 875 2781 notae
901 2734 948 2780 in
975 2731 1292 2780 monumentis
1319 2730 1624 2792 antiquitates
1643 2729 1843 2790 reperiri
1866 2728 2084 2790 debeant,
2104 2738 2156 2778 ut
2174 2732 2390 2781 concludi

386 2817 535 2879 possit
562 2817 697 2865 iniis
723 2817 1003 2864 mentionem
1042 2815 1144 2864 fieri
1182 2815 1240 2863 de
1284 2816 1489 2876 parocho
1535 2814 1725 2876 proprie
1770 2813 1894 2863 dicto
1922 2849 2383 2869 ........
2489 2823 2556 2870 12

318 2904 515 2953 CAPUT
542 2902 632 2949 111.
669 2900 915 2950 Prioribus
942 2899 1161 2947 Ecclesiae
1198 2898 1384 2947 saeculis
1409 2898 1568 2947 nullus
1595 2899 1642 2946 in
1666 2897 1838 2946 mundo
1863 2898 2042 2947 exstitit
2066 2902 2299 2961 parochus
2326 2937 2339 2952 .
2372 2937 2383 2949 .
2489 2905 2555 2951 16

382 2987 406 3049 5
435 2989 475 3035 1.
516 2986 759 3034 Prioribus
790 2984 1010 3032 Ecclesiae
1037 2984 1221 3031 saeculis
1250 2984 1398 3031 instar
1426 2982 1544 3043 legis
1570 2982 1745 3044 ubique
1774 2983 1972 3044 vigentis
2006 2981 2112 3043 suit,
2131 2990 2184 3031 ut
2206 2984 2384 3045 fideles,

450 3077 547 3118 tum
575 3069 716 3128 intra,
739 3075 837 3115 tum
863 3068 1002 3116 etiam
1030 3074 1161 3115 extra
1189 3066 1501 3128 episcopalem
1534 3067 1768 3115 civitatem
1795 3066 2035 3128 degentes,
2056 3069 2240 3116 nonnisi
2264 3072 2386 3132 apud

449 3157 732 3218 Episcopum
763 3169 925 3204 sacros
962 3162 1219 3203 conventus
1263 3166 1501 3201 suorumve
1530 3152 1766 3214 liturgiam
1807 3154 2099 3203 celebrarent
2123 3190 2137 3204 .
2191 3192 2205 3204 .
2258 3190 2272 3205 .
2325 3193 2338 3207 .
2369 3192 2383 3205 .
2492 3160 2549 3205 17

382 3240 408 3308 Ξ
436 3243 499 3291 11.
547 3242 770 3304 Exposita
796 3242 1007 3302 priorum
1043 3239 1319 3289 saeculorum
1350 3237 1617 3299 disciplina,
1646 3236 1704 3285 de
1748 3238 1897 3286 sacris
1923 3240 2228 3287 conventibus
2262 3239 2387 3301 apud

445 3327 728 3388 Episcopum
747 3323 1058 3385 celebrandis,
1078 3324 1214 3386 plene
1235 3323 1406 3371 evincit
1436 3321 1591 3370 nullos
1615 3329 1724 3370 tunc
1743 3323 1968 3384 temporis
1986 3323 2219 3372 exstitisse
2242 3337 2383 3384 paro-

444 3410 576 3457 chos.
651 3440 2378 3460 ..........................
2484 3412 2543 3458 21

307 3497 508 3545 CAPUT
540 3496 618 3543 lv.
649 3495 904 3543 parochias
929 3493 1112 3542 rurales
1134 3499 1301 3556 quarto
1321 3491 1511 3540 circiter
1528 3491 1698 3540 saeculo
1722 3492 1941 3541 constitui
1962 3498 2156 3554 coeptas.
2183 3493 2383 3555 (Remis-

380 3580 479 3628 sive
516 3578 575 3627 ad
614 3578 903 3628 eruditorum
944 3576 1345 3639 disquisitiones.)
1377 3609 2377 3627 ................
2479 3580 2546 3626 22

305 3663 506 3711 CAPUT
533 3662 590 3710 V.
617 3664 734 3710 Ante
751 3675 926 3710 annum
943 3659 1075 3709 1000
1102 3661 1283 3709 nullum
1308 3661 1544 3710 exstitisse
1565 3663 1822 3722 parochum
1844 3661 1891 3710 in
1918 3660 2184 3709 civitatibus
2203 3662 2382 3723 episco-

377 3748 565 3809 palibus
582 3748 753 3810 (Roma
775 3747 894 3796 sorte
919 3754 966 3795 et
989 3745 1273 3795 Alexandria
1294 3746 1525 3809 exceptis)
1581 3779 2374 3798 .............
2479 3749 2546 3797 :23

379 3828 408 3895 ἃ
433 3831 472 3878 1.
501 3828 688 3880 Certum
730 3839 801 3880 est
834 3831 1087 3880 invaluisse
1109 3832 1209 3892 jam
1241 3830 1366 3892 apud
1393 3830 1605 3880 eruditos
1630 3831 2007 3893 persuasionem,
2037 3830 2086 3878 in
2117 3829 2383 3881 civitatibus

440 3914 788 3976 episcopalibus
825 3916 994 3977 (Roma
1034 3915 1152 3963 sorte
1186 3922 1232 3964 et
1268 3914 1555 3963 Alexandria
1592 3916 1839 3978 exceptis),
1872 3914 2027 3964 nullas
2065 3921 2171 3963 ante
2207 3928 2378 3965 annum

440 4002 572 4049 1000
613 4001 847 4049 exstitisse
891 4001 1139 4062 parochias
1167 4033 2370 4051 ...................
2475 4002 2541 4049 21

371 4078 399 4147 ζ
421 4082 486 4130 11.
517 4082 617 4130 Non
644 4082 880 4130 exstitisse
902 4081 1148 4142 parochias
1180 4081 1228 4128 in
1249 4080 1517 4129 civitatibus
1541 4080 1886 4142 episcopalibus
1909 4085 2015 4128 ante
2035 4091 2207 4127 annum
2223 4080 2374 4141 1000,

438 4167 675 4217 nonnullis
690 4167 976 4227 argumentis
995 4165 1346 4214 demonstratur
1371 4198 2371 4216 ................
2474 4166 2540 4214 28

369 4250 396 4314 3
420 4252 508 4299 111.
531 4252 773 4300 Nonnullae
808 4249 1051 4299 diluuntur
1066 4251 1350 4312 objectiones
1377 4284 2373 4302 ................
2474 4254 2541 4301 55

368 4334 394 4399 5
419 4334 501 4385 lv.
528 4337 858 4405 parochiarum
888 4336 936 4384 in
974 4335 1240 4384 civitatibus
1269 4334 1614 4399 episcopalibus
1642 4342 1750 4397 post
1785 4348 1960 4384 annum
1998 4335 2130 4386 1000
2159 4335 2372 4390 exordia.
2473 4337 2533 4382 41

294 4419 498 4469 CAPUT
529 4421 611 4470 vl.
642 4419 839 4473 Parochi
866 4433 1157 4487 nequaquam
1184 4426 1295 4469 sunt
1316 4421 1383 4469 72
1410 4418 1751 4483 discipulorum
1780 4433 2079 4471 successores
2105 4454 2122 4476 .
2172 4456 2188 4472 .
2242 4454 2259 4471 .
2353 4452 2369 4468 .
2471 4419 2538 4466 ⁴3
