<?xml version="1.0" encoding="UTF-8"?>
<!DOCTYPE html PUBLIC "-//W3C//DTD XHTML 1.0 Transitional//EN"
    "http://www.w3.org/TR/xhtml1/DTD/xhtml1-transitional.dtd">
<html xmlns="http://www.w3.org/1999/xhtml" xml:lang="en" lang="en">
 <head>
  <title>
</title>
<meta http-equiv="Content-Type" content="text/html;charset=utf-8" />
  <meta name='ocr-system' content='tesseract 3.04.00' />
  <meta name='ocr-capabilities' content='ocr_page ocr_carea ocr_par ocr_line ocrx_word'/>
</head>
<body>
  <div class='ocr_page' id='page_1' title='image "./tractatusdeparo00bouigoog_0588.png"; bbox 0 0 3146 4973; ppageno 0'>
   <div class='ocr_carea' id='block_1_1' title="bbox 592 361 2154 423">
    <p class='ocr_par' dir='ltr' id='par_1_1' title="bbox 592 361 2154 423">
     <span class='ocr_line' id='line_1_1' title="bbox 592 361 2154 423; baseline -0.004 0"><span class='ocrx_word' id='word_1_1' title='bbox 592 361 719 423; x_wconf 86' lang='lat'><strong>576</strong></span> <span class='ocrx_word' id='word_1_2' title='bbox 1270 372 1649 421; x_wconf 62' lang='lat' dir='ltr'><strong>macram-us</strong></span> <span class='ocrx_word' id='word_1_3' title='bbox 1692 372 1782 419; x_wconf 73' lang='grc' dir='ltr'><strong>ΒΕ</strong></span> <span class='ocrx_word' id='word_1_4' title='bbox 1826 369 2154 419; x_wconf 69' lang='grc' dir='ltr'><strong>ΡΑιιοοιῑο.</strong></span> 
     </span>
    </p>
   </div>
   <div class='ocr_carea' id='block_1_2' title="bbox 586 489 2832 1391">
    <p class='ocr_par' dir='ltr' id='par_1_2' title="bbox 586 489 2832 1391">
     <span class='ocr_line' id='line_1_2' title="bbox 586 489 2827 580; baseline 0 -19"><span class='ocrx_word' id='word_1_5' title='bbox 586 497 830 561; x_wconf 87' lang='lat' dir='ltr'><strong>tionem</strong></span> <span class='ocrx_word' id='word_1_6' title='bbox 864 489 1315 576; x_wconf 89' lang='lat' dir='ltr'><strong>proculdubio</strong></span> <span class='ocrx_word' id='word_1_7' title='bbox 1342 492 1427 559; x_wconf 86' lang='lat' dir='ltr'><strong>ad</strong></span> <span class='ocrx_word' id='word_1_8' title='bbox 1453 493 1832 561; x_wconf 78' lang='lat' dir='ltr'><strong>mutabilem</strong></span> <span class='ocrx_word' id='word_1_9' title='bbox 1858 496 2151 561; x_wconf 73' lang='lat' dir='ltr'><strong>ecclesiae</strong></span> <span class='ocrx_word' id='word_1_10' title='bbox 2185 492 2590 579; x_wconf 79' lang='lat' dir='ltr'><strong>disciplinam</strong></span> <span class='ocrx_word' id='word_1_11' title='bbox 2616 498 2827 580; x_wconf 87' lang='lat' dir='ltr'><strong>perti-</strong></span> 
     </span>
     <span class='ocr_line' id='line_1_3' title="bbox 588 607 2825 695; baseline 0 -19"><span class='ocrx_word' id='word_1_12' title='bbox 588 630 788 695; x_wconf 89' lang='lat' dir='ltr'><strong>nere;</strong></span> <span class='ocrx_word' id='word_1_13' title='bbox 825 607 1143 694; x_wconf 85' lang='lat' dir='ltr'><strong>siquidem</strong></span> <span class='ocrx_word' id='word_1_14' title='bbox 1178 609 1635 677; x_wconf 85' lang='lat' dir='ltr'><strong>eucharistiam</strong></span> <span class='ocrx_word' id='word_1_15' title='bbox 1662 612 1730 676; x_wconf 92' lang='lat' dir='ltr'><strong>in</strong></span> <span class='ocrx_word' id='word_1_16' title='bbox 1755 618 1945 679; x_wconf 86' lang='lat' dir='ltr'><strong>nocte</strong></span> <span class='ocrx_word' id='word_1_17' title='bbox 1968 612 2339 678; x_wconf 81' lang='lat' dir='ltr'><strong>Nativitatis</strong></span> <span class='ocrx_word' id='word_1_18' title='bbox 2382 629 2667 692; x_wconf 92' lang='lat' dir='ltr'><strong>sumere,</strong></span> <span class='ocrx_word' id='word_1_19' title='bbox 2712 632 2825 677; x_wconf 88' lang='lat' dir='ltr'><strong>ne·</strong></span> 
     </span>
     <span class='ocr_line' id='line_1_4' title="bbox 586 722 2819 812; baseline 0.001 -19"><span class='ocrx_word' id='word_1_20' title='bbox 586 743 909 812; x_wconf 88' lang='lat' dir='ltr'><strong>quaquam</strong></span> <span class='ocrx_word' id='word_1_21' title='bbox 935 732 1038 791; x_wconf 90' lang='lat' dir='ltr'><strong>est</strong></span> <span class='ocrx_word' id='word_1_22' title='bbox 1066 722 1227 810; x_wconf 90' lang='lat' dir='ltr'><strong>quid</strong></span> <span class='ocrx_word' id='word_1_23' title='bbox 1259 743 1535 810; x_wconf 81' lang='lat' dir='ltr'><strong>pravum</strong></span> <span class='ocrx_word' id='word_1_24' title='bbox 1560 745 1686 810; x_wconf 90' lang='lat' dir='ltr'><strong>per</strong></span> <span class='ocrx_word' id='word_1_25' title='bbox 1704 745 1775 793; x_wconf 88' lang='lat' dir='ltr'><strong>se</strong></span> <span class='ocrx_word' id='word_1_26' title='bbox 1803 735 1874 792; x_wconf 89' lang='lat' dir='ltr'><strong>et</strong></span> <span class='ocrx_word' id='word_1_27' title='bbox 1904 727 2280 804; x_wconf 83' lang='lat' dir='ltr'><strong>intrinsece,</strong></span> <span class='ocrx_word' id='word_1_28' title='bbox 2322 726 2442 794; x_wconf 87' lang='lat' dir='ltr'><strong>sed</strong></span> <span class='ocrx_word' id='word_1_29' title='bbox 2473 727 2819 795; x_wconf 75' lang='lat' dir='ltr'><strong>dumtaxat</strong></span> 
     </span>
     <span class='ocr_line' id='line_1_5' title="bbox 588 840 2831 928; baseline 0 -20"><span class='ocrx_word' id='word_1_30' title='bbox 588 850 861 928; x_wconf 89' lang='lat' dir='ltr'><strong>propter</strong></span> <span class='ocrx_word' id='word_1_31' title='bbox 891 840 1151 919; x_wconf 82' lang='lat' dir='ltr'><strong>abusus,</strong></span> <span class='ocrx_word' id='word_1_32' title='bbox 1178 842 1291 927; x_wconf 89' lang='lat' dir='ltr'><strong>qui</strong></span> <span class='ocrx_word' id='word_1_33' title='bbox 1322 843 1555 924; x_wconf 89' lang='lat' dir='ltr'><strong>passim</strong></span> <span class='ocrx_word' id='word_1_34' title='bbox 1592 843 2043 927; x_wconf 82' lang='lat' dir='ltr'><strong>invaluerant3</strong></span> <span class='ocrx_word' id='word_1_35' title='bbox 2079 843 2315 928; x_wconf 89' lang='lat' dir='ltr'><strong>quibus</strong></span> <span class='ocrx_word' id='word_1_36' title='bbox 2359 851 2438 908; x_wconf 89' lang='lat' dir='ltr'><strong>ut</strong></span> <span class='ocrx_word' id='word_1_37' title='bbox 2477 843 2831 910; x_wconf 86' lang='lat' dir='ltr'><strong>efficaciter</strong></span> 
     </span>
     <span class='ocr_line' id='line_1_6' title="bbox 588 958 2827 1044; baseline 0.001 -20"><span class='ocrx_word' id='word_1_38' title='bbox 588 964 1049 1024; x_wconf 82' lang='lat' dir='ltr'><strong>occurreretur</strong></span> <span class='ocrx_word' id='word_1_39' title='bbox 1079 959 1314 1024; x_wconf 91' lang='lat' dir='ltr'><strong>merito</strong></span> <span class='ocrx_word' id='word_1_40' title='bbox 1345 958 1538 1024; x_wconf 88' lang='lat' dir='ltr'><strong>Sacra</strong></span> <span class='ocrx_word' id='word_1_41' title='bbox 1558 959 1827 1025; x_wconf 87' lang='lat' dir='ltr'><strong>Ritnum</strong></span> <span class='ocrx_word' id='word_1_42' title='bbox 1858 959 2292 1044; x_wconf 81' lang='lat' dir='ltr'><strong>congregatio</strong></span> <span class='ocrx_word' id='word_1_43' title='bbox 2321 960 2827 1043; x_wconf 89' lang='lat' dir='ltr'><strong>prohibitionem</strong></span> 
     </span>
     <span class='ocr_line' id='line_1_7' title="bbox 588 1072 2832 1154; baseline 0.002 -16"><span class='ocrx_word' id='word_1_44' title='bbox 588 1074 761 1139; x_wconf 90' lang='lat' dir='ltr'><strong>illam</strong></span> <span class='ocrx_word' id='word_1_45' title='bbox 791 1072 1111 1138; x_wconf 84' lang='lat' dir='ltr'><strong>decrevit.</strong></span> <span class='ocrx_word' id='word_1_46' title='bbox 1153 1079 1374 1154; x_wconf 80' lang='lat' dir='ltr'><strong>Tertio,</strong></span> <span class='ocrx_word' id='word_1_47' title='bbox 1407 1093 1556 1140; x_wconf 86' lang='lat' dir='ltr'><strong>cum</strong></span> <span class='ocrx_word' id='word_1_48' title='bbox 1586 1073 1746 1140; x_wconf 86' lang='lat' dir='ltr'><strong>dicti</strong></span> <span class='ocrx_word' id='word_1_49' title='bbox 1782 1074 2023 1140; x_wconf 87' lang='lat' dir='ltr'><strong>abusus</strong></span> <span class='ocrx_word' id='word_1_50' title='bbox 2061 1094 2100 1141; x_wconf 90' lang='lat' dir='ltr'><strong>a</strong></span> <span class='ocrx_word' id='word_1_51' title='bbox 2141 1075 2498 1142; x_wconf 84' lang='lat' dir='ltr'><strong>Galliarum</strong></span> <span class='ocrx_word' id='word_1_52' title='bbox 2530 1077 2832 1142; x_wconf 88' lang='lat' dir='ltr'><strong>ecclesiis</strong></span> 
     </span>
     <span class='ocr_line' id='line_1_8' title="bbox 589 1188 2830 1277; baseline 0.002 -23"><span class='ocrx_word' id='word_1_53' title='bbox 589 1188 780 1255; x_wconf 92' lang='lat' dir='ltr'><strong>hodie</strong></span> <span class='ocrx_word' id='word_1_54' title='bbox 801 1190 1091 1268; x_wconf 82' lang='lat' dir='ltr'><strong>exulent,</strong></span> <span class='ocrx_word' id='word_1_55' title='bbox 1131 1192 1355 1256; x_wconf 89' lang='lat' dir='ltr'><strong>mirari</strong></span> <span class='ocrx_word' id='word_1_56' title='bbox 1384 1209 1577 1256; x_wconf 91' lang='lat' dir='ltr'><strong>nemo</strong></span> <span class='ocrx_word' id='word_1_57' title='bbox 1606 1190 1808 1257; x_wconf 89' lang='lat' dir='ltr'><strong>debet</strong></span> <span class='ocrx_word' id='word_1_58' title='bbox 1841 1191 2055 1274; x_wconf 86' lang='lat' dir='ltr'><strong>optari</strong></span> <span class='ocrx_word' id='word_1_59' title='bbox 2085 1210 2122 1256; x_wconf 87' lang='lat' dir='ltr'><strong>a</strong></span> <span class='ocrx_word' id='word_1_60' title='bbox 2160 1192 2402 1269; x_wconf 74' lang='lat' dir='ltr'><strong>multiS,</strong></span> <span class='ocrx_word' id='word_1_61' title='bbox 2442 1199 2517 1257; x_wconf 89' lang='lat' dir='ltr'><strong>ut</strong></span> <span class='ocrx_word' id='word_1_62' title='bbox 2550 1192 2830 1277; x_wconf 70' lang='lat' dir='ltr'><strong>praefata</strong></span> 
     </span>
     <span class='ocr_line' id='line_1_9' title="bbox 591 1298 2830 1391; baseline 0.001 -22"><span class='ocrx_word' id='word_1_63' title='bbox 591 1303 997 1371; x_wconf 89' lang='lat' dir='ltr'><strong>consuetudo</strong></span> <span class='ocrx_word' id='word_1_64' title='bbox 1038 1306 1428 1371; x_wconf 89' lang='lat' dir='ltr'><strong>retineatur.</strong></span> <span class='ocrx_word' id='word_1_65' title='bbox 1474 1311 1730 1387; x_wconf 76' lang='lat' dir='ltr'><strong>Quarto,</strong></span> <span class='ocrx_word' id='word_1_66' title='bbox 1783 1307 2030 1388; x_wconf 89' lang='lat' dir='ltr'><strong>poterit</strong></span> <span class='ocrx_word' id='word_1_67' title='bbox 2072 1298 2311 1372; x_wconf 80' lang='lat' dir='ltr'><strong>autem&#39;</strong></span> <span class='ocrx_word' id='word_1_68' title='bbox 2331 1308 2619 1391; x_wconf 84' lang='lat' dir='ltr'><strong>legitime</strong></span> <span class='ocrx_word' id='word_1_69' title='bbox 2668 1309 2830 1373; x_wconf 91' lang='lat' dir='ltr'><strong>reti-</strong></span> 
     </span>
    </p>
   </div>
   <div class='ocr_carea' id='block_1_3' title="bbox 589 1420 2829 1618">
    <p class='ocr_par' dir='ltr' id='par_1_3' title="bbox 589 1420 2829 1618">
     <span class='ocr_line' id='line_1_10' title="bbox 589 1420 2829 1507; baseline 0.001 -23"><span class='ocrx_word' id='word_1_70' title='bbox 589 1421 754 1499; x_wconf 91' lang='lat' dir='ltr'><strong>neri,</strong></span> <span class='ocrx_word' id='word_1_71' title='bbox 782 1421 1011 1486; x_wconf 83' lang='lat' dir='ltr'><strong>saltem</strong></span> <span class='ocrx_word' id='word_1_72' title='bbox 1039 1421 1519 1488; x_wconf 87' lang='lat' dir='ltr'><strong>interveniente</strong></span> <span class='ocrx_word' id='word_1_73' title='bbox 1547 1420 1878 1505; x_wconf 84' lang='lat' dir='ltr'><strong>pontificio</strong></span> <span class='ocrx_word' id='word_1_74' title='bbox 1899 1420 2177 1488; x_wconf 88' lang='lat' dir='ltr'><strong>indulto.</strong></span> <span class='ocrx_word' id='word_1_75' title='bbox 2210 1422 2370 1487; x_wconf 90' lang='lat' dir='ltr'><strong>Cum</strong></span> <span class='ocrx_word' id='word_1_76' title='bbox 2393 1425 2564 1488; x_wconf 89' lang='lat' dir='ltr'><strong>enim</strong></span> <span class='ocrx_word' id='word_1_77' title='bbox 2592 1432 2829 1507; x_wconf 86' lang='lat' dir='ltr'><strong>agatur</strong></span> 
     </span>
     <span class='ocr_line' id='line_1_11' title="bbox 595 1529 2828 1618; baseline 0.001 -22"><span class='ocrx_word' id='word_1_78' title='bbox 595 1531 700 1618; x_wconf 83' lang='lat' dir='ltr'><strong>(ex</strong></span> <span class='ocrx_word' id='word_1_79' title='bbox 732 1529 924 1596; x_wconf 91' lang='lat' dir='ltr'><strong>modo</strong></span> <span class='ocrx_word' id='word_1_80' title='bbox 964 1529 1184 1615; x_wconf 87' lang='lat' dir='ltr'><strong>dictis)</strong></span> <span class='ocrx_word' id='word_1_81' title='bbox 1239 1530 1324 1597; x_wconf 90' lang='lat' dir='ltr'><strong>de</strong></span> <span class='ocrx_word' id='word_1_82' title='bbox 1368 1551 1441 1597; x_wconf 90' lang='lat' dir='ltr'><strong>re</strong></span> <span class='ocrx_word' id='word_1_83' title='bbox 1494 1530 1580 1597; x_wconf 90' lang='lat' dir='ltr'><strong>ad</strong></span> <span class='ocrx_word' id='word_1_84' title='bbox 1632 1529 2013 1596; x_wconf 80' lang='lat' dir='ltr'><strong>mutabilem</strong></span> <span class='ocrx_word' id='word_1_85' title='bbox 2050 1532 2355 1597; x_wconf 65' lang='lat' dir='ltr'><strong>Ecclesiae</strong></span> <span class='ocrx_word' id='word_1_86' title='bbox 2420 1532 2828 1617; x_wconf 82' lang='lat' dir='ltr'><strong>disciplinam</strong></span> 
     </span>
    </p>
   </div>
   <div class='ocr_carea' id='block_1_4' title="bbox 591 1646 2865 4511">
    <p class='ocr_par' dir='ltr' id='par_1_4' title="bbox 591 1646 2865 3468">
     <span class='ocr_line' id='line_1_12' title="bbox 591 1646 2832 1731; baseline 0.001 -19"><span class='ocrx_word' id='word_1_87' title='bbox 591 1648 986 1731; x_wconf 82' lang='lat' dir='ltr'><strong>pertinente,</strong></span> <span class='ocrx_word' id='word_1_88' title='bbox 1014 1654 1230 1729; x_wconf 90' lang='lat' dir='ltr'><strong>potest</strong></span> <span class='ocrx_word' id='word_1_89' title='bbox 1255 1646 1554 1713; x_wconf 87' lang='lat' dir='ltr'><strong>Summus</strong></span> <span class='ocrx_word' id='word_1_90' title='bbox 1582 1646 1890 1713; x_wconf 78' lang='lat' dir='ltr'><strong>Pontifex</strong></span> <span class='ocrx_word' id='word_1_91' title='bbox 1922 1665 1961 1712; x_wconf 89' lang='lat' dir='ltr'><strong>a</strong></span> <span class='ocrx_word' id='word_1_92' title='bbox 1990 1647 2137 1731; x_wconf 88' lang='lat' dir='ltr'><strong>lege</strong></span> <span class='ocrx_word' id='word_1_93' title='bbox 2161 1649 2484 1713; x_wconf 89' lang='lat' dir='ltr'><strong>contraria</strong></span> <span class='ocrx_word' id='word_1_94' title='bbox 2509 1647 2832 1714; x_wconf 85' lang='lat' dir='ltr'><strong>dioeceses</strong></span> 
     </span>
     <span class='ocr_line' id='line_1_13' title="bbox 593 1761 2830 1846; baseline 0.001 -20"><span class='ocrx_word' id='word_1_95' title='bbox 593 1761 811 1827; x_wconf 72' lang='lat' dir='ltr'><strong>Gallim</strong></span> <span class='ocrx_word' id='word_1_96' title='bbox 849 1762 1164 1827; x_wconf 81' lang='lat' dir='ltr'><strong>eximere.</strong></span> <span class='ocrx_word' id='word_1_97' title='bbox 1207 1767 1456 1842; x_wconf 78' lang='lat' dir='ltr'><strong>Quinto,</strong></span> <span class='ocrx_word' id='word_1_98' title='bbox 1503 1781 1587 1826; x_wconf 86' lang='lat' dir='ltr'><strong>an</strong></span> <span class='ocrx_word' id='word_1_99' title='bbox 1634 1769 1852 1827; x_wconf 90' lang='lat' dir='ltr'><strong>autem</strong></span> <span class='ocrx_word' id='word_1_100' title='bbox 1900 1761 2146 1846; x_wconf 80' lang='lat' dir='ltr'><strong>absque</strong></span> <span class='ocrx_word' id='word_1_101' title='bbox 2195 1762 2541 1827; x_wconf 84' lang='lat' dir='ltr'><strong>Pontificio</strong></span> <span class='ocrx_word' id='word_1_102' title='bbox 2568 1762 2830 1828; x_wconf 89' lang='lat' dir='ltr'><strong>indulto</strong></span> 
     </span>
     <span class='ocr_line' id='line_1_14' title="bbox 591 1876 2827 1962; baseline 0.001 -20"><span class='ocrx_word' id='word_1_103' title='bbox 591 1876 877 1960; x_wconf 82' lang='lat' dir='ltr'><strong>legitime</strong></span> <span class='ocrx_word' id='word_1_104' title='bbox 915 1877 1188 1941; x_wconf 91' lang='lat' dir='ltr'><strong>retineri</strong></span> <span class='ocrx_word' id='word_1_105' title='bbox 1218 1884 1438 1961; x_wconf 84' lang='lat' dir='ltr'><strong>queat,</strong></span> <span class='ocrx_word' id='word_1_106' title='bbox 1473 1877 1565 1942; x_wconf 90' lang='lat' dir='ltr'><strong>ita</strong></span> <span class='ocrx_word' id='word_1_107' title='bbox 1610 1883 1686 1942; x_wconf 87' lang='lat' dir='ltr'><strong>nt</strong></span> <span class='ocrx_word' id='word_1_108' title='bbox 1727 1876 2134 1944; x_wconf 88' lang='lat' dir='ltr'><strong>consuetudo</strong></span> <span class='ocrx_word' id='word_1_109' title='bbox 2181 1879 2292 1943; x_wconf 90' lang='lat' dir='ltr'><strong>illa</strong></span> <span class='ocrx_word' id='word_1_110' title='bbox 2347 1886 2571 1944; x_wconf 88' lang='lat' dir='ltr'><strong>contra</strong></span> <span class='ocrx_word' id='word_1_111' title='bbox 2611 1878 2827 1962; x_wconf 84' lang='lat' dir='ltr'><strong>legem</strong></span> 
     </span>
     <span class='ocr_line' id='line_1_15' title="bbox 594 1992 2828 2078; baseline 0 -21"><span class='ocrx_word' id='word_1_112' title='bbox 594 1992 1048 2076; x_wconf 87' lang='lat' dir='ltr'><strong>prohibentem</strong></span> <span class='ocrx_word' id='word_1_113' title='bbox 1082 1992 1371 2076; x_wconf 86' lang='lat' dir='ltr'><strong>legitime</strong></span> <span class='ocrx_word' id='word_1_114' title='bbox 1412 1993 1879 2076; x_wconf 69' lang='lat' dir='ltr'><strong>praescripsisse</strong></span> <span class='ocrx_word' id='word_1_115' title='bbox 1919 1993 2245 2059; x_wconf 88' lang='lat' dir='ltr'><strong>censenda</strong></span> <span class='ocrx_word' id='word_1_116' title='bbox 2276 1995 2380 2073; x_wconf 89' lang='lat' dir='ltr'><strong>sit,</strong></span> <span class='ocrx_word' id='word_1_117' title='bbox 2416 2001 2519 2059; x_wconf 90' lang='lat' dir='ltr'><strong>est</strong></span> <span class='ocrx_word' id='word_1_118' title='bbox 2542 1995 2650 2060; x_wconf 83' lang='lat' dir='ltr'><strong>illa</strong></span> <span class='ocrx_word' id='word_1_119' title='bbox 2689 1996 2828 2078; x_wconf 82' lang='lat' dir='ltr'><strong>ipsa</strong></span> 
     </span>
     <span class='ocr_line' id='line_1_16' title="bbox 593 2093 2865 2194; baseline 0 -20"><span class='ocrx_word' id='word_1_120' title='bbox 593 2109 887 2194; x_wconf 83' lang='lat' dir='ltr'><strong>quaestio,</strong></span> <span class='ocrx_word' id='word_1_121' title='bbox 926 2128 963 2174; x_wconf 93' lang='lat' dir='ltr'><strong>a</strong></span> <span class='ocrx_word' id='word_1_122' title='bbox 998 2128 1126 2194; x_wconf 92' lang='lat' dir='ltr'><strong>qua</strong></span> <span class='ocrx_word' id='word_1_123' title='bbox 1155 2107 1589 2192; x_wconf 84' lang='lat' dir='ltr'><strong>expendenda</strong></span> <span class='ocrx_word' id='word_1_124' title='bbox 1617 2109 1946 2175; x_wconf 83' lang='lat' dir='ltr'><strong>abstinere</strong></span> <span class='ocrx_word' id='word_1_125' title='bbox 1972 2110 2039 2174; x_wconf 92' lang='lat' dir='ltr'><strong>in</strong></span> <span class='ocrx_word' id='word_1_126' title='bbox 2068 2111 2563 2192; x_wconf 82' lang='lat' dir='ltr'><strong>proesentiarum</strong></span> <span class='ocrx_word' id='word_1_127' title='bbox 2598 2093 2865 2176; x_wconf 45' lang='lat' dir='ltr'><strong>malui?</strong></span> 
     </span>
     <span class='ocr_line' id='line_1_17' title="bbox 596 2222 2830 2309; baseline 0.001 -20"><span class='ocrx_word' id='word_1_128' title='bbox 596 2243 762 2289; x_wconf 91' lang='lat' dir='ltr'><strong>mus.</strong></span> <span class='ocrx_word' id='word_1_129' title='bbox 792 2225 1139 2301; x_wconf 82' lang='lat' dir='ltr'><strong>Caeterum,</strong></span> <span class='ocrx_word' id='word_1_130' title='bbox 1175 2222 1259 2290; x_wconf 89' lang='lat' dir='ltr'><strong>ab</strong></span> <span class='ocrx_word' id='word_1_131' title='bbox 1303 2241 1380 2288; x_wconf 90' lang='lat' dir='ltr'><strong>ea</strong></span> <span class='ocrx_word' id='word_1_132' title='bbox 1410 2224 1762 2308; x_wconf 86' lang='lat' dir='ltr'><strong>quaestione</strong></span> <span class='ocrx_word' id='word_1_133' title='bbox 1809 2223 2268 2304; x_wconf 79' lang='lat' dir='ltr'><strong>abstrahendo,</strong></span> <span class='ocrx_word' id='word_1_134' title='bbox 2317 2225 2476 2290; x_wconf 91' lang='lat' dir='ltr'><strong>mihi</strong></span> <span class='ocrx_word' id='word_1_135' title='bbox 2513 2223 2830 2309; x_wconf 80' lang='lat' dir='ltr'><strong>expedire</strong></span> 
     </span>
     <span class='ocr_line' id='line_1_18' title="bbox 595 2338 2834 2425; baseline 0 -18"><span class='ocrx_word' id='word_1_136' title='bbox 595 2338 956 2419; x_wconf 79' lang='lat' dir='ltr'><strong>videretur,</strong></span> <span class='ocrx_word' id='word_1_137' title='bbox 993 2347 1191 2423; x_wconf 89' lang='lat' dir='ltr'><strong>prout</strong></span> <span class='ocrx_word' id='word_1_138' title='bbox 1218 2340 1437 2407; x_wconf 83' lang='lat' dir='ltr'><strong>Bomae</strong></span> <span class='ocrx_word' id='word_1_139' title='bbox 1469 2360 1506 2405; x_wconf 87' lang='lat' dir='ltr'><strong>a</strong></span> <span class='ocrx_word' id='word_1_140' title='bbox 1530 2340 1856 2406; x_wconf 86' lang='lat' dir='ltr'><strong>nonnullis</strong></span> <span class='ocrx_word' id='word_1_141' title='bbox 1877 2339 1998 2405; x_wconf 86' lang='lat' dir='ltr'><strong>hac</strong></span> <span class='ocrx_word' id='word_1_142' title='bbox 2030 2339 2116 2406; x_wconf 92' lang='lat' dir='ltr'><strong>de</strong></span> <span class='ocrx_word' id='word_1_143' title='bbox 2142 2359 2218 2406; x_wconf 90' lang='lat' dir='ltr'><strong>re</strong></span> <span class='ocrx_word' id='word_1_144' title='bbox 2241 2342 2632 2408; x_wconf 86' lang='lat' dir='ltr'><strong>sententiam</strong></span> <span class='ocrx_word' id='word_1_145' title='bbox 2652 2360 2834 2425; x_wconf 66' lang='lat' dir='ltr'><strong>roga·</strong></span> 
     </span>
     <span class='ocr_line' id='line_1_19' title="bbox 596 2455 2836 2543; baseline 0 -20"><span class='ocrx_word' id='word_1_146' title='bbox 596 2463 705 2523; x_wconf 89' lang='lat' dir='ltr'><strong>tus</strong></span> <span class='ocrx_word' id='word_1_147' title='bbox 735 2455 1066 2541; x_wconf 86' lang='lat' dir='ltr'><strong>respondi,</strong></span> <span class='ocrx_word' id='word_1_148' title='bbox 1102 2463 1179 2523; x_wconf 87' lang='lat' dir='ltr'><strong>ut</strong></span> <span class='ocrx_word' id='word_1_149' title='bbox 1208 2456 1427 2523; x_wconf 86' lang='lat' dir='ltr'><strong>Galliae</strong></span> <span class='ocrx_word' id='word_1_150' title='bbox 1462 2457 1794 2541; x_wconf 86' lang='lat' dir='ltr'><strong>Episcopis</strong></span> <span class='ocrx_word' id='word_1_151' title='bbox 1836 2456 2218 2524; x_wconf 84' lang='lat' dir='ltr'><strong>facultatem</strong></span> <span class='ocrx_word' id='word_1_152' title='bbox 2253 2457 2608 2525; x_wconf 82' lang='lat' dir='ltr'><strong>retinendae</strong></span> <span class='ocrx_word' id='word_1_153' title='bbox 2638 2456 2836 2543; x_wconf 89' lang='lat' dir='ltr'><strong>hujus</strong></span> 
     </span>
     <span class='ocr_line' id='line_1_20' title="bbox 595 2571 2833 2657; baseline 0 -19"><span class='ocrx_word' id='word_1_154' title='bbox 595 2571 1079 2639; x_wconf 84' lang='lat' dir='ltr'><strong>consuetudinis</strong></span> <span class='ocrx_word' id='word_1_155' title='bbox 1104 2571 1307 2638; x_wconf 88' lang='lat' dir='ltr'><strong>Sedes</strong></span> <span class='ocrx_word' id='word_1_156' title='bbox 1329 2572 1697 2655; x_wconf 83' lang='lat' dir='ltr'><strong>Apostolica</strong></span> <span class='ocrx_word' id='word_1_157' title='bbox 1723 2572 1996 2640; x_wconf 88' lang='lat' dir='ltr'><strong>faceret.</strong></span> <span class='ocrx_word' id='word_1_158' title='bbox 2026 2573 2168 2653; x_wconf 87' lang='lat' dir='ltr'><strong>Qua</strong></span> <span class='ocrx_word' id='word_1_159' title='bbox 2195 2575 2468 2653; x_wconf 89' lang='lat' dir='ltr'><strong>ratione,</strong></span> <span class='ocrx_word' id='word_1_160' title='bbox 2502 2581 2573 2639; x_wconf 91' lang='lat' dir='ltr'><strong>et</strong></span> <span class='ocrx_word' id='word_1_161' title='bbox 2600 2575 2833 2657; x_wconf 87' lang='lat' dir='ltr'><strong>pietati</strong></span> 
     </span>
     <span class='ocr_line' id='line_1_21' title="bbox 597 2685 2827 2774; baseline 0 -20"><span class='ocrx_word' id='word_1_162' title='bbox 597 2686 907 2766; x_wconf 85' lang='lat' dir='ltr'><strong>fidelium,</strong></span> <span class='ocrx_word' id='word_1_163' title='bbox 950 2687 1099 2752; x_wconf 86' lang='lat' dir='ltr'><strong>huic</strong></span> <span class='ocrx_word' id='word_1_164' title='bbox 1121 2688 1306 2771; x_wconf 77' lang='lat' dir='ltr'><strong>praxi</strong></span> <span class='ocrx_word' id='word_1_165' title='bbox 1328 2687 1396 2751; x_wconf 92' lang='lat' dir='ltr'><strong>in</strong></span> <span class='ocrx_word' id='word_1_166' title='bbox 1420 2687 1627 2753; x_wconf 88' lang='lat' dir='ltr'><strong>Gallia</strong></span> <span class='ocrx_word' id='word_1_167' title='bbox 1657 2685 1846 2753; x_wconf 86' lang='lat' dir='ltr'><strong>valde</strong></span> <span class='ocrx_word' id='word_1_168' title='bbox 1871 2687 2306 2767; x_wconf 86' lang='lat' dir='ltr'><strong>addictorum,</strong></span> <span class='ocrx_word' id='word_1_169' title='bbox 2336 2688 2827 2774; x_wconf 86' lang='lat' dir='ltr'><strong>consuleretnr;</strong></span> 
     </span>
     <span class='ocr_line' id='line_1_22' title="bbox 597 2800 2832 2884; baseline 0.001 -15"><span class='ocrx_word' id='word_1_170' title='bbox 597 2812 666 2869; x_wconf 88' lang='lat' dir='ltr'><strong>et</strong></span> <span class='ocrx_word' id='word_1_171' title='bbox 701 2803 892 2868; x_wconf 91' lang='lat' dir='ltr'><strong>simul</strong></span> <span class='ocrx_word' id='word_1_172' title='bbox 920 2802 1421 2869; x_wconf 86' lang='lat' dir='ltr'><strong>subtraheretur</strong></span> <span class='ocrx_word' id='word_1_173' title='bbox 1446 2804 1702 2869; x_wconf 87' lang='lat' dir='ltr'><strong>occasio</strong></span> <span class='ocrx_word' id='word_1_174' title='bbox 1731 2800 2100 2884; x_wconf 86' lang='lat' dir='ltr'><strong>dubitandi,</strong></span> <span class='ocrx_word' id='word_1_175' title='bbox 2138 2823 2294 2870; x_wconf 91' lang='lat' dir='ltr'><strong>num</strong></span> <span class='ocrx_word' id='word_1_176' title='bbox 2323 2803 2497 2871; x_wconf 87' lang='lat' dir='ltr'><strong>forte</strong></span> <span class='ocrx_word' id='word_1_177' title='bbox 2537 2804 2832 2871; x_wconf 85' lang='lat' dir='ltr'><strong>indebite</strong></span> 
     </span>
     <span class='ocr_line' id='line_1_23' title="bbox 599 2917 2835 3004; baseline 0.001 -20"><span class='ocrx_word' id='word_1_178' title='bbox 599 2925 825 2985; x_wconf 88' lang='lat' dir='ltr'><strong>contra</strong></span> <span class='ocrx_word' id='word_1_179' title='bbox 861 2918 1249 2983; x_wconf 89' lang='lat' dir='ltr'><strong>certissimas</strong></span> <span class='ocrx_word' id='word_1_180' title='bbox 1288 2917 1495 2983; x_wconf 83' lang='lat' dir='ltr'><strong>Sacrae</strong></span> <span class='ocrx_word' id='word_1_181' title='bbox 1533 2918 2062 3002; x_wconf 79' lang='lat' dir='ltr'><strong>congregationis</strong></span> <span class='ocrx_word' id='word_1_182' title='bbox 2100 2919 2368 2985; x_wconf 88' lang='lat' dir='ltr'><strong>Rituum</strong></span> <span class='ocrx_word' id='word_1_183' title='bbox 2409 2921 2835 3004; x_wconf 76' lang='lat' dir='ltr'><strong>praescriptio-</strong></span> 
     </span>
     <span class='ocr_line' id='line_1_24' title="bbox 596 3033 2832 3120; baseline -0.001 -20"><span class='ocrx_word' id='word_1_184' title='bbox 596 3053 712 3101; x_wconf 91' lang='lat' dir='ltr'><strong>nes</strong></span> <span class='ocrx_word' id='word_1_185' title='bbox 738 3055 815 3100; x_wconf 87' lang='lat' dir='ltr'><strong>ea</strong></span> <span class='ocrx_word' id='word_1_186' title='bbox 842 3034 1059 3119; x_wconf 80' lang='lat' dir='ltr'><strong>praxis</strong></span> <span class='ocrx_word' id='word_1_187' title='bbox 1083 3042 1463 3117; x_wconf 87' lang='lat' dir='ltr'><strong>usurpetur.</strong></span> <span class='ocrx_word' id='word_1_188' title='bbox 1491 3033 1827 3118; x_wconf 87' lang='lat' dir='ltr'><strong>Quidquid</strong></span> <span class='ocrx_word' id='word_1_189' title='bbox 1846 3035 2018 3100; x_wconf 91' lang='lat' dir='ltr'><strong>enim</strong></span> <span class='ocrx_word' id='word_1_190' title='bbox 2043 3033 2378 3101; x_wconf 90' lang='lat' dir='ltr'><strong>deducere</strong></span> <span class='ocrx_word' id='word_1_191' title='bbox 2406 3036 2688 3113; x_wconf 80' lang='lat' dir='ltr'><strong>valeant,</strong></span> <span class='ocrx_word' id='word_1_192' title='bbox 2718 3036 2832 3120; x_wconf 85' lang='lat' dir='ltr'><strong>qni</strong></span> 
     </span>
     <span class='ocr_line' id='line_1_25' title="bbox 592 3147 2834 3236; baseline -0.001 -20"><span class='ocrx_word' id='word_1_193' title='bbox 592 3150 879 3236; x_wconf 84' lang='lat' dir='ltr'><strong>legitime</strong></span> <span class='ocrx_word' id='word_1_194' title='bbox 910 3150 1356 3233; x_wconf 82' lang='lat' dir='ltr'><strong>proescriptam</strong></span> <span class='ocrx_word' id='word_1_195' title='bbox 1385 3147 1927 3215; x_wconf 88' lang='lat' dir='ltr'><strong>consuetudinem</strong></span> <span class='ocrx_word' id='word_1_196' title='bbox 1964 3149 2142 3217; x_wconf 88' lang='lat' dir='ltr'><strong>illam</strong></span> <span class='ocrx_word' id='word_1_197' title='bbox 2166 3149 2596 3229; x_wconf 89' lang='lat' dir='ltr'><strong>contendunt,</strong></span> <span class='ocrx_word' id='word_1_198' title='bbox 2637 3168 2834 3234; x_wconf 85' lang='lat' dir='ltr'><strong>quan·</strong></span> 
     </span>
     <span class='ocr_line' id='line_1_26' title="bbox 595 3261 2834 3352; baseline -0.001 -20"><span class='ocrx_word' id='word_1_199' title='bbox 595 3267 712 3333; x_wconf 88' lang='lat' dir='ltr'><strong>diu</strong></span> <span class='ocrx_word' id='word_1_200' title='bbox 736 3267 950 3352; x_wconf 88' lang='lat' dir='ltr'><strong>aliqua</strong></span> <span class='ocrx_word' id='word_1_201' title='bbox 979 3263 1224 3332; x_wconf 86' lang='lat' dir='ltr'><strong>decisio</strong></span> <span class='ocrx_word' id='word_1_202' title='bbox 1258 3263 1329 3329; x_wconf 92' lang='lat' dir='ltr'><strong>id</strong></span> <span class='ocrx_word' id='word_1_203' title='bbox 1357 3265 1564 3350; x_wconf 90' lang='lat' dir='ltr'><strong>ipsum</strong></span> <span class='ocrx_word' id='word_1_204' title='bbox 1614 3261 1879 3331; x_wconf 83' lang='lat' dir='ltr'><strong>firmans</strong></span> <span class='ocrx_word' id='word_1_205' title='bbox 1904 3284 2035 3331; x_wconf 88' lang='lat' dir='ltr'><strong>non</strong></span> <span class='ocrx_word' id='word_1_206' title='bbox 2069 3267 2526 3345; x_wconf 84' lang='lat' dir='ltr'><strong>intervenerit,</strong></span> <span class='ocrx_word' id='word_1_207' title='bbox 2564 3284 2693 3331; x_wconf 89' lang='lat' dir='ltr'><strong>non</strong></span> <span class='ocrx_word' id='word_1_208' title='bbox 2724 3267 2834 3330; x_wconf 86' lang='lat' dir='ltr'><strong>im·</strong></span> 
     </span>
     <span class='ocr_line' id='line_1_27' title="bbox 597 3379 2334 3468; baseline -0.003 -19"><span class='ocrx_word' id='word_1_209' title='bbox 597 3383 870 3468; x_wconf 86' lang='lat' dir='ltr'><strong>pedient</strong></span> <span class='ocrx_word' id='word_1_210' title='bbox 898 3381 1054 3467; x_wconf 90' lang='lat' dir='ltr'><strong>quin</strong></span> <span class='ocrx_word' id='word_1_211' title='bbox 1077 3400 1184 3446; x_wconf 87' lang='lat' dir='ltr'><strong>res</strong></span> <span class='ocrx_word' id='word_1_212' title='bbox 1207 3379 1633 3466; x_wconf 86' lang='lat' dir='ltr'><strong>disputationi</strong></span> <span class='ocrx_word' id='word_1_213' title='bbox 1661 3380 1937 3447; x_wconf 83' lang='lat' dir='ltr'><strong>obnoxia</strong></span> <span class='ocrx_word' id='word_1_214' title='bbox 1979 3389 2334 3448; x_wconf 90' lang='lat' dir='ltr'><strong>remaneat.</strong></span> 
     </span>
    </p>

    <p class='ocr_par' dir='ltr' id='par_1_5' title="bbox 594 3495 2836 4041">
     <span class='ocr_line' id='line_1_28' title="bbox 684 3495 2828 3579; baseline 0.001 -16"><span class='ocrx_word' id='word_1_215' title='bbox 684 3500 751 3563; x_wconf 79' lang='lat'><strong>4.</strong></span> <span class='ocrx_word' id='word_1_216' title='bbox 788 3499 1074 3563; x_wconf 90' lang='lat' dir='ltr'><strong>Decreto</strong></span> <span class='ocrx_word' id='word_1_217' title='bbox 1098 3496 1306 3561; x_wconf 83' lang='lat' dir='ltr'><strong>Sacrae</strong></span> <span class='ocrx_word' id='word_1_218' title='bbox 1336 3496 1862 3579; x_wconf 79' lang='lat' dir='ltr'><strong>congregationis</strong></span> <span class='ocrx_word' id='word_1_219' title='bbox 1899 3496 2166 3562; x_wconf 89' lang='lat' dir='ltr'><strong>Concilii</strong></span> <span class='ocrx_word' id='word_1_220' title='bbox 2195 3498 2275 3561; x_wconf 78' lang='lat'><strong>12</strong></span> <span class='ocrx_word' id='word_1_221' title='bbox 2299 3495 2595 3563; x_wconf 85' lang='lat' dir='ltr'><strong>februari</strong></span> <span class='ocrx_word' id='word_1_222' title='bbox 2631 3498 2828 3575; x_wconf 84' lang='lat'><strong>1679,</strong></span> 
     </span>
     <span class='ocr_line' id='line_1_29' title="bbox 594 3611 2836 3700; baseline -0.001 -21"><span class='ocrx_word' id='word_1_223' title='bbox 594 3613 957 3700; x_wconf 83' lang='lat' dir='ltr'><strong>approbato</strong></span> <span class='ocrx_word' id='word_1_224' title='bbox 983 3611 1067 3677; x_wconf 82' lang='lat' dir='ltr'><strong>ab</strong></span> <span class='ocrx_word' id='word_1_225' title='bbox 1106 3612 1485 3677; x_wconf 84' lang='lat' dir='ltr'><strong>Innocentio</strong></span> <span class='ocrx_word' id='word_1_226' title='bbox 1527 3611 1637 3689; x_wconf 84' lang='lat' dir='ltr'><strong>XI,</strong></span> <span class='ocrx_word' id='word_1_227' title='bbox 1675 3618 1951 3676; x_wconf 81' lang='lat' dir='ltr'><strong>cavetur</strong></span> <span class='ocrx_word' id='word_1_228' title='bbox 1985 3630 2072 3676; x_wconf 90' lang='lat' dir='ltr'><strong>ne</strong></span> <span class='ocrx_word' id='word_1_229' title='bbox 2106 3613 2626 3679; x_wconf 88' lang='lat' dir='ltr'><strong>communionem</strong></span> <span class='ocrx_word' id='word_1_230' title='bbox 2668 3615 2836 3677; x_wconf 89' lang='lat' dir='ltr'><strong>reci·</strong></span> 
     </span>
     <span class='ocr_line' id='line_1_30' title="bbox 595 3725 2836 3815; baseline -0.001 -21"><span class='ocrx_word' id='word_1_231' title='bbox 595 3727 927 3815; x_wconf 88' lang='lat' dir='ltr'><strong>pientibus</strong></span> <span class='ocrx_word' id='word_1_232' title='bbox 949 3725 1296 3793; x_wconf 87' lang='lat' dir='ltr'><strong>tradantur</strong></span> <span class='ocrx_word' id='word_1_233' title='bbox 1335 3725 1561 3808; x_wconf 89' lang='lat' dir='ltr'><strong>plures</strong></span> <span class='ocrx_word' id='word_1_234' title='bbox 1582 3725 1914 3809; x_wconf 64' lang='lat' dir='ltr'><strong>particulae</strong></span> <span class='ocrx_word' id='word_1_235' title='bbox 1945 3734 2362 3805; x_wconf 72' lang='lat' dir='ltr'><strong>consecratae,</strong></span> <span class='ocrx_word' id='word_1_236' title='bbox 2402 3745 2616 3812; x_wconf 89' lang='lat' dir='ltr'><strong>neque</strong></span> <span class='ocrx_word' id='word_1_237' title='bbox 2644 3746 2836 3810; x_wconf 80' lang='lat' dir='ltr'><strong>gran-</strong></span> 
     </span>
     <span class='ocr_line' id='line_1_31' title="bbox 598 3839 2835 3927; baseline -0.003 -15"><span class='ocrx_word' id='word_1_238' title='bbox 598 3845 837 3923; x_wconf 89' lang='lat' dir='ltr'><strong>diores,</strong></span> <span class='ocrx_word' id='word_1_239' title='bbox 873 3840 996 3910; x_wconf 89' lang='lat' dir='ltr'><strong>sed</strong></span> <span class='ocrx_word' id='word_1_240' title='bbox 1037 3848 1390 3909; x_wconf 65' lang='lat' dir='ltr'><strong>consuetas.</strong></span> <span class='ocrx_word' id='word_1_241' title='bbox 1443 3839 1632 3927; x_wconf 86' lang='lat' dir='ltr'><strong>(Vide</strong></span> <span class='ocrx_word' id='word_1_242' title='bbox 1682 3840 1957 3920; x_wconf 88' lang='lat' dir='ltr'><strong>Giraldi,</strong></span> <span class='ocrx_word' id='word_1_243' title='bbox 1993 3845 2429 3907; x_wconf 74' lang='lat' dir='ltr'><strong>Additamento</strong></span> <span class='ocrx_word' id='word_1_244' title='bbox 2474 3846 2560 3907; x_wconf 82' lang='lat' dir='ltr'><strong>ad</strong></span> <span class='ocrx_word' id='word_1_245' title='bbox 2604 3846 2835 3908; x_wconf 79' lang='lat' dir='ltr'><strong>Barbo-</strong></span> 
     </span>
     <span class='ocr_line' id='line_1_32' title="bbox 597 3955 1805 4041; baseline -0.005 -14"><span class='ocrx_word' id='word_1_246' title='bbox 597 3982 750 4040; x_wconf 80' lang='lat' dir='ltr'><strong>sam,</strong></span> <span class='ocrx_word' id='word_1_247' title='bbox 790 3963 867 4025; x_wconf 76' lang='lat' dir='ltr'><strong>de</strong></span> <span class='ocrx_word' id='word_1_248' title='bbox 897 3960 1201 4036; x_wconf 79' lang='lat' dir='ltr'><strong>Parocho,</strong></span> <span class='ocrx_word' id='word_1_249' title='bbox 1235 3975 1381 4041; x_wconf 88' lang='lat' dir='ltr'><strong>cap.</strong></span> <span class='ocrx_word' id='word_1_250' title='bbox 1425 3960 1532 4037; x_wconf 80' lang='lat'><strong>20,</strong></span> <span class='ocrx_word' id='word_1_251' title='bbox 1567 3977 1636 4023; x_wconf 91' lang='lat' dir='ltr'><strong>n.</strong></span> <span class='ocrx_word' id='word_1_252' title='bbox 1673 3955 1805 4040; x_wconf 77' lang='lat'><strong>15.)</strong></span> 
     </span>
    </p>

    <p class='ocr_par' dir='ltr' id='par_1_6' title="bbox 596 4070 2836 4393">
     <span class='ocr_line' id='line_1_33' title="bbox 688 4070 2835 4158; baseline -0 -18"><span class='ocrx_word' id='word_1_253' title='bbox 688 4081 751 4141; x_wconf 83' lang='lat'><strong>5.</strong></span> <span class='ocrx_word' id='word_1_254' title='bbox 790 4077 867 4141; x_wconf 91' lang='lat' dir='ltr'><strong>In</strong></span> <span class='ocrx_word' id='word_1_255' title='bbox 892 4072 999 4140; x_wconf 90' lang='lat' dir='ltr'><strong>die</strong></span> <span class='ocrx_word' id='word_1_256' title='bbox 1029 4091 1412 4158; x_wconf 81' lang='lat' dir='ltr'><strong>parasceves</strong></span> <span class='ocrx_word' id='word_1_257' title='bbox 1454 4070 1906 4139; x_wconf 83' lang='lat' dir='ltr'><strong>distribuenda</strong></span> <span class='ocrx_word' id='word_1_258' title='bbox 1954 4091 2086 4138; x_wconf 88' lang='lat' dir='ltr'><strong>non</strong></span> <span class='ocrx_word' id='word_1_259' title='bbox 2126 4080 2229 4138; x_wconf 90' lang='lat' dir='ltr'><strong>est</strong></span> <span class='ocrx_word' id='word_1_260' title='bbox 2274 4071 2679 4139; x_wconf 83' lang='lat' dir='ltr'><strong>Eucharistia</strong></span> <span class='ocrx_word' id='word_1_261' title='bbox 2716 4075 2835 4139; x_wconf 84' lang='lat' dir='ltr'><strong>nisi</strong></span> 
     </span>
     <span class='ocr_line' id='line_1_34' title="bbox 596 4186 2836 4271; baseline -0.003 -13"><span class='ocrx_word' id='word_1_262' title='bbox 596 4191 889 4268; x_wconf 83' lang='lat' dir='ltr'><strong>infirmis,</strong></span> <span class='ocrx_word' id='word_1_263' title='bbox 930 4196 1007 4255; x_wconf 89' lang='lat' dir='ltr'><strong>ut</strong></span> <span class='ocrx_word' id='word_1_264' title='bbox 1033 4189 1285 4254; x_wconf 86' lang='lat' dir='ltr'><strong>censuit</strong></span> <span class='ocrx_word' id='word_1_265' title='bbox 1327 4188 1520 4255; x_wconf 82' lang='lat' dir='ltr'><strong>Sacra</strong></span> <span class='ocrx_word' id='word_1_266' title='bbox 1565 4188 1834 4255; x_wconf 86' lang='lat' dir='ltr'><strong>Rituum</strong></span> <span class='ocrx_word' id='word_1_267' title='bbox 1879 4188 2309 4271; x_wconf 81' lang='lat' dir='ltr'><strong>congregatio</strong></span> <span class='ocrx_word' id='word_1_268' title='bbox 2337 4186 2461 4254; x_wconf 87' lang='lat' dir='ltr'><strong>snb</strong></span> <span class='ocrx_word' id='word_1_269' title='bbox 2488 4186 2598 4254; x_wconf 90' lang='lat' dir='ltr'><strong>die</strong></span> <span class='ocrx_word' id='word_1_270' title='bbox 2630 4190 2714 4253; x_wconf 71' lang='lat'><strong>10</strong></span> <span class='ocrx_word' id='word_1_271' title='bbox 2748 4188 2836 4252; x_wconf 78' lang='lat' dir='ltr'><strong>fe-</strong></span> 
     </span>
     <span class='ocr_line' id='line_1_35' title="bbox 596 4307 1641 4393; baseline -0.005 -13"><span class='ocrx_word' id='word_1_272' title='bbox 596 4312 844 4381; x_wconf 89' lang='lat' dir='ltr'><strong>bruarii</strong></span> <span class='ocrx_word' id='word_1_273' title='bbox 882 4311 1075 4375; x_wconf 74' lang='lat'><strong>1622.</strong></span> <span class='ocrx_word' id='word_1_274' title='bbox 1113 4307 1407 4393; x_wconf 84' lang='lat' dir='ltr'><strong>(Giraldi,</strong></span> <span class='ocrx_word' id='word_1_275' title='bbox 1449 4308 1641 4393; x_wconf 89' lang='lat' dir='ltr'><strong>ibid.)</strong></span> 
     </span>
    </p>

    <p class='ocr_par' dir='ltr' id='par_1_7' title="bbox 645 4420 2831 4511">
     <span class='ocr_line' id='line_1_36' title="bbox 645 4420 2831 4511; baseline -0 -18"><span class='ocrx_word' id='word_1_276' title='bbox 645 4482 656 4493; x_wconf 95' lang='lat'><strong>.</strong></span> <span class='ocrx_word' id='word_1_277' title='bbox 685 4431 758 4493; x_wconf 81' lang='lat'><strong>6⁰</strong></span> <span class='ocrx_word' id='word_1_278' title='bbox 783 4425 1022 4511; x_wconf 86' lang='lat' dir='ltr'><strong>Nequit</strong></span> <span class='ocrx_word' id='word_1_279' title='bbox 1051 4423 1397 4507; x_wconf 87' lang='lat' dir='ltr'><strong>parochus,</strong></span> <span class='ocrx_word' id='word_1_280' title='bbox 1424 4426 1945 4492; x_wconf 87' lang='lat' dir='ltr'><strong>communionem</strong></span> <span class='ocrx_word' id='word_1_281' title='bbox 1974 4425 2304 4510; x_wconf 84' lang='lat' dir='ltr'><strong>denegare</strong></span> <span class='ocrx_word' id='word_1_282' title='bbox 2334 4420 2576 4510; x_wconf 85' lang='lat' dir='ltr'><strong>pneris,</strong></span> <span class='ocrx_word' id='word_1_283' title='bbox 2600 4424 2715 4511; x_wconf 84' lang='lat' dir='ltr'><strong>qui</strong></span> <span class='ocrx_word' id='word_1_284' title='bbox 2741 4424 2831 4492; x_wconf 90' lang='lat' dir='ltr'><strong>ad</strong></span> 
     </span>
    </p>
   </div>
  </div>
 </body>
</html>
