3146 4973
556 344 578 404 1
602 343 676 405 14
1219 360 1596 410 mcum
1653 360 1743 409 m:
1788 360 2115 411 rmocno.

549 502 582 540 α
611 486 932 564 tempore·
953 498 1219 565 operam
1269 482 1578 562 navabat,
1629 490 1829 567 prout
1875 484 2195 569 Episcopo
2242 481 2560 567 expedire
2595 483 2776 552 vide·

547 612 581 654 <t
614 590 829 658 batur.
863 592 929 658 Si
965 594 1076 678 qui
1099 593 1476 678 baptizandi
1501 604 1739 675 essent,
1775 596 1830 662 si
1859 595 1943 662 ad
1971 596 2235 681 Agapen
2261 594 2774 663 conveniendum

546 728 582 768 cr
612 716 776 789 erat,
804 710 857 775 si
878 709 1057 795 quod
1076 710 1254 777 aliud
1277 712 1658 779 obeundum
1687 714 2141 792 ministerium,
2177 734 2215 780 e
2239 712 2778 799 presbyterorum

543 845 575 885 «
613 830 790 889 coetu
843 824 1239 891 evocabatur
1283 826 1366 891 ab
1418 828 1736 913 Episcopo
1800 830 1913 913 qni
1964 827 2327 911 baptizaret
2344 876 2361 906 ,
2415 830 2528 913 qni
2580 827 2781 912 Agapi

545 965 573 995 «
613 938 1019 1022 praesideret,
1054 941 1165 1026 qui
1191 944 1643 1026 praescriptum
1693 942 1968 1009 officium
2012 945 2335 1029 expleret.
2386 946 2463 1009 In
2490 944 2610 1010 hac
2651 943 2786 1011 hie·

540 1078 575 1119 c<
609 1056 879 1122 rarchiae
936 1056 1376 1142 descriptione
1398 1106 1414 1138 ,
1474 1078 1617 1145 quae
1672 1060 2126 1144 probatissimo
2176 1069 2345 1128 teste
2386 1062 2640 1146 Ignatio
2699 1061 2784 1127 ab

540 1194 575 1235 a
603 1171 1058 1256 Apostolorum
1097 1180 1289 1240 aetate
1324 1175 1629 1259 pluribus
1677 1183 1858 1241 certe
1894 1177 1962 1240 in
2003 1176 2292 1242 ecclesiis
2326 1178 2560 1261 viguit,
2592 1177 2787 1242 multi

539 1311 573 1349 «
607 1287 873 1373 quidem
917 1289 1295 1374 presbyteri
1324 1288 1524 1357 fuisse
1565 1290 2020 1375 perhibentur,
2059 1291 2279 1357 nullus
2323 1292 2434 1377 qui
2462 1291 2785 1375 peculiari

538 1405 892 1487 «portioni
944 1406 1159 1489 gregis
1216 1405 1521 1490 regendae
1569 1406 1871 1473 addictus
1927 1414 2099 1472 esset
2119 1456 2135 1484 ‚
2198 1406 2416 1472 nullus
2450 1406 2625 1473 adeo
2675 1408 2788 1492 qui

538 1540 573 1580 <e
607 1519 931 1603 parochus
977 1521 1245 1604 proprie
1312 1518 1442 1585 dici
1485 1527 1743 1605 posset3
1803 1540 1952 1586 cum
2000 1522 2218 1605 potius
2273 1522 2363 1587 ita
2420 1524 2791 1606 comparati

535 1653 572 1697 α
603 1642 843 1712 essent,
878 1643 955 1701 ut
985 1652 1107 1718 per
1133 1635 1504 1701 universam
1536 1634 1891 1713 Ecclesiam
1924 1637 2030 1701 cui
2052 1635 2365 1720 adscripti
2390 1644 2608 1716 erant,
2640 1654 2788 1722 quoe

537 1754 576 1813 ω’
604 1751 1035 1834 parochorum
1065 1756 1218 1816 sunt
1241 1751 1487 1827 munia,
1522 1769 1745 1816 omnes
1766 1750 2327 1818 indiscriminatim
2353 1771 2426 1817 ac
2450 1770 2581 1836 per
2605 1754 2793 1819 vices

538 1889 576 1929 r«-
604 1867 886 1945 obirent,
929 1875 1128 1951 prout
1159 1867 1282 1933 hoc
1317 1866 1426 1932 vel
1458 1866 1573 1931 illo
1598 1865 1765 1946 loco,
1810 1865 1935 1932 hoc
1970 1866 2078 1932 vel
2112 1866 2277 1932 illud
2321 1886 2563 1934 munus
2599 1867 2791 1934 obire

543 2004 577 2045 «
606 1982 767 2066 jussi
792 1988 982 2048 erant
1020 1982 1101 2048 ab
1132 1982 1476 2067 Episcopo.

628 2120 661 2159 «
698 2098 842 2179 Quo
874 2103 1057 2181 patet
1084 2116 1275 2182 quam
1306 2097 1611 2180 imperite
1643 2097 1929 2180 primum
1953 2094 2205 2163 dictum
2236 2098 2341 2175 sit,
2372 2115 2501 2181 per
2522 2107 2791 2185 septem

536 2237 569 2276 c<
606 2220 837 2280 octove
872 2215 1092 2297 priora
1123 2212 1360 2277 saecula
1410 2230 1541 2276 non
1587 2211 1744 2275 alios
1781 2211 2159 2278 hierarchias
2208 2222 2550 2296 compotes
2584 2214 2796 2281 fuisse

532 2345 572 2393 ι(
603 2337 1038 2416 praeterquam
1081 2328 1348 2410 Papam,
1398 2327 1751 2410 Episcopos
1781 2326 1863 2393 'et
1890 2327 2231 2411 parochos,
2268 2328 2564 2412 ipsismet
2596 2348 2782 2414 prae-

536 2469 574 2508 «
601 2446 812 2511 teritis
845 2443 1153 2522 diaconis,
1192 2461 1357 2528 quos
1379 2442 1829 2510 Deimaudato
1855 2445 1923 2508 in
1953 2462 2031 2510 ea
2060 2442 2257 2510 fuisse
2287 2443 2538 2511 diserte
2571 2444 2793 2512 tradit

534 2585 568 2624 «ι
600 2562 922 2646 Ignatius3
959 2579 1154 2646 quam
1181 2560 1548 2626 inconsulto
1587 2559 1741 2625 dein
1763 2558 2205 2644 subjunctum,
2243 2561 2500 2626 nonnisi
2532 2569 2799 2645 praeter

538 2701 574 2742 α
611 2678 717 2764 jus
736 2678 987 2763 fasque,
1022 2696 1144 2741 nec
1166 2676 1302 2741 sine
1327 2677 1590 2741 immani
1617 2676 1921 2742 Ecclesioe
1950 2674 2281 2743 dedecore
2311 2678 2621 2743 invectos
2647 2697 2802 2744 esse

538 2815 574 2856 «
607 2795 674 2859 in
692 2792 1120 2859 hierarchiam
1143 2790 1277 2875 qui,
1310 2791 1578 2856 tametsi
1608 2788 1961 2856 sacerdotii
1991 2790 2239 2858 honore
2262 2791 2576 2877 insigniti,
2610 2794 2804 2858 nulla

539 2934 574 2974 a
611 2911 862 2994 pollent
916 2910 1231 2994 peculiari
1288 2908 1685 2992 praefectura
1750 2909 1817 2972 in
1870 2909 2241 2974 Ecclesia...
2314 2909 2459 2974 Non
2520 2908 2806 2993 ignorat

535 3047 570 3089 c<
601 3024 959 3109 amplitudo
1022 3032 1167 3102 tua,
1227 3043 1422 3109 quam
1488 3023 1694 3088 multa
1748 3030 2070 3107 praeterea
2123 3022 2360 3108 synodi
2410 3031 2483 3089 et
2550 3024 2808 3091 Patres

543 3163 577 3205 «
613 3148 1028 3207 monumenta
1062 3142 1130 3205 in
1163 3158 1312 3206 eam
1339 3158 1482 3205 rem
1515 3136 1980 3223 suppeditent;
2032 3159 2115 3205 ex
2152 3139 2389 3224 quibus
2423 3157 2675 3224 magna
2719 3160 2808 3206 ex

542 3281 578 3321 α
609 3265 796 3342 parte
816 3257 1089 3335 collatis,
1124 3256 1336 3322 clarus
1354 3255 1528 3320 inter
1550 3263 1807 3335 vestros
1837 3253 2180 3339 theologus
2204 3252 2598 3321 Lndovicus
2624 3254 2813 3321 Tho·

542 3397 577 3436 «
609 3374 920 3441 massinus
961 3373 1188 3460 (parte
1214 3375 1273 3450 1,
1310 3371 1428 3437 lib.
1465 3372 1528 3447 2,
1565 3388 1625 3434 c.
1664 3373 1772 3448 21,
1807 3389 1873 3434 n.
1912 3368 1976 3454 8)
2019 3370 2183 3440 hanc
2226 3369 2435 3435 veluti
2459 3387 2815 3438 summam

541 3498 576 3555 it
610 3491 852 3575 colligit
889 3512 904 3555 ε
939 3495 1170 3555 Primis
1217 3490 1349 3550 illis
1391 3490 1596 3550 initiis
1643 3488 1805 3549 solus
1830 3488 2010 3568 vulqo
2034 3489 2384 3569 baptizabat
2417 3489 2806 3568 Episcopus,

543 3629 577 3669 α
612 3610 774 3670 solus
819 3607 1119 3669 altaribus
1157 3608 1513 3685 paenitentes
1570 3604 2018 3680 reconciliabat,
2073 3606 2235 3666 solus
2279 3604 2579 3684 offerebat
2598 3652 2621 3683 ,
2679 3610 2817 3667 nisi

542 3743 576 3783 α
611 3741 781 3803 quem
815 3740 894 3783 ex
909 3721 1280 3802 presbyteris
1302 3737 1477 3781 suum
1506 3719 1892 3780 substitueret
1928 3723 1997 3782 in
2024 3720 2236 3797 locum,
2281 3726 2341 3782 et
2371 3722 2603 3799 offerre
2626 3722 2819 3801 jube·

540 3857 574 3898 α
613 3846 728 3902 ret.
778 3843 979 3919 Quare
1020 3843 1081 3900 et
1128 3841 1197 3899 in
1238 3839 1526 3898 maximis
1566 3834 1890 3914 quibusque
1923 3836 2171 3898 urbibus
2208 3853 2332 3897 una
2369 3840 2505 3896 erat
2550 3841 2817 3899 tantum

545 3977 579 4016 α
613 3957 888 4034 ecclesia;
936 3957 1073 4035 fons
1116 3972 1273 4016 unus
1314 3952 1716 4033 baptismalis.
1771 3973 1803 4010 n
1855 3949 2152 4036 (Gerdilii
2180 3969 2414 4035 opera,
2450 3955 2631 4015 tom.
2692 3955 2810 4031 15,

543 4089 689 4157 pag.
725 4071 878 4149 340,
914 4068 1075 4137 edit.
1111 4069 1330 4134 Romae
1365 4064 1592 4148 1809.)
