3146 4973
592 347 717 412 384
1273 358 1649 407 moruus
1695 359 1784 406 m:
1828 357 2153 407 rnocno.

590 487 701 569 qui
726 485 883 551 licet
904 484 1286 560 sustineant,
1317 489 1592 565 propter
1616 480 1982 563 simplicem
2002 479 2500 547 fornicationem
2523 499 2651 546 non
2676 499 2813 545 esse

589 619 626 664 a
645 598 794 683 jure
819 598 1261 681 praescriptam
1289 596 1754 680 privationem,
1788 599 2019 664 volunt
2046 605 2267 662 tamen
2294 615 2435 662 esse
2460 596 2527 659 in
2551 594 2818 661 arbitrio

585 713 825 798 judicis
852 713 1016 778 hanc
1040 730 1332 795 poenam,
1370 712 1425 776 si
1456 711 1761 789 voluerit,
1791 714 2149 797 imponere.
2189 712 2288 777 De
2321 711 2557 796 quibus
2595 709 2818 777 docto-

591 829 770 894 ribus
820 829 912 892 sic
959 828 1249 892 meminit
1297 827 1686 904 FarinaciuS‚
1730 829 1928 894 citato
1979 827 2148 903 loco,
2191 847 2255 891 n.
2302 831 2376 891 17
2430 849 2444 890 :
2500 850 2534 888 «
2571 828 2651 892 Et
2688 826 2819 891 haec

594 967 626 1003 a
666 943 790 1008 fuit
812 942 1029 1027 opinio
1049 942 1317 1008 Abbatis
1343 942 1431 1026 (in
1449 940 1699 1006 dictum
1723 949 1920 1026 caput
1944 947 2024 1006 At
2044 948 2101 1004 si
2120 945 2348 1020 clerici,
2377 961 2444 1005 ιι.
2474 944 2560 1007 35
2585 948 2653 1006 et
2678 959 2812 1025 seq.

595 1084 626 1122 (ι
662 1063 736 1123 de
754 1057 1063 1142 Iudiciis);
1087 1059 1202 1125 ubi
1217 1063 1364 1141 post
1382 1058 1587 1123 multa
1604 1058 1955 1135 concludit,
1970 1055 2169 1143 quod,
2192 1076 2338 1122 cum
2351 1056 2500 1140 jura
2519 1058 2822 1123 canonica

595 1199 628 1238 «
662 1178 836 1241 circa
886 1173 1200 1241 delictum
1251 1174 1694 1240 fornicationis
1729 1175 1911 1239 vario
1948 1173 2141 1240 modo
2194 1172 2543 1257 disponant
2562 1220 2579 1250 ,
2624 1191 2825 1257 quan-

596 1315 628 1352 «
665 1290 880 1376 doque
933 1287 1323 1374 apponendo
1376 1307 1633 1371 poenam
1696 1288 1999 1355 acerbam
2021 1337 2037 1366 ,
2099 1287 2491 1373 quandoque
2556 1289 2778 1354 mitem
2800 1337 2816 1365 ‚

597 1426 629 1464 «
665 1400 1057 1488 quandoque
1107 1402 1425 1465 mitiorem
1445 1448 1462 1477 ‚
1514 1408 1584 1465 et
1629 1399 2018 1485 quandoque
2067 1400 2348 1467 mediam
2385 1402 2552 1466 viam
2582 1401 2825 1483 ample-

597 1542 629 1579 «
667 1516 929 1593 ctendo,
963 1515 1115 1581 ideo
1140 1515 1468 1581 existimat
1499 1513 1567 1579 id
1600 1521 1815 1581 totum
1855 1517 2102 1581 remitti
2132 1516 2403 1581 arbitrio
2425 1514 2681 1601 judiciS,
2717 1516 2826 1599 qui

596 1656 629 1694 «
664 1629 1091 1699 consideratis
1137 1630 1639 1696 circumstantiis
1680 1639 1751 1696 et
1796 1631 2267 1697 consuetudine
2313 1633 2536 1715 patrioe
2558 1679 2574 1709 ‚
2626 1649 2826 1715 quan-

598 1772 631 1809 «
665 1748 881 1832 doque
930 1745 1308 1811 fornicatori
1354 1744 1595 1809 clerico
1627 1763 1885 1829 poenam
1933 1745 2382 1829 depositioniS‚
2435 1745 2824 1831 quandoque

599 1886 632 1925 α
668 1861 1122 1945 suspensioniS,
1163 1867 1232 1925 et
1267 1858 1661 1945 quandoque
1700 1861 2078 1943 privationis
2114 1859 2580 1927 beneficiorum
2623 1862 2825 1943 impo-

599 2002 632 2041 «
670 1987 803 2044 nat.
841 1977 972 2061 Ipsi
1017 1978 1187 2042 enim
1222 1973 1428 2060 judici
1466 1974 1733 2041 videtur
1769 1977 1837 2040 in
1878 1977 2000 2041 hoc
2037 1975 2190 2041 data
2234 1978 2413 2059 optio
2458 1997 2495 2042 a
2539 1976 2826 2060 jure„eo

600 2122 629 2155 a
665 2094 815 2179 quia
852 2093 1063 2158 varias
1092 2110 1346 2175 poenaS,
1396 2091 1737 2175 variosque
1769 2089 2173 2175 procedendi
2213 2091 2439 2157 modos
2471 2091 2693 2158 tradit.
2730 2092 2826 2156 Ita

600 2234 627 2267 e
668 2216 883 2275 tamen
905 2204 1084 2291 quod
1105 2223 1366 2288 semper
1389 2205 1454 2269 in
1478 2206 1604 2270 isto
1629 2203 1872 2271 delicto
1899 2204 2106 2290 judex
2127 2206 2396 2272 inclinet
2416 2207 2482 2271 in
2506 2208 2824 2272 mitiorem

599 2347 632 2384 α
669 2330 1002 2406 partem...
1040 2321 1123 2385 Et
1160 2319 1326 2384 hanc
1362 2318 1631 2386 Abbatis
1671 2321 2040 2404 opinionem
2084 2319 2247 2387 dixit
2292 2322 2493 2406 magis
2542 2340 2828 2387 commu-

601 2462 633 2503 «
667 2458 817 2505 nem
846 2439 1094 2504 Berous
1134 2435 1222 2522 (in
1261 2433 1513 2502 dictum
1537 2443 1737 2521 caput
1758 2441 1836 2503 At
1864 2444 1919 2501 si
1952 2441 2178 2518 clerici,
2220 2459 2286 2505 n.
2325 2437 2473 2524 165)
2514 2460 2529 2504 :
2568 2441 2826 2504 Mantua

599 2579 631 2617 «
672 2556 772 2641 (eo
802 2553 952 2631 loci,
990 2573 1057 2616 n.
1101 2549 1235 2633 58),
1270 2550 1383 2616 ubi
1420 2549 1736 2629 declarat,
1772 2551 2100 2636 quomodo
2145 2555 2210 2617 in
2245 2553 2625 2620 arbitrando
2663 2554 2826 2618 hanc

598 2693 631 2730 α
668 2686 924 2752 poenam
960 2664 1169 2750 judex
1201 2664 1735 2731 consuetudinem
1762 2666 1889 2732 loci
1924 2666 2270 2733 attendere
2316 2666 2558 2733 debeat
2595 2690 2608 2732 :
2640 2668 2828 2733 Anto-

600 2810 632 2846 «
668 2784 811 2848 nius
860 2784 1115 2864 Burgus
1146 2780 1234 2866 (in
1263 2781 1532 2863 repetit.
1573 2800 1637 2845 n.
1676 2779 1810 2865 93),
1846 2781 1961 2847 ubi
2002 2783 2373 2865 opinionem
2403 2781 2674 2847 Abbatis
2720 2781 2826 2847 de·

600 2923 631 2959 κ
670 2895 879 2963 fendit
902 2915 939 2960 a
961 2896 1302 2961 contrariis
1321 2896 1747 2979 argumentis.
1762 2945 1804 2960 ..
1842 2918 1855 2961 :
1887 2895 2047 2962 Diaz
2075 2898 2165 2984 (in
2185 2902 2467 2962 Praetica
2488 2900 2816 2976 criminali,

599 3037 631 3075 «
667 3033 726 3079 c.
772 3010 905 3095 78),
954 3010 1103 3087 uhi,
1143 3011 1283 3075 aliis
1327 3010 1581 3089 relatis,
1626 3018 1907 3077 testatur
1944 3011 2028 3079 de
2075 3013 2275 3096 magis
2318 3014 2645 3079 communi
2698 3013 2826 3097 opi-

601 3155 632 3194 «
669 3132 858 3197 uione
883 3152 897 3196 :
924 3137 993 3196 et
1019 3128 1112 3195 ibi
1132 3129 1425 3213 Ignatius
1448 3129 1690 3212 Lopez.
1707 3179 1722 3195 .
1736 3178 1750 3194 .
1765 3177 1781 3207 ,
1802 3137 1952 3215 post
1971 3131 2409 3207 Lambertum‚
2432 3133 2817 3209 Navarrum,

602 3271 633 3307 α
672 3245 1027 3322 Didacum,
1080 3244 1425 3311 Perezium
1447 3290 1462 3321 ,
1511 3251 1582 3309 et
1626 3244 1814 3323 alios,
1851 3244 1918 3308 in
1964 3245 2121 3310 locis
2174 3265 2296 3329 per
2348 3224 2498 3312 eum
2551 3247 2820 3312 relatis:

600 3387 632 3424 «
670 3361 1044 3428 Menochius
1076 3360 1173 3447 (de
1198 3362 1435 3424 Arbitr.
1455 3368 1695 3440 quaest„
1728 3360 1901 3427 libro
1932 3364 1996 3436 2,
2032 3380 2185 3427 casu
2215 3366 2370 3438 318,
2408 3383 2473 3426 n.
2502 3366 2540 3428 3
2574 3369 2642 3427 et
2675 3360 2764 3445 5).
2789 3384 2822 3422 n

683 3476 1020 3542 Praedictis
1045 3473 1420 3540 auctoribus
1447 3470 1738 3538 addendi
1761 3483 1914 3540 sunt
1936 3476 2044 3540 alii
2066 3477 2282 3555 multi,
2315 3478 2428 3561 qui
2458 3475 2829 3544 concedunt

594 3611 780 3677 posse
811 3589 1312 3657 fornicationem
1342 3605 1535 3671 poena
1565 3591 1949 3671 privationis
1979 3593 2215 3675 puniri,
2254 3592 2517 3677 quando
2545 3600 2647 3658 est
2671 3602 2830 3657 noto-

592 3713 713 3786 ria,
748 3709 843 3768 vel
883 3706 1262 3782 scandalon,
1288 3705 1383 3766 vel
1413 3707 1523 3767 diu
1555 3711 1932 3770 continuata.
1969 3708 2152 3773 Inter
2183 3726 2348 3792 quos
2395 3708 2487 3772 sic
2528 3715 2828 3774 tenentes

595 3825 894 3885 recenset
909 3816 1279 3884 Farinacius
1301 3816 1522 3903 (citato
1540 3818 1705 3896 loco,
1726 3823 1876 3885 n.2l
1891 3818 1939 3904 ),
1965 3820 2440 3900 Godefredum,
2462 3822 2823 3900 Aretinum,

594 3934 964 3999 Corsettum
994 3940 1061 3998 et
1090 3930 1272 3996 alios.

682 4048 864 4115 Inter
918 4047 1320 4114 recentiores
1381 4049 1746 4115 canonistas
1809 4048 2042 4116 thesim
2097 4050 2262 4117 hanc
2283 4098 2300 4129 ‚
2364 4050 2541 4138 quod
2592 4070 2826 4136 nempe

593 4167 793 4249 possit
826 4163 1101 4247 simplex
1131 4162 1471 4230 fornicatio
1507 4164 1885 4248 privationis
1919 4184 2111 4248 poena
2142 4167 2376 4250 plecti,
2415 4188 2497 4234 ex
2533 4168 2827 4251 professo

590 4279 894 4346 sustinuit
918 4275 1374 4362 Reiffenstue13
1407 4296 1603 4363 quem
1620 4326 1637 4359 ,
1675 4297 1797 4363 pro
1825 4281 1923 4347 rei
1950 4283 2301 4365 gravitate,
2336 4301 2458 4367 per
2484 4291 2827 4351 extensum

592 4398 819 4474 citare,
854 4413 983 4460 non
1014 4392 1282 4478 pigebit.
1319 4393 1417 4459 En
1445 4393 1644 4477 ipsius
1674 4394 1878 4462 verba
1915 4417 1932 4462 :
