3146 4973
551 360 675 423 172
1222 373 1599 423 'raso-runs
1642 374 1733 422 ns
1776 373 2104 424 rnocuo.

542 498 854 562 rochomm
892 502 1270 563 institutione
1291 500 1411 580 1092·
1431 506 1685 580 possunt
1718 502 1942 563 Petrus
1964 500 2246 564 Aurelius
2285 499 2543 584 (nempe
2570 498 2772 566 abbas

542 610 629 678 de
663 612 1086 698 saint-Cym
1116 612 1488 697 iansenismi
1516 611 1914 699 patriarcha)
1946 622 2007 679 et
2043 621 2234 679 varioe
2259 617 2581 696 facultates
2610 616 2774 679 theo-

544 729 767 809 loqiooe,
792 733 1182 808 Parisiensis,
1216 728 1945 813 eto...—Respondetur
1986 733 2051 795 1⁰
2085 732 2121 796 J
2126 730 2477 796 uveninum
2502 748 2645 797 esse
2665 750 2775 796 au·

542 849 788 908 ctorem
809 842 1210 922 damnatum,
1230 863 1306 910 ac
1329 843 1571 910 nullius
1585 843 1862 927 proinde
1877 846 2307 912 auctoritatis.
2328 847 2398 909 2⁰
2414 845 2773 930 Allegando

542 967 840 1025 sanctum
885 959 1188 1027 'rhomam
1240 961 1427 1047 quasi
1471 959 1810 1028 admiserit
1854 968 2116 1027 curatos
2162 980 2305 1028 esse
2358 962 2667 1047 praelatos
2705 972 2777 1030 et

546 1075 628 1140 72
653 1073 1124 1160 discipulorum
1155 1094 1588 1155 successoreS‚
1631 1074 1989 1160 dupliciter
2031 1077 2345 1143 mentitus
2386 1086 2490 1144 est
2516 1078 2555 1143 J
2559 1072 2779 1145 uveni-

543 1207 690 1255 nus.
730 1190 827 1255 En
852 1198 1110 1257 textum
1140 1190 1276 1258 divi
1308 1191 1570 1257 Thomae
1596 1210 1633 1256 a
1663 1192 1987 1260 Juvenino
2008 1189 2369 1258 indicatum
2399 1213 2414 1257 ε
2441 1197 2776 1273 Baptizare

542 1313 805 1389 pertinet
837 1310 921 1372 ad
946 1313 1207 1373 minores
1241 1314 1549 1389 principes
1587 1311 1888 1389 Ecclesiae,
1926 1311 1995 1373 id
2020 1316 2110 1372 est
2136 1311 2220 1373 ad
2245 1311 2641 1392 presbyteros,
2669 1316 2775 1392 qm·

546 1428 746 1486 tenent
779 1424 968 1485 locum
1007 1424 1088 1487 72
1125 1425 1554 1503 Apostolorum
1592 1424 1849 1503 Christi,
1884 1430 1955 1486 ut
1998 1425 2150 1488 dicit
2183 1424 2407 1505 ylossa,
2442 1428 2615 1488 Lucoe
2662 1426 2768 1488 10.

541 1536 788 1623 (Addit.
822 1537 911 1603 ad
945 1541 982 1604 3
1015 1545 1219 1622 part„
1254 1544 1486 1623 quoest.
1514 1540 1625 1620 26,
1653 1545 1781 1605 art.
1815 1536 2304 1623 1.)1hisanctus
2330 1539 2602 1607 Thomas
2631 1542 2778 1607 nul-

543 1652 802 1718 latenus
861 1651 1020 1718 dicit
1064 1653 1383 1737 parochos
1436 1673 1580 1720 esse
1625 1655 1930 1737 praelatos
1965 1676 1980 1720 z
2016 1674 2102 1721 en
2141 1655 2425 1739 primum
2473 1655 2776 1722 Juveuini

544 1764 951 1833 mendacium
964 1817 979 1833 .
1014 1768 1117 1835 Ibi
1146 1775 1409 1834 sanctus
1438 1768 1715 1834 Thomas
1747 1786 1879 1835 non
1925 1768 2085 1835 dicit
2111 1772 2422 1851 parochos,
2460 1768 2580 1836 sed
2615 1790 2776 1851 pres-

542 1886 776 1967 byteros
809 1882 1027 1949 locum
1051 1890 1284 1950 tenere
1318 1886 1399 1951 72
1424 1883 1892 1968 discipulorum
1925 1907 1940 1951 ε
1969 1905 2055 1952 en
2082 1884 2447 1952 secundum
2473 1887 2509 1951 J
2515 1886 2778 1952 uveniui

542 1996 974 2064 mendacium.
1023 2000 1162 2064 Imo
1191 2006 1453 2065 sanctus
1488 1999 1764 2066 Thomas
1800 1999 1922 2066 hoc
1957 1998 2197 2067 eodem
2230 2001 2524 2077 articulo,
2580 2020 2774 2086 quem

544 2131 742 2197 supra
770 2114 1127 2193 citavimus,
1160 2133 1466 2199 expresse
1500 2114 1659 2181 dicit
1706 2137 1720 2180 ε
1762 2119 1941 2181 Solus
1980 2120 2317 2197 Episcopus
2343 2122 2592 2197 proprie
2624 2136 2778 2197 proe-

543 2233 706 2294 latus
730 2233 991 2294 ecclesie
1024 2235 1338 2296 dicitur...
1371 2235 1728 2298 Sacerdotes
1761 2237 1866 2314 qui
1900 2234 2173 2313 plebibus
2203 2234 2624 2313 praeficiuntur
2656 2254 2777 2299 non

537 2352 678 2410 sunt
709 2349 1071 2426 simpliciter
1104 2349 1376 2428 pastali,
1440 2350 1547 2413 sed
1586 2353 1762 2429 quasi
1794 2350 2191 2431 coadjutores.

1409 2630 1680 2698 CAPUT
1723 2632 1897 2696 VIII.

543 2895 959 2944 PARocfflALE
1033 2896 1255 2946 Munus
1329 2896 1456 2945 NEC
1520 2897 1838 2959 TARQUAM
1897 2897 2226 2958 memus,
2286 2898 2412 2947 NEC
2454 2896 2771 2958 TARQUAM

1131 3013 1545 3065 PERSONATUS
1607 3014 1973 3063 mmmm
2034 3015 2174 3063 EST.

636 3280 929 3364 Dignitas
978 3287 1103 3360 est,
1157 3284 1560 3363 praecedentia
1595 3300 1727 3345 eum
1757 3283 2211 3366 jurisdictione,
2257 3283 2353 3345 vel
2393 3283 2607 3344 saltem
2639 3300 2771 3344 mem

541 3401 719 3464 titudo
751 3401 1078 3481 diynitatis
1106 3404 1387 3463 canonice
1413 3417 1702 3479 possesso.
1759 3397 2069 3464 Primitus
2116 3396 2366 3463 scilicet
2411 3394 2498 3461 ad
2530 3395 2772 3462 consti·

539 3513 855 3580 tuendam
894 3512 1276 3597 dignitatem
1313 3532 1441 3579 non
1472 3511 1831 3579 sufficiebat
1865 3510 1973 3597 jus
2016 3509 2281 3597 aliquod
2308 3515 2582 3577 caeteros
2609 3530 2773 3595 prae-

541 3629 849 3709 cedendi,
886 3628 1007 3696 sed
1048 3630 1510 3716 requirebatur
1559 3631 1830 3714 insuper
1871 3627 2150 3695 officium
2190 3635 2587 3712 perpetuum
2607 3676 2623 3707 ,
2658 3628 2772 3693 ali·

409 3816 435 3833 .
541 3764 735 3832 quam
780 3746 850 3810 in
896 3745 1042 3812 foro
1086 3754 1360 3813 externo
1404 3746 1529 3813 sibi
1567 3745 1815 3812 habens
1857 3745 2179 3831 alligatam
2231 3743 2766 3829 jurisdictionem.

542 3859 625 3925 Et
662 3857 786 3924 hoc
815 3876 1031 3936 sensu,
1077 3858 1150 3925 id
1184 3864 1307 3938 est,
1344 3877 1492 3925 cum
1524 3856 1896 3943 hujusmodi
1926 3856 2393 3942 jurisdictione,
2428 3854 2776 3940 dignitates

544 3973 698 4039 olim
743 3982 933 4040 erant
947 4022 964 4053 ‚
1018 3975 1207 4042 verbi
1259 3976 1462 4059 gratia
1480 4021 1497 4053 ‚
1541 3972 2041 4040 archidiaconus
2092 3980 2162 4038 et
2214 3970 2769 4055 archipresbyter.

543 4091 711 4157 Dein
750 4109 933 4169 vero,
984 4092 1323 4158 immutata
1376 4089 1736 4175 disciplina,
1777 4088 2298 4175 jurisdictionem
2344 4087 2471 4156 fori
2518 4088 2773 4153 externi

543 4207 902 4273 amiserunt
950 4206 1481 4292 archipresbyter
1521 4214 1593 4272 et
1630 4203 2143 4283 archidiaconus,
2204 4210 2467 4270 servato
2517 4206 2771 4267 tautum

547 4322 961 4409 praecedendi
977 4322 1163 4409 jure3
1189 4323 1602 4389 nihilominus
1620 4320 1966 4406 dignitates
1994 4326 2446 4387 remanserunt
2476 4327 2545 4386 et
2561 4329 2775 4384 rema·-

547 4448 728 4519 nent,
769 4439 922 4526 quia
950 4439 1078 4505 fuit
1112 4439 1240 4505 illis
1268 4460 1304 4505 a
1343 4440 1494 4523 lege
1540 4438 1983 4506 ecclesiastica
2015 4444 2314 4505 servatus
2364 4435 2472 4503 ille
2512 4433 2764 4510 titulus,
