3146 4973
650 355 773 419 444
1324 374 1700 422 mou-rus
1749 377 1835 423 nn
1881 375 2207 423 ΡΑιιοοΗο.

647 517 848 586 manoe
888 499 1041 567 olim
1085 499 1590 577 declaraverint,
1629 500 1715 565 ad
1756 498 2336 567 determinandum
2384 519 2686 586 quaenam
2747 503 2911 567 fun-

643 615 890 680 ctiones
924 614 1245 699 privative
1275 613 1361 680 ad
1393 613 1706 697 parochos
1736 617 2106 698 pertineant
2130 663 2145 694 ‚
2194 615 2498 681 standum
2548 619 2906 701 proecipue

645 737 746 795 est
769 727 1038 794 decreto
1070 730 1359 812 generali
1384 731 1594 795 Sacrae
1626 730 2154 815 congregationis
2180 731 2447 797 Rituum
2482 730 2612 797 diei
2641 736 2741 797 10
2785 732 2910 798 de-

645 844 925 910 cembris
961 845 1149 921 1703,
1175 843 1353 928 quod
1383 843 1468 910 ad
1496 845 1822 911 tollendas
1848 844 2166 930 ejusmodi
2185 846 2687 913 contrarietates
2727 867 2909 913 sum-

646 979 748 1025 ma
788 979 945 1025 cura
996 959 1368 1025 confectum
1411 967 1531 1038 est,
1580 968 1649 1026 et
1685 980 1722 1026 a
1758 959 1926 1026 Sede
1977 960 2343 1044 Apostolica
2395 961 2896 1029 confirmatum.

646 1076 744 1140 De
788 1092 917 1159 qua
943 1075 1403 1158 parochialium
1439 1075 1845 1140 functionum
1888 1081 2073 1140 recta
2102 1076 2600 1142 enumeratione
2636 1085 2906 1143 tracta·

645 1207 786 1254 mus
814 1189 1006 1254 infra.
1049 1190 1171 1254 Hic
1203 1209 1360 1256 vero
1385 1190 1705 1255 voluimus
1724 1189 2067 1255 dumtaxat
2093 1190 2408 1256 lectorem
2440 1209 2896 1273 praemonere,

642 1302 801 1388 quid
830 1324 951 1388 per
977 1303 1127 1388 jura
1151 1304 1537 1388 parochialia
1560 1354 1577 1384 ,
1617 1312 1686 1371 et
1724 1304 1885 1391 quid
1916 1324 2035 1388 per
2074 1305 2439 1371 functiones
2473 1308 2906 1389 parochiales

640 1420 892 1485 soleant
924 1419 1228 1485 doctores
1260 1420 1650 1503 intelligere.
1705 1421 2026 1487 Coeterum
2064 1440 2175 1486 eas
2216 1420 2587 1487 functiones
2615 1441 2775 1507 quae
2811 1424 2901 1489 ab

642 1536 782 1600 aliis
810 1535 1006 1599 etiam
1027 1535 1443 1618 presbyteris
1465 1584 1481 1613 ‚
1524 1535 1769 1620 absque
1811 1535 2078 1619 parochi
2117 1555 2414 1615 assensu,
2459 1540 2688 1621 peragi
2737 1557 2899 1622 pos-

643 1657 825 1727 sunt,
877 1669 1035 1712 mere
1078 1652 1477 1713 sacerdotales
1525 1650 1932 1729 vocabimu5‚
1982 1650 2067 1716 ad
2118 1650 2596 1718 distinctionem
2649 1672 2896 1719 earum

641 1780 783 1845 quae
822 1761 972 1825 solis
1002 1761 1302 1843 parochis
1332 1770 1737 1846 competunt.

730 1879 806 1942 In
862 1877 1284 1962 sequentibus
1336 1897 1535 1961 porro
1585 1880 1928 1964 capitibuS‚
1981 1881 2229 1964 singula
2287 1880 2680 1963 parochialia
2733 1881 2894 1965 jura

642 1992 1205 2075 perlustrabimus.
1262 1993 1422 2058 Tum
1486 1993 1570 2059 ad
1615 1993 1983 2060 functiones
2038 1996 2234 2060 etiam
2289 1995 2694 2078 parochiales
2746 2014 2892 2079 gra-

643 2106 800 2172 dum
840 2108 1172 2184 faciemuS,
1211 2116 1405 2193 atque
1435 2108 1793 2174 enodandae
1823 2109 1974 2175 huic
2001 2109 2491 2175 intricatissimae
2516 2107 2683 2192 juris
2711 2108 2888 2175 sacri

642 2224 978 2308 quaestioni
1014 2222 1561 2290 adlaborabimus

1558 2511 1825 2576 CAPUT
1875 2512 1956 2573 11.

705 2779 790 2825 DE
836 2778 998 2826 sume:
1044 2777 1495 2825 PAROGHORUM
1542 2779 1915 2827 NOMINANDI
1963 2780 2045 2825 ET
2093 2780 2433 2827 AMOVENtn
2479 2778 2817 2829 vatuos,

1371 2895 1490 2942 SEU
1538 2894 1909 2944 ADJUTORES
1955 2894 2133 2943 SUOS.

731 3146 1186 3213 Gravissimum
1238 3146 1413 3211 illam
1470 3147 1887 3232 quaestionem
1942 3143 2366 3227 expediemus
2411 3142 2532 3208 hoc
2584 3143 2815 3209 ordine
2850 3160 2862 3202 :

647 3267 709 3326 1⁰
751 3260 1178 3345 parochorum
1234 3260 1655 3346 coadjutores
1714 3280 1829 3326 seu
1891 3264 2346 3341 cooperatores
2419 3259 2483 3322 in
2540 3257 2864 3342 duplicem

641 3380 913 3444 classem
939 3376 1432 3461 distinguemus,
1472 3381 1544 3442 2⁰
1589 3376 2018 3442 Probabimus
2045 3373 2131 3441 ad
2154 3376 2538 3459 Episcopum
2569 3383 2863 3458 spectare

640 3494 1140 3561 nominationem
1186 3511 1303 3557 seu
1347 3491 1838 3576 deputationem
1879 3489 2328 3575 coadjutorum
2366 3491 2628 3574 proprie
2663 3487 2863 3553 dicto⁶

639 3627 817 3690 rum;
860 3605 928 3671 id
957 3613 1094 3683 est,
1133 3608 1243 3689 qui
1272 3607 1558 3691 parocho
1595 3605 2042 3690 adjunguntur
2101 3626 2184 3671 ex
2231 3624 2424 3671 causa
2478 3602 2862 3669 infirmitatis

640 3728 753 3787 aut
792 3721 1077 3786 inscitiae.
1120 3724 1189 3785 3⁰
1230 3722 1747 3786 Nominationem
1799 3739 1957 3785 vero
2009 3718 2460 3804 coadjutorum
2514 3716 2856 3802 improprie

641 3836 963 3902 dictorum
1026 3836 1165 3923 (qui
1208 3855 1442 3919 nempe
1489 3837 1975 3902 constituuntur
2024 3855 2103 3900 ex
2151 3854 2344 3899 causa
2403 3832 2859 3899 numerosioris

639 3953 884 4037 populi,
922 3952 1158 4037 quique
1205 3954 1271 4017 in
1324 3953 1522 4019 Gallia
1576 3952 1790 4016 vocari
1851 3951 2062 4016 solent
2115 3947 2356 4031 vicarii)
2402 3950 2731 4031 pertinere
2781 3941 2854 4010 ad

636 4070 985 4152 ipsummet
1014 4069 1387 4152 parochum‚
1414 4088 1544 4134 non
1582 4067 1669 4133 ad
1705 4067 2117 4151 Episcopum.
2145 4066 2214 4127 4⁰
2243 4064 2529 4128 Vicarios
2564 4069 2780 4127 tamen
2820 4077 2850 4119 a

635 4185 919 4268 parocho
948 4185 1070 4250 sibi
1100 4186 1364 4261 elect05,
1396 4202 1535 4250 esse
1565 4184 1650 4250 ab
1677 4185 1990 4267 Episcopo
2012 4178 2489 4264 approbandos.
2523 4182 2589 4242 5⁰
2613 4178 2854 4260 Expen-

633 4300 866 4367 demns
895 4299 1220 4385 quomodo
1258 4300 1644 4366 eorumdem
1679 4298 2068 4364 vicariorum
2113 4297 2354 4362 amotio
2392 4294 2476 4360 ad
2511 4293 2849 4378 parochum

634 4415 978 4498 pertineat,
1020 4419 1091 4480 et
1119 4413 1443 4501 quomodo
1471 4414 1556 4479 ad
1594 4416 2003 4498 Episcopum.
2046 4414 2117 4476 6⁰
2153 4411 2470 4479 Nonnulla
2519 4404 2849 4474 adnotabi-
