3146 4973
549 336 677 398 372
1226 347 1603 396 rnAc‘rA'rus
1650 348 1737 394 nn
1781 346 2109 394 unocno.

544 471 764 537 similis
794 470 1074 535 formula
1101 467 1401 536 adhiberi
1428 492 1442 536 :
1472 474 1836 552 Assiqnalur
1871 474 2031 533 Titio
2055 477 2184 532 octo
2205 472 2439 532 dierum
2461 472 2773 542 terminus,

542 591 627 650 acl
654 589 968 648 dicendum
1009 605 1193 665 quare
1230 592 1421 666 ipsius
1458 587 1808 664 beneficium
1837 605 1960 648 non
1995 590 2077 647 sit
2116 604 2359 662 vacans,
2393 586 2464 645 ob
2499 585 2781 645 delictum

549 701 640 785 (et
669 700 764 764 ihi
795 700 1200 782 exprimatur
1232 698 1458 765 delicti
1486 698 1759 783 species)
1791 703 1867 762 ab
1909 707 2037 781 ipso
2070 707 2409 780 patratum,
2441 706 2501 759 ec
2535 702 2781 777 nequeat

546 825 829 896 tanquam
860 835 1080 878 vacans
1117 819 1300 879 alteri
1334 818 1620 895 conferri.

635 934 709 995 In
733 933 919 1013 praxi
945 938 1162 996 tamen
1188 949 1450 1014 semper
1472 933 1676 996 tutius
1699 939 1801 996 est
1829 931 2231 1014 praemittere
2255 927 2645 994 sententiam
2674 924 2787 989 de-

544 1048 948 1111 claratorinm
973 1045 1057 1112 de
1088 1052 1346 1129 patrato
1372 1044 1615 1112 delicto
1637 1068 1652 1129 ;
1682 1046 1832 1129 quia
1853 1063 2004 1110 raro
2025 1044 2173 1110 talis
2196 1043 2383 1108 adest
2409 1044 2781 1116 notorietaS‚

428 1223 429 1228 ,
545 1169 769 1228 contra
813 1179 1010 1245 quam
1045 1179 1176 1224 non
1220 1162 1423 1243 possit
1474 1180 1628 1225 reus
1664 1158 1909 1243 aliquid
1953 1158 2281 1243 objicere;
2319 1159 2446 1222 imo
2489 1157 2643 1221 satis
2691 1162 2790 1219 est

549 1296 690 1342 eam
721 1297 757 1341 a
790 1277 929 1342 Reo
959 1277 1205 1359 negari,
1247 1282 1321 1340 ut
1354 1274 1484 1359 jam
1531 1295 1660 1340 non
1700 1277 1784 1342 sit
1823 1277 1992 1354 taIiS‚
2029 1284 2099 1341 et
2137 1275 2380 1341 debeat
2421 1273 2784 1357 J'ustificari.

548 1391 734 1476 (Vide
763 1389 979 1474 quoad
1005 1390 1172 1455 hanc
1195 1399 1494 1473 quartam
1520 1392 1816 1474 regulam
1845 1396 2061 1455 Forum
2085 1393 2425 1469 beneficiate
2455 1388 2783 1464 Leurenii‚

550 1514 735 1588 parte
766 1508 831 1580 3,
862 1524 927 1588 q.
974 1507 1123 1582 163,
1170 1505 1290 1568 164
1337 1510 1406 1568 et
1442 1503 1620 1588 165.)

637 1621 913 1685 Rasum
966 1620 1069 1682 Ψ.
1103 1654 1194 1666 -
1223 1623 1476 1698 Quando
1507 1626 1777 1700 privatio
1823 1629 1956 1703 ipso
1984 1630 2129 1705 jure
2161 1629 2518 1700 incurritur,
2563 1628 2620 1683 et
2649 1623 2795 1684 deli·

550 1742 710 1797 ctum
739 1754 859 1797 non
890 1742 977 1796 est
1006 1754 1115 1814 per
1138 1754 1200 1796 se
1233 1740 1387 1797 satis
1413 1742 1738 1818 notorium,
1770 1742 1973 1820 judex
2013 1746 2408 1820 pronuntiare
2442 1740 2635 1815 debet,
2679 1757 2796 1799 non

551 1855 907 1912 sententiam
938 1853 1331 1929 privationis,
1379 1853 1483 1912 sed
1510 1859 1870 1916 sententiam
1900 1857 2402 1931 declaratoriam‚·
2432 1872 2549 1933 qua
2592 1871 2797 1932 nempe

552 1969 815 2029 declaret
846 1967 967 2028 tale
995 1966 1282 2027 delictum
1303 1985 1342 2026 a
1362 1966 1710 2043 beneficiato
1732 1970 1920 2047 fuisse
1935 1978 2270 2049 patratum,
2296 1989 2367 2031 ac·
2383 1974 2796 2048 consemoenter

552 2088 748 2161 ipsum
799 2080 1078 2157 beneficio
1120 2099 1225 2142 suo
1261 2086 1572 2159 privatum
1595 2086 1734 2162 jam
1777 2089 2057 2147 eoeistere.
2102 2120 2192 2133 —-
2230 2086 2370 2149 Non
2412 2082 2615 2148 debet
2660 2083 2794 2163 ipse

550 2193 757 2279 judex
797 2192 1263 2259 beneficiatum
1303 2194 1600 2278 privare;
1647 2196 1967 2280 siquidem
2007 2198 2143 2280 ipso
2177 2197 2332 2281 jure
2372 2196 2504 2280 jam
2535 2203 2636 2261 est
2684 2195 2798 2260 be-

558 2310 787 2375 neficio
828 2327 945 2374 suo
988 2309 1303 2390 privatus.
1347 2308 1477 2373 Sed
1514 2308 1717 2377 debet
1758 2312 2099 2380 declarare
2141 2321 2468 2397 patratum
2508 2311 2708 2376 fuisse
2761 2331 2797 2375 a

558 2422 944 2490 beneficiato
981 2421 1330 2507 delictum3
1372 2427 1521 2508 quia
1552 2424 1697 2504 hoc,
1727 2446 1811 2493 ex
1854 2428 2224 2512 hypothesi,
2266 2448 2395 2494 non
2437 2436 2539 2493 est
2581 2445 2700 2510 per
2729 2445 2798 2491 se

561 2541 757 2623 plene
801 2539 1166 2620 notorium3
1209 2558 1284 2601 ac
1322 2539 1599 2621 proinde
1636 2551 1935 2609 remanet
1965 2543 2244 2628 juridice
2284 2541 2696 2626 probandum
2732 2549 2799 2606 et

564 2674 683 2738 per
713 2654 1100 2718 sententiam
1145 2650 1611 2718 definiendum.
1671 2656 1862 2741 (Vide
1913 2659 2327 2735 Lem-eninm,
2376 2658 2524 2721 loco
2575 2658 2792 2733 citato,

561 2789 626 2854 q.
661 2771 806 2844 166,
840 2787 905 2830 u.
935 2764 1031 2848 3.)

650 2888 809 2948 Nota
863 2884 948 2945 1⁰.
1000 2918 1090 2930 —
1134 2881 1410 2961 Quando
1455 2887 1918 2965 pronuntiatur
1962 2886 2282 2970 ejusmodi
2330 2886 2787 2962 declaratoria‚

568 2996 992 3065 beneficiatus
1022 3016 1149 3062 nou
1195 2995 1559 3063 censendus
1590 3007 1691 3065 est
1721 3001 2012 3084 privatus
2056 3003 2396 3069 dumtaxat
2436 3022 2473 3067 a
2502 3009 2798 3085 tempore

568 3115 999 3198 pronuntiatae
1039 3111 1406 3195 hujusmodi
1430 3119 1792 3194 seutentioe,
1828 3116 1946 3183 sed
1986 3139 2023 3183 a
2055 3127 2382 3185 momento
2421 3120 2662 3202 patrati
2687 3118 2802 3183 de·

565 3231 721 3297 licti.
760 3228 949 3294 Unde
980 3226 1232 3292 fructus
1255 3230 1506 3294 interea
1529 3240 1881 3313 perceptos
1913 3235 2263 3300 restituere
2292 3241 2580 3299 tenetur.
2617 3231 2801 3315 (Vide

569 3345 637 3410 id
668 3343 1036 3425 expositum
1064 3362 1101 3406 a
1137 3343 1481 3418 Leurenio,
1517 3348 1739 3407 Forum
1766 3347 2128 3424 benefic-iaie,
2180 3355 2368 3430 parte
2407 3352 2471 3424 3,
2506 3365 2572 3431 q.
2621 3344 2797 3427 166.)

569 3461 777 3542 Atque
816 3457 884 3520 iu
908 3454 1030 3521 hoc
1057 3453 1465 3522 admittendo
1502 3459 1764 3524 omnino
1801 3461 2198 3528 concordant
2244 3462 2570 3541 doctores,
2607 3467 2803 3544 prout

572 3573 842 3638 adnotat
875 3568 1179 3635 laudatus
1206 3571 1567 3636 Leurenius
1608 3574 1774 3658 (loco
1802 3578 2021 3654 citato,
2054 3596 2118 3662 q.
2164 3580 2311 3655 167,
2344 3598 2408 3642 n.
2447 3576 2532 3660 1).

660 3692 818 3752 Nota
856 3689 948 3748 2⁰.
986 3721 1077 3732 —-
1112 3684 1207 3748 An
1245 3685 1313 3747 in
1341 3683 1521 3751 dicto
1561 3706 1715 3753 casu
1752 3698 2059 3757 teneatur
2085 3695 2151 3757 in
2182 3693 2576 3759 conscientia
2606 3692 2803 3758 bene-

573 3801 831 3867 ficiatus
856 3817 999 3864 sese
1030 3798 1351 3864 beneficio
1386 3820 1631 3868 exuere
1668 3807 1884 3871 statim
1921 3814 2069 3890 post
2104 3815 2438 3891 patratum
2465 3806 2796 3881 delictum,

571 3936 653 3980 an
679 3933 840 3979 vero
875 3914 1076 3997 possit
1103 3915 1172 3978 in
1207 3912 1349 3998 ejus
1390 3919 1792 3997 possessione
1831 3939 2169 3987 remanere
2202 3941 2407 4008 usque
2434 3921 2519 3987 ad
2545 3928 2804 3987 senten·

569 4031 725 4095 tiam
748 4028 1260 4107 declaratoriam,
1306 4031 1481 4095 inter
1498 4030 1823 4100 ‘doctores
1849 4039 2388 4103 controvertitur.
2423 4038 2634 4118 Quam
2662 4055 2802 4102 oon-

570 4143 950 4209 troversiam
981 4143 1126 4207 fuse
1155 4145 1424 4226 exponit
1454 4145 1812 4213 Leurenius
1846 4150 2013 4235 (loco
2035 4153 2255 4231 citato,
2289 4171 2355 4237 q.
2400 4149 2575 4234 167).

656 4262 817 4323 Nota
846 4259 940 4322 3⁰.
974 4293 1065 4306 —
1093 4256 1363 4323 Certum
1393 4267 1514 4337 est,
1549 4267 1621 4325 et
1654 4281 1694 4327 a
1721 4261 2102 4330 doctoribus
2136 4268 2529 4331 unanimiter
2571 4264 2800 4332 admis-

564 4393 732 4454 sum,
753 4370 1004 4442 validos
1034 4392 1173 4440 csse
1205 4382 1410 4453 actuS,
1443 4394 1606 4459 quos
1634 4376 2067 4448 beneficiatus
2094 4383 2348 4450 ratione
2379 4384 2478 4450 sui
2504 4380 2798 4448 muneris
