3146 4973
1190 340 1512 387 APPENDlx
1560 340 1630 385 ιε.
2400 320 2525 388 687

310 469 709 547 sufficientem,
731 468 1163 531 instituendum
1191 472 1251 529 et
1275 466 1752 543 confirmandum
1782 467 2092 544 duximus,
2116 472 2304 546 prout
2330 473 2531 529 tenore

307 589 682 664 praesentium
729 586 1105 646 instituimus
1142 587 1200 644 et
1243 580 1689 660 confirmamus,
1722 581 1798 643 de
1843 582 2068 662 illaque
2107 600 2308 644 coram
2343 582 2529 645 Nobis

308 698 482 775 flexis
530 701 775 781 =‹yenibus
820 700 1131 762 humiliter
1181 703 1572 761 constitutum
1616 703 1675 759 et
1720 703 2149 779 acceptantem,
2185 716 2301 779 per
2350 699 2529 760 bireti

307 820 488 896 capiti
528 821 632 879 tuo
668 821 1127 899 impositionem,
1160 818 1599 894 investivimus,
1632 820 1691 876 et
1731 819 2217 877 investimus.—
2245 817 2376 894 Quo
2397 819 2529 876 cir-

304 951 389 1009 ca,
433 938 544 994 etc.
584 931 681 1017 (nt
716 931 784 995 in
817 930 1094 997 formula
1124 926 1292 1012 ΧΠ).
1322 967 1412 977 -
1441 933 1516 993 In
1550 946 1823 1011 quorum,
1860 937 1974 993 etc.
2010 966 2097 978 --
2130 934 2238 1009 N.‚
2285 933 2528 1011 Episco-

298 1067 410 1128 pus
452 1052 531 1112 N.
568 1083 658 1096 --
693 1051 801 1124 N.‚
839 1050 1234 1111 cancellarius
1273 1049 1648 1129 episcopalis.
1681 1084 1763 1096 —
1788 1049 1866 1112 Et
1914 1053 2198 1129 ponatur
2247 1046 2526 1129 sigillum

304 1168 608 1229 consueto
652 1163 819 1229 loco.

1314 1441 1512 1505 xvn.

299 1706 601 1755 romum
650 1706 1203 1756 PRAESERTATIORIS
1247 1708 1486 1755 count
1542 1708 1954 1769 Amovmms,
2009 1708 2280 1769 QuAnno
2325 1706 2526 1757 nom-

586 1822 782 1870 nuto
826 1824 1147 1871 mmmm:
1189 1824 1279 1873 An
1323 1824 1622 1885 ALIQUAM
1669 1824 2221 1875 umvssnsrrATEM.

384 2082 573 2145 Die...
625 2083 926 2144 mensis...
970 2084 1203 2142 anni...
1237 2084 1615 2158 comparuit,
1655 2084 1721 2142 in
1770 2079 1881 2141 hac
1928 2082 2099 2141 curia
2150 2081 2516 2160 episcopali,

296 2198 372 2258 N.
413 2198 696 2277 syndicus
740 2202 799 2257 et
829 2201 1190 2276 procurator
1230 2200 1652 2258 universitatis
1683 2197 1797 2257 loci
1833 2198 1913 2259 N.
1923 2243 1943 2273 ‚
1979 2201 2160 2276 prout
2201 2198 2406 2258 docuit
2446 2196 2522 2257 de

289 2312 572 2374 mandato
595 2330 885 2392 procum,
915 2314 1071 2391 quod
1091 2311 1366 2374 exhibuit
1395 2331 1416 2373 .·
1448 2319 1507 2374 et
1527 2318 1777 2373 vacante
1808 2330 1952 2373 cura
1976 2316 2321 2374 animarum
2348 2312 2524 2372 eccle-

288 2430 393 2488 sice
416 2426 635 2504 filialis
671 2431 750 2492 N.
794 2429 945 2490 dicti
977 2428 1114 2506 loci,
1145 2445 1275 2508 quoe
1300 2432 1566 2489 exerceri
1605 2428 1752 2489 solet
1786 2445 1896 2508 per
1927 2431 2523 2489 vicarium-curatum

285 2545 658 2606 amovibilem
675 2592 696 2622 ‚
741 2546 1172 2606 nominandum
1219 2563 1259 2606 a
1309 2546 1473 2607 dicta
1516 2549 1947 2623 universitate,
1984 2548 2222 2606 nomine
2262 2545 2522 2625 ejusdem

284 2663 622 2722 nominavit
670 2666 728 2722 et
768 2665 1159 2742 praesentavit
1210 2679 1335 2722 rev.
1372 2663 1789 2742 presbyterum
1851 2663 1930 2723 N.
1988 2662 2365 2736 soecularem,
2412 2678 2521 2740 pe-

285 2782 415 2838 tens
462 2776 639 2837 illum
681 2778 953 2855 admitti,
1002 2783 1061 2839 et
1111 2795 1225 2856 pro
1275 2782 1564 2839 exercitio
1615 2778 1796 2839 dictoe
1844 2793 2002 2837 euroe
2041 2777 2365 2856 approbari
2387 2797 2413 2851 ‚·
2462 2781 2520 2836 et

282 2897 573 2970 quatenus
626 2895 937 2973 rejiciatur
985 2890 1164 2976 (quod
1206 2912 1326 2955 non
1382 2888 1599 2975 credit)
1632 2911 1789 2955 nunc
1827 2911 1944 2972 pro
1991 2897 2131 2953 tunc
2164 2896 2348 2971 petiit
2401 2892 2518 2950 sibi

281 3009 521 3070 concedi
554 3026 878 3088 conyruum
907 3012 1225 3070 terminum
1259 3010 1343 3071 ad
1369 3027 1586 3071 novam
1610 3010 1866 3070 alterius
1895 3009 2234 3088 presbyteri
2253 3025 2520 3088 proesen-

283 3127 571 3185 tationem
605 3125 967 3202 faciendam,
998 3130 1341 3204 protestans
1377 3129 1561 3198 omni,
1596 3131 1706 3187 etc.

373 3240 831 3323 Illustrissimus
874 3245 933 3301 et
978 3241 1504 3302 reverendissimus
1547 3243 1624 3302 D.
1679 3242 1759 3303 N.
1797 3243 2129 3321 Episcopus
2175 3238 2324 3324 (sive
2359 3243 2516 3302 vica-

277 3358 415 3414 rius
453 3351 560 3437 N.)
593 3359 1057 3417 nominationem
1083 3361 1142 3417 et
1163 3360 1688 3435 praesentationem
1717 3356 1869 3417 dicti
1893 3356 2235 3436 presbyteri
2265 3358 2375 3432 N.‚
2415 3345 2516 3417 no·

273 3473 442 3530 mine
484 3473 902 3532 universitatis
940 3472 1018 3533 N.
1054 3472 1305 3549 saetam,
1347 3471 1633 3547 admisit,·
1678 3475 1736 3531 et
1778 3475 2084 3549 recoqnita
2127 3489 2236 3550 per
2280 3474 2514 3532 exami-

271 3590 520 3646 natores
571 3589 921 3664 proesentati
981 3586 1343 3661 idoneitate,
1389 3592 1509 3648 tam
1570 3587 1770 3666 quoad
1831 3587 2280 3662 litteraturam,
2333 3603 2512 3665 quam

268 3699 478 3778 quoad
516 3716 728 3777 mores,
758 3705 817 3762 et
852 3705 1068 3761 caetera
1105 3705 1415 3780 requisita,
1449 3702 1624 3762 illum
1650 3703 1735 3762 ad
1763 3704 2119 3763 exercitium
2147 3702 2325 3763 dictoe
2352 3717 2511 3762 curm

257 3831 388 3892 pro
416 3817 881 3877 vicario-curato
916 3816 1095 3877 dictae
1129 3815 1384 3877 ecclesioe
1417 3819 1475 3879 N
1482 3863 1496 3879 .
1503 3863 1526 3893 ,
1555 3835 1690 3878 cum
1725 3817 1908 3878 solita
1939 3821 2347 3895 assiqnatione
2382 3834 2514 3877 con-

261 3947 466 4007 anae,
497 3947 631 3991 cum
659 3931 1052 4008 facultatibus
1082 3936 1141 3992 et
1169 3932 1443 3993 oneribus
1479 3933 1699 4009 solitis,
1735 3932 2147 4011 approbravit,
2179 3938 2237 3992 et
2276 3933 2516 3993 litteras

250 4049 548 4124 patentes
577 4046 855 4125 expediri
888 4045 1226 4107 mandavit.
1255 4081 1345 4092 —
1370 4049 1593 4109 Die....
1623 4081 1713 4094 -
1748 4048 1847 4108 Ita
1874 4052 1984 4108 est.
2012 4048 2092 4109 N.
2122 4046 2517 4107 cancellarius

256 4161 660 4241 episcopalis.
