3146 4973
1212 383 1370 431 mas
1415 381 1676 430 renna.
2426 364 2544 428 391

335 510 575 595 probet
606 510 670 575 ei
709 508 1106 575 contrarium
1141 526 1269 573 non
1298 525 1442 573 esse
1471 511 1671 589 caput
1706 505 1780 569 14
1819 503 2117 569 sessionis
2164 505 2248 567 25
2290 498 2562 568 Triden-

332 625 451 691 tini
484 625 763 692 concilii.

422 742 707 807 Dicimus
740 748 958 810 aulem
990 742 1161 804 modo
1188 731 1414 803 constet
1451 758 1575 801 non
1601 743 1841 801 tantum
1879 738 1954 800 de
1994 742 2265 817 suspecta
2295 736 2569 814 frequen·

334 862 582 933 tatione,
622 858 732 919 sed
766 859 844 919 'de
871 859 1295 936 fornicationis
1323 856 1580 917 actibus.
1629 854 1704 917 ln
1741 869 1891 916 casu
1922 850 2116 926 enim,
2152 847 2237 914 de
2261 847 2563 914 concubi-

330 979 490 1036 natu
543 968 882 1036 dumtaxat
930 976 1362 1053 praesumpto,
1396 987 1512 1033 seu
1554 964 1816 1050 quando
1856 972 2109 1030 constat
2155 961 2565 1029 solummodo

332 1086 416 1152 de
457 1085 791 1170 frequenti
820 1085 1314 1151 conversatione
1346 1102 1493 1148 cum
1524 1090 1830 1165 suspecta
1861 1080 2153 1157 muliere,
2189 1083 2419 1143 tenent
2449 1077 2567 1142 hu-

327 1203 434 1288 jus
473 1199 812 1269 sententiae
860 1203 1137 1285 patroni,
1174 1221 1306 1265 non
1344 1218 1538 1283 posse
1575 1197 1790 1263 statim
1827 1197 1911 1263 ad
1950 1197 2375 1280 privationem
2418 1214 2568 1277 pro-

332 1315 503 1406 cedi,
551 1316 671 1382 sed
716 1316 1101 1383 servandam
1143 1336 1284 1381 esse
1331 1313 1781 1399 gradationem
1819 1332 1856 1377 a
1891 1310 2265 1377 Tridentina
2315 1307 2567 1393 synodo

333 1429 775 1516 praescriptam
810 1432 987 1517 (sess,
1017 1434 1125 1508 25,
1167 1450 1225 1496 c.
1279 1425 1408 1513 134).

1386 1681 1497 1743 vl.

332 1905 580 1963 Quaenam
607 1915 633 1954 e
657 1901 856 1965 duplici
875 1900 1113 1963 exposita
1133 1900 1408 1950 doctorum
1422 1906 1698 1959 εοηῑοπεὲα,
1716 1904 1891 1966 potius
1905 1901 2269 1964 amplectenda
2289 1902 2557 1951 videatur.

427 2124 491 2185 1⁰
522 2121 615 2185 Ex
666 2117 967 2184 adductis
1013 2118 1135 2183 snb
1180 2119 1470 2204 quinque
1519 2119 2049 2204 praecedentibus
2079 2119 2395 2197 numeri3‚
2435 2139 2562 2184 non

330 2235 598 2302 videtur
652 2231 875 2318 negari
915 2251 1126 2316 posse,
1164 2232 1500 2316 duplicem
1544 2254 1777 2300 revera
1825 2235 2105 2301 existere
2151 2235 2560 2312 sententiam,

326 2348 545 2437 quoad
572 2349 953 2434 privationis
991 2367 1250 2432 poenam
1286 2348 1372 2414 ob
1410 2350 1768 2434 simplicem
1800 2349 2315 2432 fornicationem,
2355 2357 2425 2414 et
2474 2350 2559 2415 ob

330 2465 828 2533 concubinatum
868 2461 1307 2548 infligendam.
1358 2465 1440 2531 Et
1482 2467 1823 2552 utriusque
1847 2465 2178 2532 sententiae
2212 2464 2561 2531 discrimen

330 2583 672 2650 ultimatim
717 2589 1021 2647 versatur
1066 2581 1202 2645 oica
1236 2584 1851 2663 incorriqihilicatem.
1891 2580 2083 2646 Prior
2126 2599 2360 2664 nempe
2413 2602 2562 2645 sen-

327 2700 533 2766 tentia
564 2704 758 2782 negat
790 2714 978 2781 posse
1019 2696 1221 2779 infligi
1264 2698 1642 2781 privationis
1676 2716 1959 2782 pomam,
1995 2697 2116 2762 nisi
2160 2698 2341 2781 prius
2382 2696 2560 2762 adhi-

324 2816 607 2883 beantur
634 2815 1041 2891 monitiones,
1074 2812 1469 2880 substractio
1492 2814 1828 2881 fructuum
1856 2822 1925 2879 et
1957 2814 2309 2897 suspensiO,
2354 2822 2423 2879 et
2460 2814 2557 2879 his

319 2931 629 2998 adhibitis
659 2930 1154 2996 concubinarius
1182 2930 1249 2993 in
1292 2931 1580 3013 nequitia
1620 2938 2030 3014 perseveret,
2069 2950 2189 2996 sen
2217 2939 2554 2996 remaneat

322 3048 782 3129 incorriqibilis.
801 3045 1022 3110 Altera
1054 3062 1211 3110 vero
1239 3046 1557 3110 sententia
1581 3053 1789 3122 tenet,
1810 3065 1939 3110 non
1968 3048 2331 3111 necessario
2358 3066 2552 3129 expe-

323 3162 638 3230 ctandum
667 3180 805 3228 esse
834 3168 910 3227 ut
942 3169 1198 3227 constet
1229 3166 1304 3225 de
1333 3164 1905 3243 incorriqibilitate;
1928 3160 2048 3227 sed
2089 3163 2241 3227 satis
2287 3183 2427 3229 esse
2478 3174 2550 3230 ut

322 3288 582 3348 constet
615 3277 700 3345 de
731 3286 988 3361 patrata
1019 3277 1127 3344 vel
1164 3279 1438 3360 patratis
1470 3276 2047 3360 fornicationibus;
2091 3286 2159 3342 et
2186 3277 2447 3362 qnando
2481 3278 2546 3344 id

321 3401 600 3472 constat,
641 3413 771 3459 non
818 3413 957 3459 esse
1002 3394 1362 3460 necessario
1406 3391 1928 3477 praemittendam
1980 3394 2392 3458 monitionem
2416 3441 2431 3469 ‚
2477 3401 2548 3458 et

322 3508 839 3596 suspensionem
877 3509 994 3577 sed
1017 3513 1233 3576 statim
1263 3510 1349 3575 ad
1375 3511 1804 3593 privationem
1834 3508 2106 3593 procedi
2143 3528 2328 3592 posse
2367 3532 2379 3574 ε
2408 3529 2545 3593 gra-

308 3627 642 3693 dationem
669 3633 886 3692 autem
918 3624 955 3692 a
982 3623 1358 3691 Tridentina
1393 3623 1647 3709 synodo
1681 3633 1860 3708 (sess.
1905 3628 2014 3701 25,
2053 3645 2109 3689 c.
2159 3622 2260 3709 14)
2303 3624 2546 3691 descri-

311 3751 512 3827 ptam,
558 3742 888 3826 respicere
932 3741 1268 3806 dumtaxat
1309 3760 1528 3806 casum
1565 3748 1851 3824 suspectae
1895 3745 2426 3823 frequentationis;
2458 3743 2547 3808 ita

312 3865 388 3922 ut
418 3875 547 3922 non
575 3857 679 3933 sit,
715 3856 838 3921 nisi
862 3856 930 3920 in
967 3856 1091 3921 isto
1125 3874 1299 3932 casu,
1330 3857 1693 3935 necessario
1722 3854 2066 3921 servanda.

400 3974 471 4035 ⁴2⁰
507 3970 650 4035 Jam
688 3989 849 4035 vero
898 3988 1192 4054 quaenam
1240 3988 1324 4036 ex
1367 3968 1507 4033 istis
1559 3967 1814 4033 duabus
1864 3971 2200 4035 sententiis
2242 3970 2545 4038 videatur

312 4087 564 4154 meliori
610 4085 1036 4152 fundamento
1078 4089 1219 4166 niti,
1273 4087 1505 4153 lectori
1543 4085 2052 4170 expendendum
2092 4089 2536 4174 relinquimus:

309 4203 519 4283 Quem
552 4203 615 4268 in
646 4202 839 4268 finem
870 4202 993 4269 snb
1029 4205 1328 4289 sequenti
1358 4223 1630 4269 numero
1665 4204 1786 4288 ipsi
1815 4202 2194 4269 exhibemus
2219 4212 2355 4270 tum
2379 4226 2545 4288 prae-

313 4319 535 4400 cipnos
557 4318 721 4403 juris
748 4324 993 4395 textnS,
1025 4327 1161 4384 tum
1191 4320 1498 4384 nonnulla
1528 4319 1650 4385 alia
1675 4318 2088 4397 documenta,
2133 4340 2274 4406 qua:
2298 4320 2382 4386 ad
2405 4338 2544 4387 rem

313 4432 884 4519 introspiciendam
915 4434 1212 4501 conferre
1260 4440 1549 4519 possunt.
