3146 4973
534 342 661 407 190
1208 353 1587 404 ramma-ns
1631 355 1721 403 nn
1765 353 2093 403 unocno.

614 479 1035 548 Reiffenstuel
1083 478 1175 566 '(in
1211 480 1317 546 tit.
1360 483 1422 558 5,
1458 479 1609 545 libri
1641 484 1678 547 3
1717 478 1998 559 decret„
2021 500 2090 545 n.
2126 477 2235 562 30)
2280 499 2295 544 ε
2335 499 2370 538 α
2407 476 2503 543 Ad
2534 475 2655 542 hoc
2691 484 2769 542 ut

528 623 561 659 α
596 595 860 682 aliquod
912 595 1174 680 proprie
1224 593 1485 661 dicatur
1533 595 1923 662 beneficium
1973 601 2274 660 curatum
2326 611 2442 658 seu
2492 591 2767 658 ecclesia

528 737 560 773 «
594 710 1092 797 parochialis...‚
1135 712 1501 796 requiritur
1536 717 1774 796 quarto
1805 719 1883 777 ut
1918 714 2082 775 solus
2123 730 2242 778 suo
2288 709 2552 775 nomine
2601 704 2768 772 illud

529 855 560 890 α
597 837 828 913 regat:
857 845 1007 892 nam
1051 847 1178 894 uua
1203 827 1479 894 ecclesia
1506 829 1761 894 nonnisi
1789 830 1980 894 unius
2011 826 2372 894 sacerdotis
2394 844 2536 892 esse
2566 823 2771 890 debet

535 966 565 1002 «
606 942 844 1027 (capite
895 943 1048 1005 Cum
1097 960 1218 1004 non
1270 947 1507 1023 iqnores
1551 943 1656 1019 15,
1692 944 1769 1005 de
1819 938 2219 1024 Proebendis);
2267 942 2433 1006 sicut
2467 944 2538 1004 et
2567 955 2769 1003 unum

530 1080 561 1117 α
603 1075 840 1141 corpus
892 1056 1118 1142 nequit
1182 1055 1428 1123 habere
1489 1054 1626 1122 duo
1678 1058 1931 1142 capita3
1999 1057 2282 1142 alioquin
2347 1055 2524 1123 foret
2581 1073 2770 1120 mou-

531 1196 563 1234 «
601 1179 954 1239 struosum.
996 1194 1031 1234 ιι

614 1287 1068 1355 'thomassinus
1090 1292 1249 1356 item
1272 1290 1713 1375 pluralitatem
1739 1291 2176 1376 parochorum
2198 1293 2265 1355 in
2281 1311 2412 1357 una
2433 1288 2763 1375 parochia,

529 1412 836 1489 tanquam
867 1404 1207 1470 abusivum
1241 1424 1277 1470 a
1307 1408 1614 1471 canonica
1656 1405 1996 1490 disciplina
2022 1425 2355 1473 recessum
2394 1406 2773 1491 perstringit

530 1522 628 1606 (de
666 1521 1009 1600 Beneficiis,
1046 1528 1239 1604 parte
1286 1524 1345 1598 1,
1386 1523 1435 1587 l.
1485 1526 1544 1601 1,
1575 1540 1720 1606 cap.
1764 1524 1874 1600 29,
1917 1543 1983 1587 n.
2032 1526 2071 1587 5
2110 1531 2181 1589 et
2209 1520 2304 1606 6);
2347 1520 2434 1587 ad
2467 1519 2645 1609 quod
2673 1529 2773 1587 ta-

525 1655 675 1703 men
726 1634 1137 1721 probandum
1157 1680 1173 1711 ,
1228 1637 1486 1703 unicam
1531 1637 1625 1703 ibi
1674 1636 1949 1705 adducit
1993 1638 2425 1705 Londinensis
2474 1638 2727 1706 concilii
2747 1686 2763 1714 ‚

527 1753 680 1818 anni
725 1754 918 1829 1237,
958 1753 1435 1819 auctoritatem.
1473 1753 1799 1819 Caeterum
1829 1758 2080 1820 fatetur
2111 1755 2250 1838 ipse
2290 1761 2672 1839 usurpatum
2699 1750 2771 1818 id

528 1869 679 1936 olim
710 1868 940 1953 fuisse3
975 1869 1105 1934 imo
1152 1876 1221 1935 et
1262 1870 1487 1935 multis
1535 1870 1606 1934 in
1644 1869 1825 1949 locis,
1877 1868 2094 1936 adhuc
2130 1889 2209 1935 eo
2258 1889 2390 1956 quo
2443 1867 2773 1937 scribebat

530 1990 853 2069 tempore,
890 2003 1081 2051 usum
1102 1985 1290 2050 illum
1319 2004 1749 2069 perseverare
1787 2008 1802 2052 :
1838 2008 1873 2048 α
1911 1986 2161 2053 Nemini
2194 2006 2325 2054 uon
2363 1992 2772 2069 compertum

536 2123 569 2161 κ
602 2107 729 2176 est,
764 2100 994 2185 inquit,
1028 2118 1370 2184 superesse
1400 2101 1469 2165 in
1496 2100 1944 2168 celeberrimis
1971 2100 2149 2167 orbis
2178 2100 2523 2168 Christiani
2548 2101 2774 2166 civita-

536 2237 568 2275 «
601 2214 778 2280 tibus
820 2215 1123 2299 exempla
1168 2214 1532 2282 istiusmodi
1576 2217 1829 2302 aliqua,
1872 2216 2308 2301 parochorum
2355 2216 2638 2283 duorum
2667 2215 2772 2280 vel

537 2353 568 2389 «
603 2328 891 2413 plurium
930 2349 1123 2396 unam
1170 2330 1545 2413 parochiam
1583 2331 1854 2399 alternis
1890 2330 2510 2411 administrantium,
2546 2329 2773 2397 suffra-

535 2469 566 2508 «
603 2454 797 2529 gante
842 2445 1353 2529 consuetudine,
1410 2455 1479 2514 et
1527 2448 1747 2516 nescio
1798 2466 1928 2535 qua
1979 2448 2299 2517 adversus
2345 2466 2625 2517 canones
2678 2445 2767 2534 (1)

539 2585 569 2620 «
610 2563 1099 2646 proescriptione
1132 2584 1166 2625 ι»
1206 2563 1386 2649 (loco
1417 2562 1665 2646 citato).

620 2677 880 2757 Similia,
911 2678 1090 2762 apud
1112 2679 1338 2762 plures
1362 2679 1518 2745 alios
1536 2682 1903 2748 canonistas
1938 2685 2250 2767 reperies.
2277 2684 2461 2760 Hinc,
2482 2679 2775 2767 quamvis

531 2812 660 2858 uon
688 2791 905 2858 desint
942 2794 1138 2859 etiam
1178 2794 1278 2880 (ut
1312 2794 1483 2861 infra
1513 2795 1910 2881 ostenditur)
1963 2799 2076 2883 qui
2111 2799 2488 2883 putaverint
2536 2795 2623 2865 ad
2671 2815 2774 2864 ra-

531 2911 774 2975 tionem
812 2910 1230 2993 parochiatus
1264 2930 1393 2978 non
1441 2914 1687 2997 requiri
1731 2916 2096 2982 necessario
2128 2915 2531 2992 unicitatem,
2564 2912 2773 2980 multo

531 3033 747 3091 tamen
780 3028 1182 3093 communior
1221 3026 1486 3094 videtur
1515 3029 1842 3096 sententia
1887 3048 2030 3115 quoe
2063 3031 2242 3096 illam
2271 3030 2571 3116 requirit.

1588 3285 1618 3355 ‚5
1656 3281 1742 3344 11.

565 3498 899 3561 &penduntur
920 3512 1083 3549 eorum
1103 3499 1325 3559 rationes,
1350 3502 1430 3563 qui
1455 3501 1722 3551 unicitatem
1743 3501 2016 3564 requirunt,
2036 3509 2088 3550 ut
2112 3502 2222 3564 quis
2249 3503 2312 3551 sit
2341 3515 2448 3553 vere
2483 3504 2732 3565 parochus.

571 3695 579 3704 ’
627 3724 933 3807 Allegant
964 3727 1028 3787 1⁰
1063 3732 1263 3807 caput
1292 3730 1445 3789 Cum
1474 3747 1596 3790 non
1627 3732 1864 3809 iquores
1893 3727 1992 3814 (de
2024 3727 2435 3812 Proebaendis);
2471 3730 2542 3794 2⁰
2574 3736 2774 3810 caput

538 3843 611 3904 In
642 3840 860 3922 apibus
895 3839 982 3926 (7,
1018 3857 1083 3925 q.
1136 3838 1231 3925 1);
1286 3843 1361 3906 3⁰
1400 3851 1599 3926 caput
1633 3846 1807 3908 Sicut
1848 3864 1973 3908 una
2014 3844 2155 3931 (22,
2207 3862 2271 3930 q.
2309 3842 2412 3929 2);
2452 3847 2524 3910 4⁰
2559 3845 2774 3910 incon-

537 3954 809 4020 veniens
836 3974 920 4021 ne
943 3974 1074 4021 una
1104 3956 1339 4022 mulier
1365 3957 1590 4041 plures
1605 3960 1782 4025 viros
1802 3958 2046 4027 habere
2079 3959 2383 4026 videatur
2407 3981 2424 4044 3
2460 3962 2527 4024 5⁰
2555 3958 2774 4024 incon-

535 4071 803 4137 veniens
833 4088 919 4135 ne
957 4071 1069 4135 uni
1111 4073 1373 4155 corpori
1422 4073 1612 4156 plura
1673 4075 1887 4157 capita
1947 4081 2356 4141 monstruose
2409 4080 2766 4158 aptentur3

536 4189 606 4253 6⁰
656 4185 928 4270 allegari
973 4188 1172 4254 etiam
1220 4198 1447 4273 posset
1484 4188 1941 4258 'tridentinum
1977 4189 2325 4258 decretum
2353 4189 2443 4258 de
2469 4192 2774 4274 peculiari

600 4439 674 4506 (1)
702 4442 797 4488 Cur
825 4453 1025 4489 canones
1054 4440 1162 4488 illos
1189 4439 1431 4489 ditissimis
1457 4441 1530 4490 vir
1556 4440 1838 4492 eruditionis
1866 4455 1955 4492 non
1985 4441 2177 4491 citavit?
