3146 4973
577 358 699 423 194
1248 370 1623 420 maurus
1666 370 1755 417 na
1802 369 2129 417 amoeno.

571 502 752 562 taxat
774 510 1042 579 scopum
1071 491 1346 558 tendere
1369 491 1638 559 videtur
1665 490 1975 577 synodum
2000 498 2079 557 ut
2108 494 2328 555 certus
2357 488 2801 573 populusuni-

567 612 800 695 cuique
825 607 1136 693 parochO,
1165 616 1235 673 et
1264 614 1485 674 certus
1511 607 1831 692 parochus
1860 605 2206 690 unicnique
2224 603 2485 687 populo
2514 604 2800 686 assigne-

567 733 700 791 tur.
738 720 945 790 Porro
983 722 1069 790 ad
1096 722 1268 790 hunc
1296 740 1862 807 scopum-necesse
1892 740 2023 786 non
2059 727 2161 784 est
2177 766 2192 796 ,
2234 724 2309 783 ut
2333 735 2504 784 unus
2539 724 2796 782 tantum

568 842 1001 906 constituatur
1042 839 1109 903 in
1167 857 1554 924 unaquaque
1603 837 1906 923 parochia
1960 833 2322 920 parochus;
2379 832 2499 899 sed
2547 833 2798 898 etiamsi

489 963 528 992 ‘
563 953 698 1020 duo
726 962 1074 1038 ponantur,
1104 963 1321 1020 certus
1350 956 1479 1019 erit
1514 952 1730 1038 quoad
1755 950 2068 1043 populum
2098 950 2444 1035 parochuS,
2478 956 2549 1014 et
2579 955 2800 1015 certus

564 1067 782 1154 quoad
831 1076 1198 1154 utrumque
1249 1068 1606 1152 parochum
1656 1067 1958 1153 populus.
2024 1068 2325 1147 Secundo,
2384 1082 2469 1129 ex
2530 1062 2799 1129 vocibus

549 1186 1032 1265 peculiaremque
1080 1186 1405 1264 parochum
1453 1181 1756 1249 concludi
1804 1182 2033 1269 nequit
2080 1200 2232 1247 eum
2278 1179 2646 1245 necessario
2678 1176 2799 1243 de-

557 1298 718 1365 bere
770 1316 911 1364 esse
954 1300 1258 1383 unicum;
1304 1300 1453 1384 quia
1497 1301 1750 1365 etiamsi
1785 1298 1918 1364 duo
1960 1298 2459 1375 constituantur,
2513 1301 2796 1379 uterque

557 1415 712 1481 satis
748 1415 876 1479 erit
909 1422 1131 1479 certus
1162 1421 1231 1479 et
1266 1415 1612 1497 peculiaris
1652 1412 1867 1499 quoad
1903 1414 2216 1498 populum
2257 1411 2602 1497 parochus.
2648 1415 2794 1476 Ter-

558 1532 681 1609 tio,
715 1529 960 1595 etiamsi
997 1531 1323 1609 peculiaris
1366 1530 1662 1609 parochus
1696 1527 1870 1594 idem
1901 1528 1994 1593 ibi
2022 1534 2289 1594 sonaret
2322 1543 2408 1591 ac
2436 1532 2671 1603 unicus,
2710 1526 2792 1589 ri-

553 1662 781 1727 gorose
825 1651 1055 1709 tamen
1105 1645 1349 1709 sancita
1402 1643 1679 1709 unicitas
1731 1663 1861 1708 non
1913 1650 2087 1708 esset
2137 1639 2588 1725 intelligenda,
2638 1656 2790 1705 cum

555 1759 884 1842 Episcopis
931 1758 1206 1825 facultas
1243 1759 1359 1825 fiat
1401 1759 1488 1825 ab
1531 1758 1651 1825 hac
1692 1777 1920 1825 norma
1962 1757 2163 1823 certis
2201 1757 2271 1822 in
2313 1757 2567 1821 casibus
2610 1773 2792 1821 rece-

550 1870 786 1957 dendi3
841 1873 1162 1958 siquidem
1212 1872 1530 1940 additur:
1583 1883 1693 1938 aut
1736 1878 1862 1938 alio
1905 1876 2145 1938 utiliori
2192 1875 2389 1952 moda,
2446 1877 2630 1953 prout
2675 1873 2793 1933 loci

553 1992 820 2070 qualitas
848 1995 1137 2070 exeqerit,
1181 1991 1570 2069 provideant.

644 2113 713 2170 7⁰
741 2105 966 2188 Neque
1006 2103 1317 2170 videntur
1354 2122 1498 2170 rem
1540 2104 1799 2170 omnino
1844 2104 2147 2169 evincere
2179 2102 2600 2170 auctoritates
2626 2119 2788 2186 quas

554 2218 824 2285 adducit
855 2219 1330 2286 ThomassinuS.
1388 2222 1553 2286 Nam
1602 2221 1728 2287 etsi
1764 2219 2186 2304 reprobatam
2224 2239 2262 2284 a
2308 2217 2505 2284 sacris
2534 2217 2792 2282 canoni-

553 2334 677 2400 bus
698 2335 1127 2420 parochorum
1154 2337 1222 2399 in
1246 2354 1378 2400 una
1403 2335 1712 2419 parochia
1738 2332 2189 2420 pluralitatem
2216 2332 2621 2419 pronuntiet,
2647 2332 2792 2397 illos

554 2457 778 2516 tamen
814 2467 1093 2516 canones
1128 2468 1259 2515 non
1295 2450 1496 2534 citat-3
1539 2456 1609 2515 et
1639 2449 1895 2535 profert
1931 2449 2269 2517 dumtaxat
2312 2446 2789 2514 Londlnenaem

557 2567 895 2631 annil237
928 2563 1248 2650 synodum
1272 2566 1482 2649 (parte
1514 2569 1572 2644 1,
1610 2566 1660 2631 l.
1698 2568 1757 2644 l,
1795 2585 1854 2631 c.
1883 2569 1990 2646 29,
2015 2586 2082 2633 n.
2113 2563 2478 2651 5),necnon
2514 2562 2788 2629 Petrum

558 2679 899 2747 Cantorem
952 2680 1161 2765 (parte
1197 2683 1262 2760 2,
1303 2680 1422 2746 lib.
1461 2683 1526 2760 3,
1569 2699 1631 2746 c.
1670 2685 1734 2759 9,
1772 2699 1838 2745 n.
1876 2679 1975 2766 8).
2022 2678 2319 2765 synodus
2373 2697 2572 2764 porro
2622 2677 2789 2743 Lon-

560 2794 844 2861 dinensis
889 2795 1101 2877 capite
1145 2797 1246 2875 12,
1283 2795 1375 2860 sic
1407 2794 1609 2862 habet
1644 2817 1659 2861 :
1705 2799 1925 2879 Eaeiqit
1966 2817 2070 2859 ars
2107 2803 2317 2860 nostra
2352 2795 2681 2872 catholica,
2716 2799 2790 2856 ut

557 2917 770 2975 unicas
805 2916 864 2973 et
889 2916 957 2973 in
991 2930 1113 2973 una
1151 2912 1397 2973 ecclesia
1452 2918 1536 2975 sit
1569 2918 1880 2993 maqister,
1939 2915 2241 2993 perfectus
2276 2914 2508 2987 ordine,
2552 2910 2782 2982 habitu,

559 3031 693 3089 vita
715 3030 967 3088 scientia
996 3032 1056 3088 et
1082 3027 1398 3105 doctriaa,·
1427 3034 1486 3089 et
1516 3028 1675 3108 quod
1687 3047 1850 3109 pura
1872 3032 1955 3090 sit
1987 3028 2242 3089 ecclesioe
2273 3029 2579 3090 ordinatio
2613 3029 2793 3103 aeque

561 3143 845 3220 simplex.
879 3142 999 3205 Sed
1022 3142 1266 3222 objectio
1293 3143 1524 3205 diaboli
1558 3144 1781 3205 multos
1808 3145 1961 3222 facit
1986 3148 2055 3206 in
2077 3142 2182 3206 hoc
2208 3144 2485 3222 doymate
2518 3142 2785 3214 deviare,

562 3259 709 3320 dum
743 3257 1047 3319 interdum
1067 3274 1132 3318 eo
1154 3265 1524 3338 suyqerente,
1564 3277 1686 3321 non
1724 3262 1834 3321 ani
1869 3265 2107 3320 tantum
2140 3275 2263 3321 aaa
2297 3259 2486 3321 datur
2519 3257 2785 3332 ecclesia,

564 3374 669 3436 secl
724 3373 1025 3451 pluribus,
1080 3379 1390 3454 praetextu
1431 3375 1704 3453 pluriam
1748 3379 2164 3452 patronorum,
2210 3380 2279 3436 ut
2312 3378 2438 3436 sint
2471 3373 2654 3452 plara
2688 3389 2790 3432 ca-

563 3493 698 3567 pita
735 3493 802 3550 in
830 3489 1031 3551 eodem
1052 3503 1317 3568 corpore,
1356 3493 1530 3568 quasi
1556 3495 1912 3552 monstrum.
1942 3485 2026 3553 Et
2048 3485 2248 3570 paulo
2266 3485 2436 3550 infra
2462 3507 2476 3550 ε
2502 3489 2791 3550 Firmiter

564 3609 924 3680 statuentes,
967 3608 1038 3664 ut
1077 3621 1383 3683 nunquam
1431 3604 1714 3681 deinceps
1764 3607 1833 3666 in
1875 3605 2085 3682 plures
2118 3609 2470 3682 personatus
2508 3603 2602 3664 vel
2634 3605 2792 3664 vica-

563 3723 692 3780 rias
725 3734 846 3779 una
881 3717 1124 3778 ecclesia
1157 3717 1475 3779 dividatur
1512 3736 1533 3779 .·
1570 3725 1631 3779 et
1664 3736 1795 3798 qaoe
1831 3719 2045 3781 divisae
2078 3723 2220 3780 sunt
2260 3717 2567 3793 hactenus,
2610 3734 2788 3796 qaam

561 3837 743 3894 citius
774 3850 836 3892 se
861 3832 1124 3910 facultas
1152 3831 1438 3893 obtulerit
1465 3837 1843 3912 intepretatur
1872 3853 1893 3895 .·
1925 3838 2049 3896 nisi
2084 3835 2348 3911 forsitan
2375 3835 2464 3892 sic
2500 3833 2788 3893 instituta

562 3949 750 4026 ftoerit
785 3946 861 4008 ab
894 3950 1166 4026 antiquo.
1215 3943 1427 4030 (Apud
1459 3945 1684 4024 Mansi,
1718 3953 1879 4012 tom.
1918 3949 2028 4024 23,
2080 3961 2228 4030 pag.
2272 3945 2428 4023 453,
2462 3942 2623 4009 edit.
2665 3944 2789 4009 Vc-

559 4068 695 4126 net.
741 4058 970 4144 1779.)
1025 4059 1400 4128 Omittendo
1430 4063 1889 4146 quaestionem,
1935 4081 2017 4127 an
2060 4060 2151 4126 ibi
2194 4066 2424 4144 agatur
2463 4058 2547 4125 de
2588 4059 2789 4124 meris

561 4175 875 4259 parochia,
913 4181 981 4241 et
1002 4193 1134 4240 non
1161 4175 1376 4258 potius
1401 4173 1485 4241 de
1513 4175 1804 4258 praelatis
1832 4176 1961 4241 fori
1988 4175 2244 4242 externi
2272 4173 2785 4259 jurisdictionem

560 4289 1039 4366 exercentibu8‚
1071 4288 1454 4372 responderi
1481 4296 1722 4373 potest,
1759 4311 1799 4355 a
1825 4291 2021 4356 citata
2034 4288 2302 4374 synodo
2334 4307 2467 4355 non
2488 4287 2783 4353 ‘habitam

558 4406 754 4474 fuisse
790 4414 1096 4488 tanquam
1140 4406 1582 4490 corruptelam
1632 4412 1967 4473 rectorum
2007 4407 2197 4471 unius
2233 4403 2522 4471 ecclesloe
2564 4403 2785 4487 plura-
