3146 4973
1188 385 1347 433 rans
1391 385 1661 446 Qum‘ra.
2425 372 2557 435 605

325 510 668 594 pecuniam
716 506 1136 592 suppeditare
1175 526 1308 574 non
1352 509 1637 586 valeant,
1692 507 2037 574 ecclesiam
2074 527 2217 577 esse
2260 511 2329 576 in
2364 530 2557 578 usum

325 621 672 705 profanum
721 619 1147 705 redigendam
1169 669 1185 698 ‚
1245 629 1316 687 et
1372 621 1639 688 titulum
1690 621 1757 684 in
1803 622 2164 704 proximam
2209 624 2554 692 ecclesiam

325 736 883 804 transferendum.

412 854 532 919 111.
566 855 792 917 Eadem
827 860 916 918 est
943 855 1232 934 obliqatio
1256 854 1505 935 parochi
1538 856 1737 934 quoad
1764 856 1974 920 domas
1998 857 2432 938 presbyteralis
2470 877 2559 920 re-

318 975 723 1051 parationem,
763 1005 836 1018 -·
886 992 918 1028 (ι
963 967 1156 1048 Quod
1201 967 1484 1035 diximus
1531 966 1624 1034 de
1662 970 2070 1051 reparatione
2116 977 2187 1035 et
2231 978 2558 1036 restaura-

331 1107 362 1144 «
400 1087 575 1150 tione
608 1084 1029 1150 ecclesiarum
1067 1082 1547 1166 parochialium,
1571 1081 1751 1148 idem
1779 1083 2039 1150 omnino
2079 1082 2429 1151 dicendum
2457 1094 2561 1151 est

331 1222 361 1258 c«
401 1198 484 1265 de
518 1199 818 1266 domibus
850 1197 1347 1282 parochialibus,
1395 1196 1465 1261 id
1501 1205 1624 1276 est,
1673 1196 2065 1265 habitatione
2096 1200 2553 1282 parochorum,

331 1339 361 1375 α
399 1321 475 1381 ut
528 1315 890 1381 declaravit
945 1316 1137 1380 Sacra
1196 1315 1623 1398 congregatio
1670 1314 1936 1380 Concilii
1988 1317 2055 1379 in
2104 1315 2241 1381 haec
2292 1317 2494 1384 verba
2536 1341 2551 1385 ε

327 1455 358 1492 «
403 1435 575 1504 Idem
621 1437 852 1494 censuit
895 1436 1279 1512 conqreqatio
1323 1433 1399 1493 de
1451 1433 1727 1494 domibus
1761 1450 1880 1512 pro
1927 1439 2265 1496 necessaria
2306 1435 2559 1515 parochi

328 1570 358 1608 α
396 1548 763 1610 habitatione
791 1548 1274 1627 intelliyendum,
1311 1547 1469 1625 quod
1506 1547 1581 1608 cle
1618 1547 1882 1608 ecclesiis
1917 1548 2370 1628 parochialibus
2398 1551 2558 1612 (leci-

329 1686 360 1722 a
392 1683 524 1726 sum
549 1670 662 1738 est,
705 1668 868 1725 omni
898 1664 1373 1726 contradictione
1407 1669 1659 1724 remota.
1693 1685 1724 1722 ιι
1762 1662 2085 1747 (Barbosae
2116 1670 2433 1730 tractatus
2484 1669 2558 1728 de

327 1779 533 1856 Officio
557 1779 827 1859 parochi,
853 1796 1002 1842 cum
1031 1780 1478 1841 Additamentis
1497 1776 1769 1854 Giraldi,
1798 1785 1986 1858 parte
2015 1783 2069 1854 l,
2097 1798 2155 1843 c.
2190 1782 2294 1855 13,
2328 1799 2393 1842 ιι.
2424 1779 2554 1863 12.)

415 1894 525 1958 IV.
563 1896 659 1957 Ad
689 1898 1042 1975 Episcopum
1084 1900 1310 1976 spectat
1356 1896 1691 1972 decernere,
1713 1913 1985 1973 quoenam
2016 1915 2196 1977 opera
2225 1902 2294 1960 in
2313 1899 2561 1961 ecclesia

327 2012 422 2071 vel
446 2012 619 2073 domo
637 2010 978 2091 parochiali
1007 2011 1146 2088 fieri
1178 2012 1453 2089 debeant,
1499 2017 1559 2072 et
1582 2029 1694 2091 pro
1722 2029 1982 2091 quanam
2013 2031 2246 2075 summa
2263 2014 2560 2094 parochus

326 2127 512 2188 aliive
556 2128 928 2188 contribuere
971 2127 1244 2192 debeant.
1280 2161 1369 2171 ——
1411 2123 1488 2188 Id
1532 2129 1763 2207 aperte
1802 2124 2109 2209 supponit
2144 2126 2414 2192 citatum
2452 2147 2557 2193 ca-

329 2248 449 2321 put
487 2249 520 2305 7
557 2240 858 2306 sessionis
893 2242 966 2304 21
1009 2239 1399 2306 Tridentinae
1436 2239 1694 2325 synodi,
1722 2248 1790 2306 et
1826 2250 2012 2308 extra
2046 2246 2555 2309 controversiam

330 2363 430 2421 est
453 2356 629 2439 apud
662 2355 966 2422 doctores
984 2355 1160 2442 (vide
1191 2359 1365 2421 inter
1390 2356 1548 2422 alios
1567 2356 2031 2435 Barbosam‚de
2051 2360 2262 2439 Officio
2276 2362 2550 2442 parochi,

328 2491 478 2537 cum
503 2475 950 2537 Additamentis
982 2470 1246 2550 Giraldi,
1278 2480 1467 2555 parte
1498 2475 1556 2549 1,
1593 2491 1735 2556 cap.
1774 2476 1878 2551 13,
1911 2494 1977 2539 ιι.
2021 2473 2152 2559 13).

415 2592 494 2654 V.
539 2593 590 2654 A
624 2591 855 2654 decreto
886 2594 1168 2671 Episcopi
1197 2592 1525 2671 praedictas
1561 2596 2033 2656 restaurationes
2068 2601 2127 2655 et
2166 2596 2561 2658 contributio-

326 2724 430 2768 nes
458 2706 826 2783 decernente,
849 2723 970 2767 non
999 2707 1186 2768 datur
1212 2706 1544 2787 appellatio
1572 2707 1656 2769 ad
1682 2708 1957 2786 effectum
1993 2715 2429 2790 suspensivum,
2454 2712 2559 2773 secl

328 2822 654 2883 dumtaxat
683 2823 767 2883 ad
795 2821 1224 2885 devolutivum.
1249 2856 1336 2869 ·--
1363 2820 1621 2887 Etenim
1649 2820 1719 2885 in
1767 2821 1968 2887 citato
2002 2825 2214 2907 eapite
2251 2832 2285 2890 7
2332 2827 2559 2891 sessio-

329 2936 429 3000 nis
459 2938 532 2999 21
579 2935 939 3002 Tridentini
967 2936 1220 3002 concilii
1252 2956 1556 3020 expresse
1604 2936 1905 3015 habetur,
1948 2960 2310 3021 quacumque
2352 2945 2562 3025 appel-

331 3053 574 3132 latione,
610 3057 982 3134 exemptione
1033 3060 1093 3115 et
1145 3057 1617 3117 contradictione
1660 3061 1909 3119 remota.
1965 3056 2108 3135 Qua
2144 3055 2445 3136 formula,
2482 3067 2561 3125 ut

329 3173 557 3230 notum
592 3174 715 3243 est,
752 3166 1005 3233 tollitur
1041 3167 1480 3249 suspensivus‚
1517 3180 1649 3231 non
1685 3173 1908 3231 autem
1941 3164 2232 3235 devoluti
2245 3188 2361 3236 vus
2405 3170 2558 3237 effe-

330 3289 475 3347 ctus
505 3282 973 3365 appellationis,

1222 3558 1487 3622 CAPUT
1534 3556 1675 3619 ΧΠ.

363 3833 715 3884 OBLIGATIO
761 3834 842 3879 ET
885 3833 994 3880 JUS
1039 3830 1488 3879 PARocHORuM
1533 3830 1905 3878 accisos-:Nm
1944 3829 2029 3874 An
2078 3827 2519 3875 DIOECESANAM

1272 3946 1606 3993 SYNODUM.

420 4212 472 4275 1.
506 4209 772 4274 Certum
801 4214 903 4275 est
927 4207 1146 4273 teneri
1172 4225 1285 4273 eos
1313 4203 1568 4289 synodo
1600 4207 1939 4272 interesse.
1976 4205 2267 4286 Constat,
2296 4213 2439 4275 tum
2477 4226 2560 4275 ex

325 4324 528 4391 variis
551 4323 688 4391 aliis
707 4321 873 4408 juris
908 4321 1220 4397 textihuS‚
1267 4327 1411 4386 tum
1442 4322 1773 4406 praecipue
1808 4329 1878 4387 et
1909 4322 2425 4389 manifestissime
2476 4342 2559 4391 ex

323 4439 426 4507 his
454 4436 814 4507 Tridentini
843 4438 1094 4503 concilii
1133 4436 1353 4502 verbis
1391 4460 1403 4502 :
1441 4441 1696 4502 Ratione
1726 4445 1929 4501 tamen.
1947 4439 2413 4521 parochialium,
2444 4448 2557 4507 auc
