3146 4973
610 299 680 360 3⁴1
700 297 733 358 4
1287 307 1663 354 macutus
1709 308 1797 354 os
1844 307 2168 354 emmeno.

615 459 647 495 «
678 434 1100 501 collatoribus
1120 482 1135 511 ‚
1184 431 1710 518 subducitur-que
1753 433 2142 500 beneficium
2191 433 2687 502 ordinariorum
2719 455 2840 521 *po-

615 576 644 610 u
681 550 901 617 testati
918 549 1075 633 (qua
1112 549 1287 624 aliea,
1341 555 1636 613 cessante
1683 548 1800 615 hac
1840 550 2246 627 avocatione,
2282 551 2556 636 quilibet
2580 553 2838 634 Episco-

615 692 647 724 «
681 687 803 752 pus
837 668 903 731 in
936 685 1058 733 suo
1094 665 1478 749 episcopatu
1518 664 1836 731 beneficia
1884 667 2095 731 omnia
2128 667 2429 733 conferre
2457 667 2723 752 potest),
2748 670 2838 734 ita

616 809 644 840 «
683 791 758 848 ut
792 787 1112 848 attentata
1146 781 1278 865 jam
1304 781 1389 846 ab
1426 781 1567 847 aliis
1605 781 1890 863 provisio
1938 780 2177 848 evadat
2225 782 2466 848 nullius
2513 783 2830 849 valoris...

620 921 649 955 «
684 899 930 961 Verum
953 895 1183 960 melius
1205 893 1472 959 videtur
1502 892 1761 959 definiri
1783 914 1821 959 a
1841 894 2194 960 Lotter0...
2234 917 2247 959 ε
2282 895 2704 962 interdictum
2722 898 2838 962 Pa-

615 1036 647 1070 «
677 1027 795 1095 pae,
838 1012 1082 1077 factum
1112 1010 1406 1076 inferiori
1432 1012 1608 1077 circa
1647 1029 1834 1076 usum
1865 1014 2201 1092 potestatis
2227 1011 2570 1077 ordinandi
2593 1012 2836 1079 benefi-

614 1153 645 1187 «
681 1129 875 1205 cium,
910 1126 1114 1209 gratia
1144 1124 1540 1208 providendi
1591 1125 1762 1191 bene
1804 1127 2072 1191 meritis.
2107 1151 2137 1186 ι)
2187 1127 2584 1210 (Leurenius,
2620 1132 2836 1191 Forum

611 1244 970 1320 beneficiola,
996 1250 1180 1326 parte
1208 1245 1270 1317 2,
1300 1260 1364 1326 q.
1406 1241 1585 1325 522.)

698 1359 768 1421 4⁰
794 1354 1070 1437 Quando
1102 1357 1275 1438 Papa
1302 1357 1483 1439 ponit
1510 1363 1732 1420 actum
1764 1357 2068 1439 aliquem,
2117 1375 2200 1421 ex
2241 1375 2370 1440 quo
2398 1359 2695 1442 sequitur
2725 1357 2835 1422 be·

614 1471 832 1537 neficii
858 1469 1219 1535 reservatio
1252 1469 1467 1554 (verbi
1502 1471 1732 1552 gratia,
1764 1469 2027 1554 quando
2067 1471 2477 1549 beneficium,
2507 1474 2727 1538 statim
2761 1490 2834 1536 ac

612 1586 889 1658 vacabit,
927 1584 1233 1650 concedit
1262 1584 1501 1668 alicui),
1559 1585 1673 1649 ille
1716 1587 2182 1652 reservationis
2221 1586 2455 1653 modus
2485 1585 2723 1652 dicitur
2737 1592 2836 1667 af-

612 1707 813 1781 fectio,
867 1709 936 1766 et
990 1710 1145 1768 tunc
1206 1701 1600 1767 beneficium
1649 1701 1890 1766 dicitur
1949 1709 2263 1783 affectum;
2316 1705 2547 1787 nequit
2593 1704 2834 1770 scilicet

609 1815 974 1882 ordinarius
1002 1818 1279 1882 collator
1307 1816 1392 1882 de
1427 1836 1507 1882 eo
1545 1817 1917 1900 disponere,
1952 1819 2101 1902 quia
2127 1817 2259 1903 jam
2289 1818 2374 1883 de
2401 1838 2483 1884 eo
2506 1820 2682 1902 Papa
2717 1818 2838 1883 dis-

609 1933 843 2014 posuit.
875 1931 1064 1998 Unde
1104 1940 1432 1996 reservatio
1462 1934 1628 1999 solet
1646 1933 1790 1997 fleri
1817 1932 2071 1998 verbali
2098 1933 2536 2016 dispositione,
2576 1952 2701 2017 qua
2729 1932 2838 1997 de·

609 2046 812 2113 clarat
833 2048 1133 2114 Summus
1170 2049 1473 2115 Pontifex
1504 2068 1573 2114 se
1607 2049 1730 2114 sibi
1776 2050 1907 2114 tale
1937 2049 2325 2120 beneficium
2373 2068 2732 2126 reservare,
2770 2058 2834 2113 et

610 2163 778 2229 solet
806 2181 951 2229 esse
980 2183 1100 2248 pro
1136 2182 1417 2246 semper,
1454 2183 1571 2229 seu
1606 2163 1825 2248 quoad
1861 2182 2086 2229 omnes
2113 2165 2178 2228 in
2208 2172 2602 2247 perpetuum
2639 2163 2838 2230 bene·

610 2279 742 2346 ficii
776 2281 1145 2347 vacationes
1182 2302 1194 2344 :
1235 2285 1476 2361 affectio
1509 2299 1670 2345 vero
1710 2280 1787 2345 fit
1822 2280 2002 2346 facto
2041 2281 2279 2364 alique,
2312 2289 2381 2345 et
2420 2278 2833 2362 dispositione

610 2397 1001 2478 transitoria;
1033 2416 1161 2480 qua
1190 2397 1439 2461 scilieet
1469 2397 1671 2461 semel
1703 2397 1987 2479 expleta,
2020 2404 2087 2461 et
2118 2395 2438 2462 beneficio
2464 2396 2704 2461 iterum
2735 2413 2837 2459 va-

604 2521 821 2588 cante,
851 2512 958 2597 jus
987 2531 1174 2579 suum
1207 2520 1559 2595 recuperat
1594 2512 1961 2579 ordinarius
1995 2514 2290 2578 collator.

703 2633 771 2693 5⁰
800 2629 991 2710 Quod
1014 2631 1067 2694 si
1090 2636 1426 2713 quaeratur
1445 2648 1579 2713 qua
1612 2629 1698 2695 de
1744 2624 1934 2694 causa
1976 2628 2177 2694 Sedes
2201 2628 2566 2712 apostoliea
2589 2627 2713 2694 sibi
2737 2646 2836 2692 re-

608 2745 991 2812 servandam
1031 2744 1298 2810 duxerit
1345 2746 1702 2811 multorum
1759 2745 2225 2811 beneficiorum
2269 2746 2701 2811 collationem.
2742 2763 2837 2809 re-

611 2859 1004 2943 spondemus
1045 2879 1191 2924 cum
1222 2863 1543 2926 Leurenio
1596 2885 1608 2926 :
1670 2885 1700 2922 «
1740 2863 2012 2927 Causam
2036 2861 2296 2927 finalem
2328 2862 2833 2928 reservationum

617 2998 648 3033 α
682 2995 822 3042 esse
861 2976 1100 3041 bonum
1129 2995 1473 3042 commune
1500 2976 1880 3061 reipublicoe
1915 2977 2401 3060 ecclesiasticae3
2434 2976 2517 3042 de
2553 2995 2682 3060 quo
2706 2976 2836 3041 ele·

612 3116 647 3151 ι
686 3094 1050 3177 gautissime
1120 3093 1631 3172 discurrentem,
1701 3101 1770 3158 et
1826 3092 2297 3160 defendentem
2363 3095 2836 3159 reservationes

614 3232 649 3271 «
685 3209 1067 3294 apostolicas
1092 3218 1319 3275 contra
1343 3210 1821 3276 obtrectatores
1847 3227 2099 3284 earum,
2137 3229 2218 3274 ex
2251 3209 2469 3275 verbis
2505 3210 2836 3291 ipsiusmet

615 3350 647 3385 α
684 3327 786 3391 Pii
825 3330 903 3403 V,
955 3327 1106 3393 vide
1153 3328 1490 3392 Lotterum
1540 3327 1608 3412 (Ι.
1664 3329 1727 3403 2,
1785 3344 1851 3410 q.
1907 3328 2016 3401 36,
2067 3327 2475 3408 potissimum
2514 3345 2551 3388 a
2581 3344 2658 3387 tu.
2705 3322 2828 3405 12).

616 3465 648 3500 α
685 3446 895 3505 Prima
919 3444 1140 3525 itaque
1171 3461 1359 3507 causa
1378 3450 1497 3515 est,
1527 3440 1726 3526 quod,
1759 3460 1912 3505 cum
1935 3439 2021 3505 ad
2046 3441 2293 3523 Papam
2331 3447 2589 3522 spectet
2631 3457 2835 3503 remu-

616 3580 650 3616 «
684 3575 915 3622 nerare
944 3557 1112 3622 bene
1141 3558 1410 3621 meritos
1432 3556 1516 3622 de
1546 3556 1849 3632 Ecclesia,
1874 3555 2230 3638 praesertim
2265 3556 2376 3639 qui
2407 3555 2527 3620 sibi
2553 3561 2670 3619 aut
2707 3554 2837 3619 suis

618 3695 650 3726 α
685 3670 1201 3735 antecessoribus
1229 3673 1619 3748 servierunt,
1640 3679 1707 3737 et
1731 3689 1891 3754 erga
1913 3679 2181 3753 egentes
2202 3672 2490 3746 clericos,
2509 3670 2621 3755 qui
2644 3668 2837 3735 unde-

619 3811 650 3846 «
686 3803 944 3871 quaque
966 3785 1050 3850 ad
1075 3785 1310 3851 Sedem
1345 3787 1774 3870 Apostolicam
1807 3789 2166 3862 confluunt,
2197 3807 2265 3852 se
2290 3786 2634 3852 liberalem
2664 3785 2838 3850 exhi-

619 3927 651 3962 «
688 3902 871 3979 bere,
902 3902 1106 3987 iisque
1134 3903 1508 3986 subvenire3
1542 3904 1710 3982 hinc,
1742 3905 2028 3989 inquam,
2077 3920 2335 3985 aequum
2374 3902 2499 3966 fuit
2533 3900 2840 3984 amplissi-

620 4042 652 4078 «
692 4037 861 4084 mam
896 4038 1037 4084 esse
1067 4020 1257 4102 Papoe
1292 4026 1712 4104 potestatem,
1767 4020 2082 4085 beneficia
2121 4017 2434 4094 vacantia,
2461 4017 2643 4101 quasi
2673 4015 2838 4082 bona

619 4158 650 4194 α
689 4136 1078 4209 communia,
1116 4135 1254 4201 aliis
1287 4134 1703 4217 conferendi3
1741 4133 2038 4218 adeoque
2077 4141 2147 4199 et
2186 4132 2836 4217 quamplurasseorum

618 4276 650 4309 «
688 4269 818 4317 suoe
853 4251 1179 4318 collationi
1212 4249 1628 4316 reservandi.
1663 4253 1870 4315 Altera
1908 4267 2100 4315 causa
2137 4255 2270 4321 est,
2317 4247 2833 4313 ut-ecclesiarum

620 4393 652 4428 α
681 4375 747 4433 et
776 4367 1357 4433 ecclesiasticarum
1387 4384 1811 4447 personarum
1839 4372 1977 4431 toto
2001 4364 2161 4431 orbe
2191 4363 2612 4429 existentium
2636 4360 2837 4443 major
