3146 4973
634 369 754 433 164
1311 379 1687 428 'raacTA‘rus
1730 380 1820 427 na
1864 376 2192 426 PAnocno.

628 504 862 571 Patres
908 506 1213 571 concione
1258 525 1274 570 τ
1311 509 1452 569 Veri
1489 507 1773 569 Pastores
1816 510 1958 568 sunt
2001 510 2237 568 tantum
2296 505 2594 585 Episcopi.
2652 498 2855 585 (Apud

631 619 860 702 Nardi,
896 625 1056 687 tom.
1093 625 1153 699 1,
1188 638 1335 703 pag.
1370 618 1510 705 69.)

713 741 1111 804 Pnoposmo
1139 737 1276 803 vla.
1313 774 1402 785 —-
1434 741 1724 818 Quamvis
1761 744 1902 801 ante
1944 742 2138 816 ortos,
2175 742 2285 799 aut
2311 736 2395 798 ad
2425 741 2697 798 extrema
2722 754 2857 817 per-

625 859 832 920 ductos
846 859 1318 937 jansenianismi
1346 861 1405 917 ct
1437 855 1803 937 parochismi
1828 873 2091 933 errores,
2144 858 2392 916 innocue
2413 856 2726 934 potuerint
2752 872 2859 934 pa-

625 972 794 1034 rochi
828 979 1104 1053 pastores
1133 976 1198 1033 in
1229 972 1487 1051 quodam
1532 973 1656 1033 lato
1689 978 1746 1034 et
1782 974 2112 1051 improprio
2156 988 2331 1032 sensu
2366 973 2656 1047 vocitari,
2691 969 2860 1031 hodic

625 1094 824 1150 tamen
858 1089 1179 1151 resecanda
1206 1091 1410 1169 potius
1441 1089 1683 1149 videtur
1710 1087 2051 1168 hujusmodi
2077 1105 2282 1149 eorum
2312 1087 2740 1148 denominatio,
2774 1122 2858 1133 —-

627 1201 788 1265 Nam
819 1200 1147 1285 praedictae
1178 1208 1369 1266 sectae
1392 1247 1409 1278 ,
1460 1221 1536 1266 ea
1587 1218 1747 1265 voce
1797 1199 2099 1284 parochis
2127 1198 2376 1264 tributa
2407 1197 2767 1283 lugendum
2796 1200 2859 1263 in

628 1314 897 1381 modum
935 1315 1149 1381 abusae
1189 1321 1363 1380 sunt.
1408 1313 1573 1380 Vide
1628 1315 1804 1401 apud
1854 1314 2052 1381 Nardi
2103 1314 2282 1402 (tom.
2337 1318 2397 1394 1,
2441 1331 2589 1398 pag.
2635 1311 2739 1398 11)
2784 1314 2861 1378 ci-

621 1436 836 1497 tatum
865 1439 1231 1510 auctorem,
1267 1432 1378 1516 qui
1404 1431 1497 1496 ita
1528 1431 1848 1514 arguebat
1885 1453 1899 1496 ε
1935 1429 2271 1498 Parochus
2299 1436 2399 1496 est
2428 1437 2671 1514 pastor,
2705 1448 2859 1513 ergo

624 1553 723 1611 est
746 1542 999 1625 doctor,
1030 1564 1186 1629 ergo
1216 1553 1318 1611 est
1352 1543 1559 1629 judex
1588 1544 1768 1610 fidei.
1799 1547 1968 1611 Item
1996 1546 2103 1611 alii
2128 1565 2211 1612 ex
2236 1565 2315 1612 eo
2339 1544 2515 1631 quod
2543 1543 2861 1629 parochus

621 1663 704 1727 sit
734 1662 1054 1744 parochiae
1085 1679 1216 1727 suae
1246 1665 1630 1726 immediatus
1658 1670 1726 1728 et
1752 1667 2074 1744 proprius,
2113 1667 2190 1727 ut
2222 1663 2407 1727 aiunt
2427 1710 2443 1739 ,
2478 1667 2719 1745 pastor,
2758 1679 2863 1725 au-

623 1776 854 1843 dacter
883 1777 1283 1856 intulerunt,
1316 1779 1705 1862 Episcopum
1740 1795 1871 1844 non
1910 1775 2158 1843 habere
2190 1777 2255 1841 in
2288 1776 2710 1861 parochianos
2742 1777 2861 1841 nisi

618 1891 1136 1978 jurisdictionem
1166 1897 1525 1975 mediatam,
1565 1894 1770 1973 idest,
1822 1913 1993 1959 eum.
2012 1893 2173 1959 nihil
2223 1910 2410 1976 posse
2447 1894 2516 1958 in
2563 1891 2860 1977 parochia

622 2015 945 2085 statuere,
982 2010 1103 2075 uisi
1136 2007 1464 2075 mediante
1496 2018 1567 2076 et
1595 2009 2042 2075 consentiente
2079 2008 2386 2092 parocho.
2424 2009 2570 2089 Quo
2599 2008 2733 2074 solo
2760 2027 2863 2073 er·

624 2143 775 2190 rore
806 2123 946 2189 fere
975 2125 1040 2189 in
1069 2124 1287 2191 larvas
1311 2125 1577 2190 inutiles
1601 2131 2121 2191 transmutantur
2145 2125 2478 2209 Episcopi,
2509 2133 2580 2190 et
2601 2122 2863 2208 parochi

623 2240 688 2301 in
738 2257 929 2304 veros
970 2239 1318 2322 Episcopos
1358 2242 1722 2323 eriguntur.
1760 2241 1886 2321 Qui
1934 2260 2123 2306 error
2157 2242 2224 2305 in
2268 2239 2552 2326 quodam
2591 2239 2865 2304 articulo

625 2351 1003 2419 additionali
1031 2352 1118 2419 ad
1154 2355 1681 2420 constitutionem
1712 2355 1969 2419 civilem
2004 2355 2163 2420 cleri
2190 2354 2501 2421 Gallicani
2528 2356 2619 2419 sic
2649 2356 2867 2438 expri-

625 2467 928 2535 mebatur
962 2492 977 2536 :
1017 2471 1282 2534 Ecclesia
1318 2470 1688 2534 cathedralis
1718 2472 1909 2534 solum
1946 2474 2304 2554 Episcopum
2341 2491 2453 2552 pro
2482 2477 2727 2554 pastore
2752 2476 2869 2532 im-

623 2589 887 2649 mediato
924 2586 1192 2665 habebit,·
1226 2589 1385 2650 unde
1429 2589 1517 2650 ibi
1565 2589 1894 2669 Episcopus
1932 2594 2049 2651 crit
2094 2591 2277 2651 simul
2316 2588 2617 2669 parochus
2667 2584 2869 2671 (apud

627 2699 869 2779 Nardi‚
921 2707 1078 2766 tom.
1124 2704 1181 2780 1,
1217 2720 1365 2785 pag.
1407 2700 1536 2785 16).
1575 2704 1708 2768 Nec
1740 2702 2017 2768 defuere
2071 2703 2184 2788 qui
2214 2703 2530 2787 parochos
2558 2703 2870 2768 dixerunt

626 2816 1045 2881 ecclesiarum
1066 2834 1328 2880 suarum
1358 2835 1645 2900 sponsos.
1677 2816 2062 2902 Van-Espen
2090 2818 2283 2904 (part.
2315 2821 2378 2897 2,
2409 2837 2542 2883 sec.
2575 2820 2632 2896 1,
2663 2819 2766 2883 tit.
2797 2820 2862 2896 2,

626 2950 684 2996 c.
726 2929 790 3016 2)
837 2929 1035 2997 docet
1062 2929 1379 3013 parochos
1437 2930 1567 2996 dici
1603 2939 1897 3013 pastores
1928 2940 2427 3014 antonomasticc;
2473 2953 2557 2999 ex
2598 2952 2728 3017 quo
2767 2951 2871 2998 se-

628 3049 852 3132 quitur
874 3047 1226 3131 Episcopos
1249 3067 1376 3113 non
1401 3066 1541 3142 esse
1565 3026 1862 3131 pastores
1885 3049 2006 3113 nisi
2028 3050 2391 3133 improprio
2415 3069 2629 3115 sensu.
2654 3051 2870 3134 Atque

628 3161 804 3230 idem
852 3172 1078 3231 auctor
1125 3163 1400 3229 vicarios
1443 3164 1878 3247 parochorum
1924 3185 2042 3230 seu
2088 3166 2456 3251 capellanos
2485 3174 2676 3233 vocat
2714 3172 2875 3231 vice-

626 3291 918 3365 pastores.
951 3282 1150 3358 Hinc,
1186 3281 1452 3346 Parisiis
1480 3283 1832 3366 praecipue,
1870 3282 2190 3366 parochos
2221 3302 2350 3348 non
2383 3303 2592 3368 pauca
2623 3284 2876 3368 episco-

630 3398 798 3483 palia
829 3397 976 3482 jura
1006 3396 1127 3461 sibi
1157 3396 1310 3461 olim
1340 3414 1685 3480 usurpasse
1706 3444 1722 3474 ,
1763 3399 1916 3462 satis
1947 3406 2174 3463 notum
2206 3407 2328 3464 est.

646 3567 653 3574 .
719 3515 862 3578 Jam
905 3531 1066 3576 vero
1103 3508 1366 3596 quando
1404 3530 1530 3575 vox
1583 3511 1829 3596 aliqua,
1880 3514 2042 3579 licet
2087 3515 2270 3599 prius
2309 3535 2344 3578 a
2381 3513 2714 3580 catholicis
2758 3533 2876 3581 au-

634 3626 946 3704 ctorihuS‚
973 3634 1040 3692 et
1076 3627 1144 3689 in
1165 3623 1787 3710 ‘sensu‚,improprio
1818 3628 2085 3713 quidem
2123 3628 2242 3695 sed
2274 3636 2496 3696 tamen
2525 3630 2869 3708 catholico,

633 3742 944 3821 adhibita,
975 3742 1059 3832 ob
1080 3741 1536 3808 haereticorum
1566 3741 1851 3809 fallacias
1873 3746 1938 3808 in
1965 3764 2236 3828 pravam
2262 3747 2878 3830 interpretationem

638 3860 838 3942 coepit
878 3856 1176 3936 distrahi,
1213 3866 1282 3925 et
1314 3878 1434 3943 pro
1466 3878 1765 3926 errorum
1801 3862 2291 3946 propugnaculo
2320 3863 2660 3939 constitui,
2700 3863 2881 3927 solet

634 3973 923 4039 Ecclesia
962 3969 1104 4038 eam
1143 3974 1469 4057 repellere
1519 3980 1590 4039 et
1634 3975 2008 4060 profligare.
2054 3977 2137 4041 Et
2172 3977 2369 4041 etiam
2412 3984 2564 4042 ante
2602 3996 2882 4061 expres-

632 4104 769 4151 sam
804 4085 1101 4152 Ecclesioe
1150 4084 1625 4164 definitionem,
1664 4086 2033 4170 prudenter
2074 4089 2185 4173 qui
2217 4088 2532 4154 catholice
2580 4090 2885 4154 sentiunt

632 4200 950 4287 ejusmodi
970 4202 1365 4268 locutionem
1387 4201 1601 4266 solent
1619 4200 1915 4267 devitare
1939 4204 1990 4290 (1
2006 4201 2056 4291 );
2080 4221 2203 4269 nec
2226 4202 2421 4288 objici
2442 4210 2598 4271 tunc
2625 4203 2887 4270 debent

701 4449 770 4513 (1)
806 4451 915 4498 Post
942 4450 1537 4513 Anthropomorphytarum
1567 4450 1802 4513 haeresim,
1835 4450 1941 4512 quis
1968 4448 2137 4498 audeat
2174 4451 2240 4499 uti
2274 4462 2384 4499 voce
2411 4460 2618 4511 cor-pm,
2654 4450 2716 4497 ad
2746 4451 2889 4500 desi-
