3146 4973
598 351 681 415 92
1270 363 1647 412 Tmou-rus
1694 365 1781 411 m:
1826 362 2153 412 panocno.

596 496 831 555 statem
884 488 1486 556 excommunicandi
1519 508 1534 553 ε
1591 506 1868 572 cumque
1905 486 2172 554 aliunde
2210 484 2583 571 jurisdictio
2618 485 2829 551 omnis

598 604 868 690 parochi
897 606 980 672 sit
1010 609 1382 685 immediata,
1420 605 1743 689 privative
1774 602 1856 669 ad
1884 604 2293 688 Episcopum,
2324 622 2447 669 nec
2480 601 2605 669 fori
2629 602 2825 668 etiam

598 722 856 787 externi
900 723 1104 787 ullum
1154 728 1371 788 actum
1407 739 1722 787 exercere
1762 720 2010 804 poterit
2047 720 2404 803 Episcopus
2437 719 2611 784 eirca
2637 736 2829 802 paro-

601 836 807 901 chiam
834 844 905 902 et
934 835 1378 920 parochianoS‚
1414 838 1532 901 nisi
1556 836 2002 901 consentiente
2030 833 2333 918 parocho.
2364 835 2531 900 Item
2565 832 2830 918 parochi

591 952 959 1037 jurisdictio
990 961 1091 1019 est
1121 955 1460 1030 ordinaria,
1487 970 1568 1017 eo
1608 970 1801 1017 seusu
1831 950 2008 1035 quod
2038 950 2347 1034 delegare
2384 950 2585 1032 possit
2620 972 2635 1015 :
2670 968 2830 1032 ergo

595 1087 718 1152 pro
758 1067 1033 1134 arbitrio
1061 1067 1425 1153 quemlibet
1469 1068 1956 1151 presbyterum,
1994 1065 2240 1150 absque
2277 1066 2414 1131 ullo
2450 1065 2830 1130 interventu

596 1185 916 1267 Episcopi,
951 1185 1197 1268 poterit
1243 1182 1611 1267 approbare
1642 1190 1713 1248 et
1750 1182 2075 1266 deputare
2106 1180 2191 1247 ad
2234 1178 2721 1264 praedicandum
2758 1188 2830 1246 et

594 1306 1072 1365 sacramentum
1111 1300 1505 1382 poenitentiae
1554 1298 2053 1364 ministrandum
2106 1298 2172 1360 in
2212 1316 2328 1362 sua
2376 1294 2703 1380 parochia.
2746 1297 2829 1361 Et

596 1414 883 1492 tandem,
911 1434 1059 1480 cum
1093 1415 1414 1499 parochus
1445 1414 1584 1479 haec
1612 1416 1824 1480 omnia
1854 1413 2007 1498 jura
2038 1412 2278 1478 habeat
2311 1431 2395 1478 ex
2422 1412 2825 1477 institutione

594 1530 834 1606 divina,
873 1549 911 1594 a
938 1526 1195 1595 Christo
1241 1547 1476 1612 nempe
1522 1528 1898 1594 immediate
1941 1536 2230 1611 accepta,
2278 1535 2348 1593 et
2381 1520 2582 1609 ipsius
2622 1525 2828 1592 officio

592 1643 810 1710 divina
867 1646 1253 1710 auctoritate
1307 1644 1588 1727 alligata,
1645 1663 1683 1707 a
1733 1644 1912 1710 nullo
1956 1649 2272 1727 poterunt
2322 1640 2638 1727 ejusmodi
2673 1641 2822 1726 jura

591 1760 933 1843 restringi3
970 1766 1059 1837 et,
1105 1760 1158 1824 si
1198 1760 1580 1844 EpiscopuS‚
1613 1762 1811 1843 Papa,
1850 1761 1954 1826 vel
1987 1760 2327 1826 concilium
2356 1760 2821 1824 oecumenicum

588 1875 806 1958 legem
854 1875 1028 1940 ferat
1076 1875 1226 1960 jura
1269 1874 1661 1958 parochialia
1699 1872 2013 1957 proedicta
2058 1881 2524 1951 coarctantem,
2560 1873 2668 1939 lex
2716 1873 2825 1938 illa

591 1990 775 2054 irrita
812 1990 963 2068 erit,
1007 2009 1154 2056 cum
1188 2008 1320 2054 non
1350 1991 1551 2074 possit
1588 1989 1865 2055 ecclesia
1904 1988 2010 2073 jus
2042 1989 2335 2055 divinum
2359 1990 2729 2055 immutare.
2774 1989 2826 2054 A

593 2106 849 2171 fortiori
882 2107 1137 2172 irritum
1167 2106 1341 2172 foret
1369 2106 1739 2184 decretum,
1777 2123 1907 2191 quo
1937 2105 2209 2172 sublatis
2245 2106 2543 2188 parochis
2570 2107 2826 2189 Episco-

591 2241 713 2305 pus
750 2219 1124 2286 immediate
1168 2240 1287 2303 per
1326 2240 1396 2286 se
1431 2222 1634 2287 vellet
1667 2240 1890 2287 curam
1927 2221 2226 2287 dioecesis
2267 2239 2484 2305 agere,
2520 2240 2670 2286 cum
2711 2240 2828 2305 pa-

589 2335 771 2401 rochi
800 2342 935 2400 tam
967 2336 1343 2418 pertineant
1384 2335 1470 2402 ad
1506 2337 1938 2402 hierarchiam
1980 2337 2281 2402 Ecclesiae
2319 2336 2679 2420 integritati
2718 2356 2828 2402 ne-

591 2452 954 2530 cessariam,
985 2467 1178 2536 quam
1210 2452 1333 2534 ipsi
1355 2452 1656 2536 Episcopi
1681 2460 1750 2517 et
1789 2454 2002 2537 Papa3
2038 2472 2160 2519 nec
2188 2453 2390 2537 magis
2415 2459 2591 2518 stare
2621 2453 2826 2535 possit

592 2568 879 2633 Ecclesia
904 2568 1042 2633 sine
1070 2568 1365 2651 parochis
1396 2587 1589 2654 quam
1619 2569 1758 2634 sine
1786 2570 2136 2653 Episcopis.
2171 2571 2264 2635 Ne
2292 2588 2434 2635 rem
2460 2571 2526 2634 in
2552 2570 2821 2651 longum

589 2681 987 2766 protraham,
1012 2684 1165 2748 satis
1201 2681 1356 2748 inde
1384 2691 1568 2766 patet
1594 2686 1901 2768 generale
1934 2704 2011 2749 ex
2051 2685 2441 2769 parochismi
2464 2689 2822 2768 systemate

588 2800 1093 2881 consectorium3
1127 2815 1277 2863 cum
1320 2799 1588 2877 scilicet,
1625 2799 1710 2865 de
1745 2799 1895 2885 jure
1933 2800 2190 2877 saltem,
2228 2808 2304 2880 ut
2340 2799 2592 2876 volunt,
2640 2805 2823 2865 totus

587 2912 871 2979 mundus
901 2916 966 2979 in
996 2914 1331 2998 parochias
1362 2913 1606 2980 divisus
1664 2916 1767 2991 sit,
1817 2922 1886 2980 et
1932 2915 2436 3000 uniuscujusque
2495 2915 2820 2999 parochiae

590 3030 880 3113 regimen
944 3027 1029 3093 ad
1082 3029 1436 3114 parochum
1496 3035 1863 3108 immediate,
1927 3030 2123 3108 idest,
2173 3050 2331 3097 vere
2370 3039 2438 3096 et
2475 3030 2821 3097 efficaciter

585 3145 932 3230 pertineat,
972 3145 1057 3213 ad
1088 3146 1328 3231 Papam
1380 3155 1601 3212 autem
1633 3156 1703 3212 et
1741 3147 2093 3231 Episcopos
2141 3147 2261 3212 nisi
2297 3151 2576 3226 mediate,
2614 3147 2811 3224 idest,

584 3259 1006 3327 inefficaciter·
1027 3269 1098 3327 ct
1127 3262 1461 3340 derisorie,
1517 3264 1816 3348 sequitur
1860 3264 2409 3347 gubernationem
2434 3265 2819 3330 universalis

585 3376 883 3445 Ecclesiae
931 3375 1016 3443 ad
1049 3377 1367 3461 parochos
1398 3396 1558 3444 vere
1601 3379 1961 3461 pertinere,
1994 3398 2122 3445 non
2166 3387 2386 3446 autem
2429 3378 2515 3445 ad
2555 3380 2818 3463 Episco-

584 3510 702 3575 pos
748 3493 1104 3558 Romanum
1114 3511 1189 3556 vc
1236 3492 1646 3558 Pontificem.
1678 3495 1851 3576 Ergo
1884 3493 2280 3580 (clamabunt
2321 3494 2556 3559 merito
2593 3499 2819 3575 prote-

582 3613 852 3690 stantes)
887 3607 1131 3672 inutilis
1174 3608 1351 3690 Papa
1397 3616 1468 3674 et
1510 3608 1776 3675 inutiles
1813 3610 2147 3693 Episcopi3
2186 3611 2314 3674 sint
2357 3609 2817 3675 tantummodo

582 3722 648 3784 in
678 3721 943 3804 singulis
968 3721 1272 3804 plebibus
1293 3730 1596 3805 pastores,
1616 3725 1715 3789 sui
1747 3732 1816 3789 et
1849 3723 2350 3807 independentis
2376 3722 2567 3808 juris.
2586 3725 2815 3791 Totam

580 3854 737 3920 ergo
788 3835 1088 3902 Ecclesiae
1138 3838 1422 3903 divinam
1476 3839 2007 3905 constitutionem
2048 3840 2374 3906 subvertit
2425 3840 2814 3922 parochismi

583 3961 888 4036 systema.

670 4069 751 4132 Et
776 4075 1005 4133 notatu
1034 4066 1304 4152 dignum
1328 4076 1449 4148 est,
1481 4090 1607 4137 non
1642 4078 1893 4137 tantum
1917 4073 2312 4137 Janscnistas
2336 4072 2403 4134 in
2422 4070 2813 4137 extollendis

580 4182 878 4263 parochis
898 4203 1163 4250 navasse
1195 4204 1486 4270 operam3
1522 4185 1641 4251 sed
1662 4194 1731 4251 et
1750 4194 2010 4270 apertos
2038 4187 2342 4252 Ecclesiae
2371 4185 2590 4252 hostes
2610 4194 2808 4270 atque

579 4297 950 4364 incredulos
993 4321 1007 4366 ε
1060 4300 1298 4383 quibus
1352 4300 1505 4367 data
1561 4302 1854 4386 qualibet
1897 4302 2345 4367 turbationum
2395 4301 2807 4385 politicarum

582 4415 913 4481 occasione
952 4416 1207 4481 solitum
1235 4424 1357 4494 est,
1397 4418 1742 4483 lamentari
1776 4422 2232 4500 paupertatem
2257 4422 2327 4482 et
2364 4414 2805 4501 dejectionem
