3146 4973
1240 359 1399 409 psas
1445 360 1765 409 sacuam.
2489 347 2616 408 265

1291 625 1558 692 CAPUT
1621 628 1700 691 V.

446 890 731 950 QUAERAM
785 894 930 942 suu·
973 894 1471 943 FonMfflTATEs
1516 895 1877 955 REQulslTAE
1925 897 2012 945 UT
2056 898 2383 947 (unomen
2426 898 2577 946 Flu*

758 1010 840 1056 ΔΒ
887 1010 1199 1059 Episcopo
1249 1011 1751 1060 DISMEMBRA‘HO
1797 1013 1884 1060 ΕΤ
1929 1014 2235 1063 miscuo.

477 1268 809 1353 Superiori
850 1269 1064 1354 capite
1106 1268 1385 1337 diximus
1430 1288 1711 1357 quanam
1757 1292 1838 1340 ex
1882 1291 2074 1340 causa
2114 1272 2386 1359 procedi
2422 1277 2624 1359 possit

395 1384 482 1449 ad
528 1404 711 1450 novae
758 1385 1084 1470 parochiae
1125 1386 1548 1467 erectionem,
1593 1390 1923 1476 antiquam
1959 1388 2506 1457 dismembrando.
2541 1391 2624 1457 At

394 1521 521 1566 non
561 1500 798 1567 sufficit
847 1500 1075 1568 adesse
1132 1520 1393 1571 causam
1418 1506 1795 1589 legitimam.
1835 1506 1926 1571 Ut
1969 1507 2144 1571 enim
2170 1507 2476 1572 canonice
2507 1506 2623 1572 fiat

393 1615 711 1701 ejusmodi
741 1619 986 1684 erectio
1017 1626 1088 1684 et
1110 1618 1602 1687 dismembratio
1646 1623 1847 1689 multa
1888 1623 2157 1707 insuper
2214 1621 2622 1689 observanda

391 1739 564 1811 suut,
600 1751 684 1798 ne
736 1732 1022 1819 alioquin
1049 1734 1352 1800 nullitate
1380 1734 1640 1802 laboret
1668 1737 1970 1821 Episcopi
2000 1736 2369 1803 decretum.
2407 1738 2507 1803 De
2543 1738 2623 1802 iis

392 1848 897 1917 formalitatibus
918 1869 1037 1916 seu
1066 1852 1399 1936 requisitis
1425 1871 1600 1918 nunc
1625 1852 1806 1919 venit
1832 1851 2304 1920 disserendum.

478 1965 896 2045 REQmsrruu
941 1967 996 2030 Ι.
1038 2001 1129 2012 -
1164 1969 1345 2031 Debet
1390 1959 1531 2045 fieri
1580 1988 1892 2049 processus
1938 1970 2023 2032 ad
2062 1970 2496 2047 verificandum
2539 1990 2623 2033 an

394 2101 602 2145 revera
655 2085 825 2146 adsit
857 2088 1033 2165 justa
1078 2102 1258 2145 causa
1298 2103 1515 2146 novam
1542 2086 1817 2166 mqmdi
1838 2086 2212 2166 parochiam.
2253 2122 2344 2133 --
2369 2086 2469 2151 De
2499 2083 2622 2151 hoc

392 2198 708 2283 requisito
739 2199 831 2264 sic
862 2198 1061 2264 habet
1087 2199 1449 2266 Leurenius
1481 2199 1724 2285 (Forum
1752 2201 2115 2280 beneficiola,
2146 2208 2329 2284 parte
2368 2204 2427 2281 l,
2455 2220 2624 2287 quae-

392 2315 606 2381 stione
653 2315 802 2393 157,
836 2334 902 2380 n.
957 2313 1020 2399 2)
1066 2336 1081 2380 ε
1136 2338 1168 2376 «
1202 2315 1593 2400 Respondeo
1638 2315 1754 2403 (l),
1798 2336 1881 2385 ex
1932 2316 2251 2396 Corrado,
2298 2317 2624 2385 servanda

399 2446 430 2483 «
467 2442 608 2490 esse
638 2424 1015 2508 sequentia3
1048 2422 1133 2490 ob
1161 2441 1304 2509 quae
1338 2431 1409 2490 et
1451 2423 1687 2490 similia
1716 2442 1846 2491 non
1881 2429 2167 2504 servata,
2199 2442 2370 2509 saepe
2399 2423 2624 2510 hujus-

398 2561 432 2602 ε(
474 2538 650 2606 modi
680 2539 1046 2605 erectiones
1089 2556 1212 2623 pro
1249 2536 1552 2605 invalidis
1602 2538 1966 2606 declaratas
2006 2558 2148 2606 esse
2196 2539 2397 2606 habet
2428 2557 2620 2624 expe·

397 2679 427 2716 a
462 2656 714 2734 rientia,
735 2655 969 2722 eodem
1001 2655 1292 2723 Corrado
1315 2661 1485 2723 teste
1518 2678 1531 2720 :
1564 2657 1797 2739 primo,
1827 2663 1904 2721 ut
1941 2657 2296 2742 Episcopus
2337 2657 2624 2742 inquirat

396 2794 430 2831 «
463 2791 545 2836 an
574 2770 765 2838 dictoe
813 2789 1020 2837 causae
1069 2770 1467 2837 sufficientes
1492 2770 1600 2836 hic
1636 2778 1706 2837 et
1734 2790 1905 2838 nunc
1946 2790 2104 2837 vere
2144 2771 2392 2855 adsint;
2437 2771 2622 2837 verbi

395 2911 429 2943 τι
458 2888 697 2971 gratia,
747 2907 829 2952 an
874 2888 1081 2971 prima
1130 2884 1515 2969 parochialis
1572 2894 1709 2952 tam
1759 2886 1842 2951 sit
1897 2887 2140 2971 ampla,
2196 2893 2272 2952 ut
2321 2894 2623 2970 tempore

396 3025 430 3062 ιι
465 3002 746 3087 hyemali
780 3002 867 3068 oh
904 3000 1367 3067 inundationes
1421 3008 1491 3066 et
1537 3002 1724 3068 nives
1771 3002 2146 3088 parochiani
2189 3021 2322 3068 non
2377 3001 2624 3087 possint

395 3141 429 3179 (ι
460 3120 597 3183 sine
648 3136 881 3202 magno
920 3116 1328 3184 incommodo
1387 3117 1699 3201 congruis
1750 3117 2154 3202 temporibus
2203 3115 2388 3183 adire
2436 3135 2620 3200 paro·

396 3258 428 3295 a
472 3234 700 3300 chiam.
722 3236 907 3314 Nam,
930 3240 1007 3298 ut
1034 3232 1219 3299 addit
1247 3235 1576 3309 Lotterus,
1599 3230 1971 3318 hujusmodi
1986 3251 2195 3299 causae
2219 3234 2465 3300 veritas
2493 3252 2623 3299 non

395 3375 429 3413 α
466 3351 667 3418 debet
712 3349 1090 3434 dependere
1138 3369 1221 3416 ex
1273 3351 1629 3416 assertione
1681 3352 1987 3434 partium,
2031 3349 2140 3416 vel
2186 3350 2380 3414 etiam
2426 3349 2625 3433 ipsius

397 3491 430 3528 «
463 3467 785 3552 Episcopi,
824 3472 939 3532 aut
977 3467 1247 3534 alterius
1288 3465 1928 3533 dismembrationem
1965 3464 2472 3548 authorizantis;
2507 3463 2623 3530 sed

396 3607 429 3644 α
466 3581 551 3648 de
578 3602 657 3648 ea
687 3580 888 3649 debet
926 3582 1201 3666 positive
1247 3591 1547 3649 constare
1599 3602 1682 3648 ex
1725 3600 2035 3667 processu
2079 3581 2365 3666 desuper
2409 3580 2620 3665 fact03

396 3725 427 3759 «
458 3701 581 3766 etsi
615 3719 745 3767 non
779 3700 1161 3783 scrupuloso
1194 3704 1262 3764 et
1292 3698 1479 3784 juxta
1506 3698 1674 3783 juris
1702 3698 2150 3778 subtilitatem,
2182 3697 2302 3764 sed
2331 3697 2621 3782 simplice

394 3840 427 3875 «
467 3818 564 3902 (ut
586 3815 830 3882 dicitur
863 3818 930 3881 in
960 3834 1090 3882 una
1118 3814 1451 3896 Toletana,
1481 3815 1886 3898 parochiam,
1930 3814 2015 3880 de
2040 3812 2342 3892 Madrito,
2392 3818 2471 3882 19
2501 3833 2620 3880 no·

394 3957 427 3994 «
470 3933 779 3999 vembriis
832 3931 1053 4016 1601).
1113 3930 1396 3997 Sufficiet
1438 3938 1662 3996 tamen
1721 3949 1844 4014 pro
1909 3929 2355 3997 verificatione
2416 3948 2622 3996 causae

393 4075 424 4109 α
461 4068 757 4116 accessus
787 4047 1114 4116 Ordinarii
1147 4047 1232 4115 ad
1268 4047 1506 4126 locum,
1552 4048 1858 4134 illiusque
1902 4048 2246 4133 inspectio.
2282 4071 2316 4110 >2

474 4169 893 4247 Rsoulslruu
934 4166 1018 4231 II.
1053 4201 1140 4213 -—
1179 4169 1234 4228 U
1235 4171 1260 4229 t
1288 4165 1599 4246 sufficiens
1639 4170 1721 4228 sit
1767 4185 2049 4229 numerus
2083 4166 2618 4247 parochianmmz,

457 4445 529 4510 (1)
559 4446 731 4510 Nempe
750 4444 812 4494 ad
838 4445 1156 4510 questionem,
1182 4456 1425 4511 quomam
1449 4442 1802 4507 formoaldus
1825 4441 2186 4508 requirantur.
