3146 4973
588 358 718 422 340
1260 371 1635 420 ‘ructans
1679 373 1768 419 ns
1815 371 2145 419 ameno.

588 500 737 561 Cum
790 496 969 573 illud,
1022 494 1098 558 14
1150 491 1515 559 decembris
1561 496 1754 573 1742,
1792 494 1916 560 sub
1963 512 2238 562 numero
2284 495 2370 561 68
2425 494 2492 557 in
2544 492 2821 559 bullario

588 607 924 675 Benedicti
954 609 1102 675 XIV
1131 608 1466 693 reposita.)

1617 867 1647 937 5
1685 860 1801 925 ΙΠ.

1078 1072 1199 1129 Quid
1226 1073 1477 1123 Clementis
1504 1074 1570 1122 xl
1600 1072 1876 1122 auctoritate
1903 1080 2131 1121 statutum
2161 1070 2323 1121 fuerit.

673 1299 926 1366 Prodiit
972 1298 1080 1365 die
1136 1302 1216 1364 lo
1257 1296 1537 1384 januarii
1602 1303 1794 1377 1721,
1836 1308 1906 1365 et
1963 1298 2049 1365 ad
2099 1299 2392 1366 locorum
2442 1297 2818 1367 ordinarios

581 1417 1023 1484 transmissum
1053 1423 1154 1480 est
1180 1414 1385 1480 Sacrae
1411 1415 1940 1499 congregationis
1970 1415 2238 1481 Concilii
2269 1414 2636 1494 decretum,
2675 1415 2819 1483 Cle·

587 1533 822 1597 mentis
856 1531 1049 1613 Papae
1080 1530 1169 1594 XI
1203 1547 1466 1594 assensu
1490 1528 1844 1607 firmatum,
1873 1533 2117 1595 tenoris
2155 1529 2649 1614 hujuscemodi:

679 1669 712 1706 α
746 1642 1306 1712 Reverendissime
1337 1642 1621 1721 domine,
1662 1644 1758 1709 uti
1794 1644 2023 1710 frater.
2075 1645 2220 1726 Quo
2269 1645 2671 1729 parochiales
2724 1664 2826 1712 ec·

592 1787 622 1824 «
661 1761 870 1827 clesiae
908 1758 1311 1842 dignioribus
1360 1759 1652 1842 personis
1704 1758 2147 1842 gubernandae
2200 1758 2649 1839 traderentur,
2694 1768 2828 1827 sta-

590 1902 623 1937 «
658 1877 809 1954 tuit,
828 1884 904 1940 ut
922 1882 1149 1940 notum
1179 1881 1302 1951 est,
1328 1881 1738 1939 sacrosancta
1763 1872 2138 1941 Tridentina
2167 1873 2460 1958 synodus
2493 1874 2673 1958 (sess.
2709 1876 2820 1953 24,

592 2017 624 2054 α
659 2012 720 2058 c.
770 1988 872 2074 18)
905 1998 981 2054 ut
1016 1993 1289 2054 vacante
1330 1988 1606 2054 ecclesia
1650 1986 2031 2070 parochiali,
2074 1987 2482 2058 indiceretur
2520 1997 2590 2054 et
2633 1988 2828 2055 fleret

593 2130 627 2167 α
669 2123 1055 2187 concursus;
1115 2121 1219 2179 ac,
1271 2111 1613 2187 postquam
1666 2110 2137 2171 concurrentes
2185 2104 2269 2170 ab
2313 2106 2666 2189 Episcopo,
2719 2105 2828 2170 vel

595 2248 626 2283 α
664 2221 808 2306 ejus
838 2220 1078 2284 vicario
1101 2218 1412 2302 generali,
1456 2224 1655 2303 atque
1703 2218 1788 2284 ab
1835 2220 2383 2286 examinatoribus
2411 2218 2831 2304 synodalibus

596 2362 627 2400 ιι
664 2338 895 2403 saltem
942 2334 1190 2411 tribus,
1244 2335 1592 2399 examinati
1641 2342 1708 2401 et
1767 2334 2113 2418 approbati
2167 2344 2418 2417 essent,
2475 2337 2834 2421 Episcopus

599 2477 630 2513 α
665 2470 818 2518 eum
862 2451 1163 2535 eligeret,
1219 2468 1417 2535 quem
1451 2456 1668 2528 aetate,
1709 2449 2020 2529 moribuS,
2077 2447 2397 2531 doctrina,
2448 2448 2825 2537 prudentia,

599 2591 631 2628 α
667 2568 933 2652 aliisque
964 2566 1164 2632 rebus
1201 2564 1286 2630 ad
1327 2574 1670 2631 vacantem
1717 2566 2058 2633 ecclesiam
2084 2565 2575 2650 gubernandam
2605 2586 2834 2634 neces-

598 2707 631 2746 «
666 2683 851 2749 sariis
896 2690 967 2747 et
1000 2678 1404 2764 opportunis,
1443 2678 1806 2763 digniorem
1838 2682 2113 2759 canteris,
2158 2680 2487 2766 magisque
2522 2680 2832 2748 idoneum

600 2823 631 2857 α
663 2796 1010 2882 judicaret.
1043 2793 1429 2879 Adjecitque
1477 2793 1562 2860 ad
1605 2794 1772 2862 hanc
1826 2797 2079 2861 concilii
2123 2797 2521 2864 sanctionem
2556 2796 2834 2865 validius

601 2939 632 2973 α
670 2909 1201 2988 confirmandam,
1241 2929 1314 2975 re
1351 2918 1421 2976 et
1461 2913 1723 2976 nomine
1754 2913 2191 2978 sanctissimus
2232 2913 2540 2981 Pontifex
2590 2914 2748 2978 Pius
2775 2915 2832 2978 V

603 3057 633 3091 ιι
671 3026 883 3114 quod,
942 3027 992 3092 si
1056 3044 1342 3110 unquam
1391 3027 1749 3110 Episcopus
1812 3028 2024 3092 minus
2078 3025 2397 3107 habilem,
2457 3029 2833 3113 postpositis

605 3171 636 3206 α
672 3144 873 3228 magis
914 3141 1192 3219 idoneiS,
1232 3142 1569 3226 elegisset,
1620 3150 1890 3225 possent
1939 3144 2014 3220 ii,
2058 3144 2174 3227 qui
2219 3142 2455 3227 rejecti
2499 3153 2746 3223 essent,
2795 3164 2833 3209 a

605 3288 636 3323 α
674 3261 841 3326 mala
894 3254 1217 3342 ejusmodi
1268 3256 1586 3322 electione
1639 3255 1720 3321 ad
1781 3257 2386 3340 Metropolitanum,
2425 3259 2556 3336 vel,
2599 3260 2656 3323 si
2695 3260 2833 3342 ipse

607 3403 638 3439 α
675 3376 916 3460 eligens
969 3370 1504 3455 Metropolitanus
1544 3378 1661 3436 aut
1704 3377 2048 3454 exemptus
2089 3370 2284 3450 foret,
2324 3370 2408 3437 ad
2458 3373 2835 3439 viciniorem

600 3515 632 3552 α
678 3488 1121 3563 Ordinarium,
1155 3492 1232 3548 ut
1279 3481 1468 3548 Sedis
1507 3483 1890 3567 Apostolicae
1940 3482 2340 3569 delegatum,
2377 3487 2485 3551 vel
2535 3487 2691 3551 alias
2749 3485 2835 3552 ad

610 3633 643 3670 α
678 3610 883 3691 ipsam
913 3600 1149 3666 Sedem
1174 3599 1605 3682 Apostolicam
1644 3600 2000 3683 appellare,
2037 3621 2112 3667 ac
2144 3602 2563 3685 praeelectum
2608 3599 2691 3667 ad
2722 3621 2838 3668 no-

614 3749 645 3784 «
682 3738 834 3784 vum
856 3733 1134 3781 examen
1159 3731 1379 3778 coram
1406 3714 1546 3797 ipso
1576 3715 2027 3798 appellationis
2043 3714 2290 3799 judice,
2331 3724 2402 3781 et
2433 3715 2577 3801 ejus
2603 3718 2840 3782 exami-

614 3862 645 3898 α
682 3831 1035 3907 natoribus,
1097 3846 1509 3913 provocare:
1548 3848 1629 3895 ea
1694 3837 1911 3896 tamen
1965 3831 2292 3910 cautione,
2350 3838 2426 3896 ut
2489 3831 2842 3915 appellatio

615 3979 645 4014 «
682 3970 809 4017 non
844 3952 909 4014 in
957 3947 1356 4030 suspensivo,
1392 3943 1512 4011 sed
1562 3947 1628 4011 in
1677 3945 2055 4013 devolutivo
2096 3966 2236 4013 esse
2268 3946 2585 4030 deberet;
2614 3966 2843 4032 quem-

615 4096 645 4129 «
682 4062 1035 4133 admodum
1067 4062 1133 4126 in
1165 4059 1309 4145 ejus
1346 4063 1831 4140 constitutione,
1867 4081 2008 4148 quae
2038 4065 2120 4129 33
2153 4069 2276 4141 est,
2309 4063 2506 4130 latius
2532 4071 2838 4144 cavetur3

615 4209 648 4246 α
685 4174 1159 4255 concludendo,
1201 4175 1403 4262 qnod,
1448 4179 1727 4243 constito
1767 4177 1852 4242 de
1889 4179 2122 4260 prioris
2168 4179 2463 4262 eligentis
2509 4179 2845 4244 irrationa-

616 4326 647 4363 α
680 4297 794 4366 bili
820 4292 1090 4380 judicio,
1117 4311 1326 4377 eoque
1371 4300 1703 4370 revocato,
1733 4293 2115 4376 parochialis
2155 4295 2434 4360 ecclesia
2465 4295 2670 4376 magis
2705 4291 2847 4359 ido-

616 4443 648 4481 «
684 4432 807 4482 neo
846 4408 1249 4478 conferatur.
