3146 4973
574 385 658 460 38
1246 411 1623 459 TaAc‘rA‘rus
1668 411 1755 458 m:
1800 405 2127 457 raaocuo.

573 533 910 621 potuerint
938 555 1055 601 nos
1082 534 1269 602 latet.
1302 538 1372 602 3⁰
1400 527 1722 619 Tempore
1751 534 1958 600 sancti
1993 530 2340 609 Athanasii,
2367 528 2434 595 id
2459 539 2558 596 est
2571 539 2805 616 quarto

574 651 831 730 saeculo,
900 653 1155 718 constat
1214 643 1644 719 sufficientem
1715 651 1913 718 fuisse
1982 650 2239 716 unicam
2323 647 2663 714 ecclesiam
2721 647 2806 714 ad

576 766 926 855 capiendos
951 785 1178 835 omnes
1202 771 1481 836 civitatis
1516 767 1774 837 fideles.
1822 769 1970 853 Ipse
1994 767 2167 834 enim
2202 769 2271 830 in
2301 783 2418 833 sua
2444 762 2735 849 apologia
2766 767 2805 828 2

574 886 666 951 sic
693 889 1008 950 memorat
1045 883 1262 970 quoad
1290 886 1523 952 urbem
1551 879 2010 951 Alexandriam
2047 904 2063 948 ε
2105 881 2338 946 Festum
2370 888 2502 944 erat
2528 879 2799 959 pascam,

575 1011 632 1065 et
672 1008 848 1065 tanta
886 1003 1213 1065 multitudo
1242 1003 1517 1081 fidelium
1550 1001 1789 1081 aderat,
1830 1008 2119 1083 quantam.
2153 1006 2220 1062 in
2259 1000 2403 1062 urbe
2433 1015 2557 1063 esse
2590 1001 2812 1062 adora-

576 1126 730 1182 tores
789 1115 1025 1182 Christi
1074 1122 1389 1201 Principes
1432 1126 1729 1201 optarint.
1790 1122 1940 1182 Cum
1990 1122 2182 1200 iyitur
2225 1124 2285 1179 et
2316 1119 2573 1179 ecclesiae
2604 1133 2812 1197 parvae

566 1247 890 1316 panemque
958 1242 1174 1310 essent,
1249 1243 1305 1297 et
1369 1253 1587 1316 maqno
1663 1237 1925 1297 turmam
1977 1239 2322 1315 posceretur
2365 1239 2434 1294 ut
2475 1237 2542 1294 in
2592 1249 2812 1311 maqna

574 1353 816 1414 ecclesia
873 1348 960 1438 (1)
1022 1359 1342 1414 conventus
1396 1353 1877 1414 celebraretur...
1949 1351 2105 1430 quod
2170 1352 2399 1428 factum
2462 1356 2634 1411 est...
2712 1347 2810 1411 De

575 1459 942 1533 Alexandro
1011 1475 1232 1532 autem
1287 1463 1690 1532 Alexandriae
1751 1465 2073 1548 Episcopo
2142 1464 2233 1528 ita
2303 1462 2513 1529 refert
2567 1459 2811 1528 ibidem

576 1582 960 1649 Athanasius
1007 1606 1021 1648 :
1065 1589 1210 1648 Cum
1260 1586 1388 1646 alia
1431 1586 1558 1646 loca
1605 1590 1865 1663 anmcsta
1896 1587 2110 1660 essent,
2160 1587 2228 1643 in
2271 1583 2514 1642 ecclesia
2557 1584 2801 1662 majore,

581 1697 809 1764 Theone
858 1707 1226 1782 nuncupata,
1276 1719 1454 1781 quam
1509 1698 1876 1778 oedificabat,
1932 1716 2191 1780 synaxes
2231 1699 2527 1759 celebrare
2569 1698 2761 1759 voluit
2784 1719 2812 1774 ,-

577 1819 643 1880 id
662 1822 820 1880 enim
846 1819 1093 1898 jubebat
1124 1816 1398 1894 fidelium
1429 1818 1853 1896 frequentia...
1889 1815 2010 1876 Hoc
2046 1821 2104 1875 et
2142 1817 2410 1878 Treviris
2440 1819 2497 1875 et
2524 1813 2816 1893 Aquileiae

576 1933 754 2010 fieri,-
806 1950 948 1995 nam
1005 1938 1065 1993 et
1112 1933 1244 1993 illic
1302 1931 1510 1994 diebus
1570 1934 1748 2010 festis
1793 1932 1864 1992 ob
1913 1911 2387 2007 multitudinem,
2441 1941 2574 1990 ciem
2621 1928 2818 1992 adhuc

579 2050 800 2130 templa
850 2048 1323 2126 (edificarentur,
1371 2047 1649 2109 collectas
1688 2046 2003 2109 Imbebant.
2043 2045 2138 2110 Ex
2179 2047 2318 2109 tota
2361 2031 2470 2109 illa
2520 2043 2812 2127 apologia

578 2164 835 2228 eruitur
896 2162 1158 2227 unicum
1235 2153 1552 2245 templum
1634 2161 1919 2243 potuisse
1997 2157 2338 2226 commode
2409 2157 2814 2224 confluentes

577 2275 985 2344 Alexandriae
1049 2276 1279 2343 fideles
1338 2293 1597 2360 capere.
1644 2278 1714 2340 4⁰
1759 2275 2195 2361 ‘sequentibus
2247 2274 2496 2340 saeculis
2553 2279 2812 2340 certum

579 2399 681 2456 est
736 2390 1020 2456 haercses
1070 2409 1200 2456 non
1259 2407 1492 2473 parum
1555 2389 1948 2454 imminuisse
2002 2405 2346 2454 numerum
2394 2387 2687 2453 fidelium
2745 2388 2814 2452 in

582 2506 953 2572 civitatibus
1006 2506 1484 2591 episcopalibus
1506 2554 1523 2584 ,
1591 2507 1952 2589 praesertim
2017 2525 2053 2570 a
2111 2513 2411 2590 tempore
2468 2505 2815 2570 invasionis

580 2624 1033 2702 barbarorum,
1073 2626 1184 2708 qui
1226 2622 1524 2709 plerique
1565 2624 1784 2689 ariana
1829 2624 1978 2689 labe
2011 2624 2238 2689 infecti
2276 2632 2485 2689 erant.
2519 2616 2660 2688 5⁰A
2695 2641 2815 2687 nu-

584 2754 765 2804 mero
813 2734 1109 2803 fidelium
1154 2737 1624 2804 confluentium
1669 2735 1753 2803 ad
1818 2738 2158 2803 ecclesiam
2207 2736 2651 2803 cathedralem
2700 2737 2816 2803 de-

582 2851 801 2919 mendi
853 2861 1003 2919 sunt
1043 2852 1347 2931 infantes,
1407 2852 1671 2931 infirmi,
1730 2858 1801 2918 et
1855 2855 2184 2919 numerosi
2232 2852 2702 2918 monachorum
2747 2857 2818 2918 et

583 2988 910 3036 sacrarum
941 2971 1265 3054 virginum
1293 2977 1523 3035 coetus.
1561 2971 1633 3035 6⁰
1672 2968 1984 3035 Civitates
2030 2970 2429 3053 episcopales
2479 2988 2611 3034 non
2650 2968 2815 3035 adeo

582 3106 843 3173 magnas
880 3086 1080 3153 fuisse
1126 3086 1408 3171 probant
1456 3088 1759 3152 maenium
1815 3094 2023 3170 septa,
2076 3085 2313 3171 quibus
2350 3085 2502 3152 olim
2534 3092 2816 3152 arctatas

582 3205 780 3271 fuisse
809 3203 1200 3271 documenta
1233 3210 1299 3269 et
1335 3204 1538 3269 ruinae
1566 3205 1930 3270 etiamnum
1962 3206 2315 3269 testantur.
2347 3202 2496 3281 naa,
2529 3204 2816 3287 aliasque

581 3318 651 3386 id
681 3339 886 3405 genus
920 3320 1207 3385 rationes
1231 3319 1341 3404 qui
1377 3317 1828 3402 perpenderit,
1862 3318 2125 3382 minime
2164 3317 2626 3402 impossibilem
2657 3316 2821 3383 affir-

584 3436 787 3504 mabit
854 3438 1066 3520 legem
1132 3433 1436 3500 fidelibus
1493 3435 1831 3500 civitatum
1890 3433 2353 3517 episcopalium
2421 3435 2809 3519 impositam,

583 3556 767 3621 festis
799 3551 1032 3618 diebus
1062 3569 1191 3616 una
1223 3566 1371 3616 cum
1415 3550 1733 3635 Episcopo
1786 3568 1997 3616 sacras
2029 3562 2305 3635 synaxes
2337 3548 2599 3635 agendi.
2634 3554 2819 3619 Insu-

585 3688 705 3754 per
761 3675 827 3734 7ο
860 3676 1114 3734 certum
1153 3675 1254 3733 est
1298 3667 1723 3751 amplissimas
1773 3667 1970 3731 fnisse
2022 3666 2432 3733 cathedrales
2478 3669 2807 3747 ecclesiaS,

584 3804 821 3870 easque
875 3782 1267 3868 peristyliiS‚
1313 3782 1695 3867 porticibuS,
1750 3782 2020 3867 aliisque
2068 3785 2387 3867 contiguis
2433 3785 2817 3850 stat-ionibus

584 3903 951 3976 instructaS,
1004 3892 1121 3964 ubi
1164 3897 1399 3964 fideles
1447 3914 1568 3983 pro
1605 3917 1832 3965 eorum
1889 3900 2064 3965 statu
2120 3918 2191 3965 ac
2232 3900 2628 3980 conditione,
2680 3904 2816 3968 sive

584 4017 1227 4096 catechumenorum,
1258 4017 1394 4082 sive
1443 4016 1922 4101 poenitentium,
1970 4017 2425 4084 consistebant.
2459 4017 2693 4085 Refert
2734 4038 2816 4086 ex

584 4132 949 4219 synchrono
999 4140 1070 4198 et
1113 4136 1363 4199 sincero
1401 4132 1800 4199 documento
1837 4130 2077 4199 Marius
2117 4132 2337 4218 Lupus
2368 4134 2464 4221 (de
2493 4138 2806 4215 Par-cedis,

654 4406 724 4473 (Ι)
757 4407 929 4471 Nempe
954 4406 1158 4458 nondum
1188 4408 1356 4457 dicata.
1399 4406 1449 4456 ld
1476 4409 1661 4457 crimini
1696 4410 1948 4460 Athanasio
1975 4416 2205 4460 verterant
2236 4412 2387 4473 ipsius
2410 4412 2585 4473 aemuli,
2613 4412 2739 4475 quod
2769 4413 2811 4461 in

583 4515 638 4553 ea
662 4502 856 4553 ecclesia
884 4499 1088 4553 nondum
1114 4508 1390 4553 consecrata
1419 4503 1720 4552 celebrasset.
