3146 4973
583 378 704 442 204
1254 339 1634 441 rueramus
1680 388 1769 443 nu
1813 392 2138 441 ranocno.

586 539 622 579 «
651 514 918 599 bosa...)
970 535 985 580 :
1043 514 1119 580 iis
1156 513 1328 580 enim
1373 532 1531 580 oves
1564 513 1983 598 peculiariter
2041 514 2311 580 fuerunt
2367 512 2800 593 demandans,

585 652 620 692 «
660 632 1150 716 animarumque
1205 648 1363 695 cura
1425 629 1580 714 ipsis
1631 630 2047 714 principalius
2101 629 2438 695 incumbit.
2501 628 2692 696 Unde
2738 636 2811 696 et

585 766 620 804 «
656 744 1011 828 Episcopus
1048 741 1290 808 dicitur
1326 749 1595 808 curatus
1635 742 2055 809 ecclesiarum
2104 762 2235 808 suae
2281 740 2600 808 dioecesis.
2616 791 2630 806 .
2646 791 2691 822 .,
2738 751 2808 809 et

584 881 618 919 «
650 863 790 923 tota
813 857 1114 923 dioecesis
1144 856 1387 922 dicitur
1423 855 1727 941 parochia
1753 857 2104 941 Episcopi..
2120 906 2135 921 .
2176 858 2309 940 Ipsi
2334 857 2475 921 veri
2496 864 2800 940 patrea...

585 996 618 1034 «
656 973 925 1057 verique
953 979 1105 1037 sunt
1137 971 1440 1037 Ecclesiae
1462 972 1762 1056 sponsi...
1786 970 1886 1036 Ad
1918 971 2040 1038 hoc
2070 970 2560 1056 significandum
2586 970 2809 1039 defert

584 1112 616 1148 (ι
652 1086 983 1154 annulum.
1006 1085 1218 1152 Minus
1244 1094 1465 1151 autem
1489 1085 1755 1169 proprie
1788 1084 1924 1151 hoec
1955 1087 2353 1152 conveniunt
2382 1086 2683 1169 parochis
2709 1087 2807 1152 in-

586 1226 619 1264 «
653 1200 1022 1269 ferioribus.
1037 1222 1113 1283 ..3
1145 1201 1326 1266 nullo
1355 1207 1578 1266 autem
1594 1199 1787 1268 modo
1806 1201 2055 1266 curatis
2072 1200 2248 1266 hisce
2270 1199 2743 1267 amovibilibus.
2768 1224 2803 1263 »

579 1315 780 1385 Addit
821 1313 1063 1380 ibidem
1107 1315 1509 1399 Pignatellus
1545 1321 1807 1381 curatos
1842 1315 1987 1381 illos
2037 1314 2413 1381 amovibiles
2449 1334 2579 1379 non
2614 1334 2805 1400 posse

579 1450 713 1494 vere
734 1438 974 1494 curatos
1020 1432 1175 1509 ὠίου
1211 1436 1407 1514 atque
1444 1449 1575 1496 non
1611 1447 1851 1511 paucos
1889 1430 1956 1495 in
2004 1429 2177 1495 hunc
2206 1448 2466 1496 sensum
2505 1437 2807 1497 auctores

578 1545 736 1610 citat
774 1565 788 1609 :
822 1562 944 1628 ego
976 1562 1139 1609 vero
1168 1563 1298 1609 non
1331 1542 1523 1610 video
1556 1542 1888 1628 quomodo
1921 1546 2064 1611 veri
2093 1541 2301 1610 curati
2339 1561 2470 1609 non
2499 1544 2652 1623 sint,
2680 1545 2807 1610 etsi

577 1659 972 1737 movibiles‚
997 1659 1044 1724 ii
1072 1659 1309 1744 quibus
1335 1660 1694 1725 animarum
1724 1678 1883 1726 cura
1910 1667 2156 1743 proprio
2173 1666 2411 1727 nomine
2436 1659 2805 1727 exercenda

579 1776 1024 1841 committitur.

1615 1998 1763 2073 511.

833 2052 862 2085 4

783 2228 790 2233 ’
896 2234 1054 2298 Neque
1081 2234 1391 2284 essentialiter
1418 2235 1677 2297 requiritur
1698 2233 1993 2296 perpetuitas
2028 2232 2207 2282 ratione
2232 2232 2465 2283 beneficii.

663 2458 823 2527 Ideo
857 2458 1133 2545 quilibet
1161 2458 1484 2544 parochus
1519 2465 1693 2526 esset
1750 2459 2115 2528 necessario
2149 2465 2512 2544 perpetuus
2548 2461 2800 2528 ratione

576 2574 895 2652 beneficii,
929 2576 1079 2662 quia
1106 2594 1235 2642 non
1265 2584 1486 2659 posset
1514 2577 1659 2660 quis
1695 2578 2003 2642 constitui
2046 2594 2244 2641 verns
2279 2575 2621 2659 parochus,
2678 2579 2801 2643 nisi

574 2688 763 2754 simul
788 2689 853 2754 ei
877 2689 1294 2755 conferretur
1322 2688 1595 2775 aliquod
1624 2688 2037 2767 beneficium,
2074 2694 2145 2755 et
2197 2690 2314 2754 nisi
2359 2689 2524 2756 illud
2553 2689 2802 2758 benefl-

576 2805 748 2869 cium
790 2803 965 2870 foret
1002 2811 1395 2889 perpetuum
1413 2852 1430 2883 ,
1468 2806 1559 2870 ita
1600 2813 1676 2870 ut
1722 2824 1960 2890 nempe
2004 2824 2084 2873 eo
2126 2804 2373 2888 privari
2412 2824 2545 2871 non
2580 2815 2801 2889 posset

573 2918 894 3001 parochus
922 2919 1059 2985 sine
1089 2918 1330 3003 judicio
1366 2925 1435 2984 et
1458 2939 1541 2986 ex
1566 2921 1766 2985 certis
1795 2921 1864 2984 in
1889 2918 2039 3004 jure
2069 2919 2526 2986 determinatis
2550 2921 2793 2986 causis:

573 3035 754 3119 atqui
782 3041 1001 3119 potest
1036 3034 1180 3119 quis
1206 3053 1403 3100 verus
1430 3053 1573 3100 esse
1604 3035 1927 3119 parochus
1963 3035 2208 3120 absque
2238 3036 2374 3102 ullo
2413 3036 2535 3119 ipsi
2566 3037 2799 3103 collato

573 3148 929 3234 beneflci03
970 3158 1042 3216 et
1081 3151 1333 3216 etiamsi
1363 3151 1818 3236 requireretur
1853 3150 2119 3236 aliquod
2154 3149 2548 3217 beneficium
2578 3159 2801 3235 potest

570 3264 732 3331 illud
765 3264 1156 3331 beneficium
1188 3284 1327 3331 esse
1357 3270 1636 3330 manuale
1663 3285 1781 3332 seu
1810 3265 1894 3332 ad
1921 3270 2151 3331 nutum
2178 3266 2545 3333 revocabile
2577 3287 2592 3333 ε
2619 3267 2798 3351 quod

571 3387 920 3464 antequam
941 3379 1317 3462 probemus,
1351 3380 1785 3446 communiter
1812 3387 2144 3465 receptam
2193 3379 2277 3446 de
2318 3380 2652 3448 beneficiis
2683 3400 2797 3447 no·

571 3494 813 3559 tionem
842 3493 1138 3560 breviter
1166 3495 1642 3578 praemittimus.

665 3611 729 3672 1⁰
757 3606 1156 3674 Beneficium
1209 3608 1469 3675 definiri
1503 3609 1695 3688 solet,
1726 3617 1835 3694 jus
1860 3618 2212 3693 perpetuum
2249 3614 2629 3693 percipiendi
2658 3613 2792 3690 fm-

569 3731 701 3786 ctus
729 3741 809 3785 ex
836 3725 1004 3786 bonis
1025 3726 1327 3803 Ecclesia,
1355 3730 1592 3788 ratione
1621 3728 1967 3807 spiritualis
1993 3726 2201 3806 officii,
2226 3731 2585 3789 auctoritate
2611 3728 2792 3789 eccle·

570 3843 816 3901 siastioa
835 3844 1226 3902 constitutum
1252 3838 1426 3926 (vide
1443 3841 1858 3918 Leurenium,
1879 3840 2062 3906 initio
2090 3841 2188 3906 sui
2207 3845 2352 3904 Fori
2369 3838 2755 3924 beneficialis)
2769 3887 2785 3906 .

569 3952 738 4016 Dum
762 3957 982 4017 autem
1013 3954 1079 4017 in
1113 3953 1233 4019 hac
1261 3953 1639 4022 definitione
1676 3953 1917 4021 dicitur
1935 3960 2046 4038 jus
2061 3963 2439 4037 perpetuum,
2465 3954 2791 4042 quomodo

567 4065 676 4133 illa
707 4085 836 4135 vox
863 4076 1212 4151 per-patenam
1247 4067 1672 4153 intelligenda
1701 4069 1805 4147 sit,
1824 4069 1916 4133 sic
1943 4068 2226 4152 explicat
2254 4070 2489 4135 citatus
2515 4077 2782 4137 auctor:

575 4202 609 4241 a
637 4180 1028 4267 Respondeo
1094 4187 1157 4248 1⁰
1201 4201 1345 4250 eam
1420 4183 1929 4268 perpetuitatem
2004 4183 2281 4267 intelligi
2300 4231 2318 4262 ‚
2378 4182 2639 4269 srequiri
2720 4193 2792 4252 et

574 4319 608 4356 ι(
642 4295 934 4363 sufficere
970 4297 1055 4364 ad
1081 4299 1400 4364 rationem
1429 4296 1756 4375 beneficii,
1785 4316 1927 4381 quae
1961 4299 2131 4365 inest
2157 4299 2279 4382 ipsi
2315 4298 2465 4365 huic
2492 4298 2626 4384 juri
2672 4317 2791 4367 seu

571 4432 604 4470 «
636 4409 970 4488 beneficio,
1006 4420 1326 4496 quatenus
1362 4413 1483 4479 hoc
1509 4413 1712 4478 semel
1753 4413 2143 4480 auctoritate
2182 4414 2429 4498 praelati
2486 4416 2791 4481 ecclesia-
