<?xml version="1.0" encoding="UTF-8"?>
<!DOCTYPE html PUBLIC "-//W3C//DTD XHTML 1.0 Transitional//EN"
    "http://www.w3.org/TR/xhtml1/DTD/xhtml1-transitional.dtd">
<html xmlns="http://www.w3.org/1999/xhtml" xml:lang="en" lang="en">
 <head>
  <title>
</title>
<meta http-equiv="Content-Type" content="text/html;charset=utf-8" />
  <meta name='ocr-system' content='tesseract 3.04.00' />
  <meta name='ocr-capabilities' content='ocr_page ocr_carea ocr_par ocr_line ocrx_word'/>
</head>
<body>
  <div class='ocr_page' id='page_1' title='image "./tractatusdeparo00bouigoog_0228.png"; bbox 0 0 3146 4973; ppageno 0'>
   <div class='ocr_carea' id='block_1_1' title="bbox 585 366 2146 429">
    <p class='ocr_par' dir='ltr' id='par_1_1' title="bbox 585 366 2146 429">
     <span class='ocr_line' id='line_1_1' title="bbox 585 366 2146 429; baseline 0.001 -3"><span class='ocrx_word' id='word_1_1' title='bbox 585 366 715 427; x_wconf 80' lang='lat'>216</span> <span class='ocrx_word' id='word_1_2' title='bbox 1267 379 1644 428; x_wconf 62' lang='lat' dir='ltr'>mcum-us</span> <span class='ocrx_word' id='word_1_3' title='bbox 1687 383 1774 428; x_wconf 63' lang='grc' dir='ltr'>ω)</span> <span class='ocrx_word' id='word_1_4' title='bbox 1818 380 2146 429; x_wconf 69' lang='grc' dir='ltr'>ΡΑιιοοηο.</span> 
     </span>
    </p>
   </div>
   <div class='ocr_carea' id='block_1_2' title="bbox 573 503 2816 3480">
    <p class='ocr_par' dir='ltr' id='par_1_2' title="bbox 578 503 2805 706">
     <span class='ocr_line' id='line_1_2' title="bbox 578 503 2805 592; baseline 0.004 -23"><span class='ocrx_word' id='word_1_5' title='bbox 578 524 648 569; x_wconf 88' lang='lat' dir='ltr'>se</span> <span class='ocrx_word' id='word_1_6' title='bbox 678 506 851 588; x_wconf 88' lang='lat' dir='ltr'>ipsos</span> <span class='ocrx_word' id='word_1_7' title='bbox 880 523 1010 569; x_wconf 88' lang='lat' dir='ltr'>non</span> <span class='ocrx_word' id='word_1_8' title='bbox 1040 503 1461 582; x_wconf 80' lang='lat' dir='ltr'>exercebant,</span> <span class='ocrx_word' id='word_1_9' title='bbox 1501 512 1564 571; x_wconf 89' lang='lat' dir='ltr'>et</span> <span class='ocrx_word' id='word_1_10' title='bbox 1586 504 1886 572; x_wconf 90' lang='lat' dir='ltr'>redditus</span> <span class='ocrx_word' id='word_1_11' title='bbox 1919 507 2320 592; x_wconf 82' lang='lat' dir='ltr'>parochiales</span> <span class='ocrx_word' id='word_1_12' title='bbox 2352 508 2805 588; x_wconf 84' lang='lat' dir='ltr'>absumebant,</span> 
     </span>
     <span class='ocr_line' id='line_1_3' title="bbox 578 619 2805 706; baseline 0.003 -21"><span class='ocrx_word' id='word_1_13' title='bbox 578 620 808 686; x_wconf 88' lang='lat' dir='ltr'>relicto</span> <span class='ocrx_word' id='word_1_14' title='bbox 836 621 1092 686; x_wconf 85' lang='lat' dir='ltr'>vicariis</span> <span class='ocrx_word' id='word_1_15' title='bbox 1121 619 1205 686; x_wconf 89' lang='lat' dir='ltr'>ad</span> <span class='ocrx_word' id='word_1_16' title='bbox 1242 621 1624 686; x_wconf 79' lang='lat' dir='ltr'>exercitium</span> <span class='ocrx_word' id='word_1_17' title='bbox 1664 641 1834 688; x_wconf 81' lang='lat' dir='ltr'>curoe</span> <span class='ocrx_word' id='word_1_18' title='bbox 1875 621 2210 706; x_wconf 88' lang='lat' dir='ltr'>deputatis</span> <span class='ocrx_word' id='word_1_19' title='bbox 2251 626 2480 691; x_wconf 90' lang='lat' dir='ltr'>salario</span> <span class='ocrx_word' id='word_1_20' title='bbox 2529 627 2805 693; x_wconf 88' lang='lat' dir='ltr'>modico.</span> 
     </span>
    </p>

    <p class='ocr_par' dir='ltr' id='par_1_3' title="bbox 573 735 2815 2210">
     <span class='ocr_line' id='line_1_4' title="bbox 665 735 2814 825; baseline 0.004 -24"><span class='ocrx_word' id='word_1_21' title='bbox 665 735 857 817; x_wconf 88' lang='lat' dir='ltr'>Quod</span> <span class='ocrx_word' id='word_1_22' title='bbox 906 743 1126 802; x_wconf 90' lang='lat' dir='ltr'>autem</span> <span class='ocrx_word' id='word_1_23' title='bbox 1173 738 1540 815; x_wconf 80' lang='lat' dir='ltr'>asserimuS,</span> <span class='ocrx_word' id='word_1_24' title='bbox 1584 738 1858 804; x_wconf 82' lang='lat' dir='ltr'>vicarios</span> <span class='ocrx_word' id='word_1_25' title='bbox 1891 745 2172 817; x_wconf 75' lang='lat' dir='ltr'>curatoS,</span> <span class='ocrx_word' id='word_1_26' title='bbox 2211 744 2651 825; x_wconf 81' lang='lat' dir='ltr'>perpetuitate</span> <span class='ocrx_word' id='word_1_27' title='bbox 2696 744 2814 809; x_wconf 89' lang='lat' dir='ltr'>de-</span> 
     </span>
     <span class='ocr_line' id='line_1_5' title="bbox 574 852 2815 940; baseline 0.002 -23"><span class='ocrx_word' id='word_1_28' title='bbox 574 854 859 930; x_wconf 77' lang='lat' dir='ltr'>stitutoS,</span> <span class='ocrx_word' id='word_1_29' title='bbox 898 852 1096 919; x_wconf 87' lang='lat' dir='ltr'>fuisse</span> <span class='ocrx_word' id='word_1_30' title='bbox 1144 853 1320 929; x_wconf 92' lang='lat' dir='ltr'>olim,</span> <span class='ocrx_word' id='word_1_31' title='bbox 1366 860 1435 919; x_wconf 88' lang='lat' dir='ltr'>et</span> <span class='ocrx_word' id='word_1_32' title='bbox 1478 853 1838 919; x_wconf 88' lang='lat' dir='ltr'>etiamnum</span> <span class='ocrx_word' id='word_1_33' title='bbox 1881 873 2024 920; x_wconf 87' lang='lat' dir='ltr'>esse</span> <span class='ocrx_word' id='word_1_34' title='bbox 2065 854 2150 920; x_wconf 87' lang='lat' dir='ltr'>de</span> <span class='ocrx_word' id='word_1_35' title='bbox 2178 854 2326 940; x_wconf 89' lang='lat' dir='ltr'>jure</span> <span class='ocrx_word' id='word_1_36' title='bbox 2361 859 2688 922; x_wconf 89' lang='lat' dir='ltr'>communi</span> <span class='ocrx_word' id='word_1_37' title='bbox 2730 864 2815 921; x_wconf 84' lang='lat' dir='ltr'>ad</span> 
     </span>
     <span class='ocr_line' id='line_1_6' title="bbox 573 970 2804 1053; baseline 0.003 -22"><span class='ocrx_word' id='word_1_38' title='bbox 573 977 784 1031; x_wconf 79' lang='lat' dir='ltr'>nutum</span> <span class='ocrx_word' id='word_1_39' title='bbox 805 971 1200 1048; x_wconf 76' lang='lat' dir='ltr'>parochorum</span> <span class='ocrx_word' id='word_1_40' title='bbox 1224 972 1666 1051; x_wconf 69' lang='lat' dir='ltr'>principalium</span> <span class='ocrx_word' id='word_1_41' title='bbox 1694 988 1808 1033; x_wconf 83' lang='lat' dir='ltr'>seu</span> <span class='ocrx_word' id='word_1_42' title='bbox 1844 970 2327 1053; x_wconf 83' lang='lat' dir='ltr'>primitivorum</span> <span class='ocrx_word' id='word_1_43' title='bbox 2370 971 2804 1049; x_wconf 82' lang='lat' dir='ltr'>revocabileS‚</span> 
     </span>
     <span class='ocr_line' id='line_1_7' title="bbox 573 1064 2810 1170; baseline 0.003 -22"><span class='ocrx_word' id='word_1_44' title='bbox 573 1091 760 1149; x_wconf 89' lang='lat' dir='ltr'>extra</span> <span class='ocrx_word' id='word_1_45' title='bbox 815 1084 1323 1150; x_wconf 81' lang='lat' dir='ltr'>controversiam</span> <span class='ocrx_word' id='word_1_46' title='bbox 1368 1093 1467 1149; x_wconf 91' lang='lat' dir='ltr'>est</span> <span class='ocrx_word' id='word_1_47' title='bbox 1509 1082 1686 1167; x_wconf 88' lang='lat' dir='ltr'>apud</span> <span class='ocrx_word' id='word_1_48' title='bbox 1733 1064 2117 1150; x_wconf 80' lang='lat' dir='ltr'>canonistas,</span> <span class='ocrx_word' id='word_1_49' title='bbox 2161 1108 2195 1146; x_wconf 89' lang='lat'>«</span> <span class='ocrx_word' id='word_1_50' title='bbox 2224 1087 2520 1152; x_wconf 74' lang='lat' dir='ltr'>vicarius</span> <span class='ocrx_word' id='word_1_51' title='bbox 2556 1094 2810 1170; x_wconf 84' lang='lat' dir='ltr'>tempo·</span> 
     </span>
     <span class='ocr_line' id='line_1_8' title="bbox 581 1199 2806 1286; baseline 0.004 -28"><span class='ocrx_word' id='word_1_52' title='bbox 581 1222 614 1259; x_wconf 91' lang='lat'>«</span> <span class='ocrx_word' id='word_1_53' title='bbox 655 1199 806 1263; x_wconf 91' lang='lat' dir='ltr'>ralis</span> <span class='ocrx_word' id='word_1_54' title='bbox 855 1200 966 1285; x_wconf 89' lang='lat' dir='ltr'>(ait</span> <span class='ocrx_word' id='word_1_55' title='bbox 1013 1200 1323 1277; x_wconf 82' lang='lat' dir='ltr'>FerrariS,</span> <span class='ocrx_word' id='word_1_56' title='bbox 1362 1218 1525 1264; x_wconf 85' lang='lat' dir='ltr'>voce</span> <span class='ocrx_word' id='word_1_57' title='bbox 1570 1205 1848 1264; x_wconf 82' lang='lat' dir='ltr'>Vicarius</span> <span class='ocrx_word' id='word_1_58' title='bbox 1878 1203 2271 1282; x_wconf 77' lang='lat' dir='ltr'>parochialis,</span> <span class='ocrx_word' id='word_1_59' title='bbox 2308 1221 2376 1265; x_wconf 89' lang='lat' dir='ltr'>n.</span> <span class='ocrx_word' id='word_1_60' title='bbox 2415 1200 2552 1286; x_wconf 83' lang='lat'>49),</span> <span class='ocrx_word' id='word_1_61' title='bbox 2603 1204 2806 1267; x_wconf 90' lang='lat' dir='ltr'>nomi-</span> 
     </span>
     <span class='ocr_line' id='line_1_9' title="bbox 578 1315 2808 1403; baseline 0.004 -30"><span class='ocrx_word' id='word_1_62' title='bbox 578 1338 611 1376; x_wconf 89' lang='lat'>«</span> <span class='ocrx_word' id='word_1_63' title='bbox 656 1322 847 1379; x_wconf 87' lang='lat' dir='ltr'>natus</span> <span class='ocrx_word' id='word_1_64' title='bbox 894 1334 930 1380; x_wconf 89' lang='lat' dir='ltr'>a</span> <span class='ocrx_word' id='word_1_65' title='bbox 974 1315 1424 1397; x_wconf 88' lang='lat' dir='ltr'>superioribus</span> <span class='ocrx_word' id='word_1_66' title='bbox 1453 1316 1887 1399; x_wconf 82' lang='lat' dir='ltr'>regularibuS,</span> <span class='ocrx_word' id='word_1_67' title='bbox 1925 1323 1995 1380; x_wconf 90' lang='lat' dir='ltr'>et</span> <span class='ocrx_word' id='word_1_68' title='bbox 2033 1336 2071 1381; x_wconf 88' lang='lat' dir='ltr'>a</span> <span class='ocrx_word' id='word_1_69' title='bbox 2099 1317 2470 1382; x_wconf 90' lang='lat' dir='ltr'>rectoribus</span> <span class='ocrx_word' id='word_1_70' title='bbox 2494 1319 2808 1403; x_wconf 88' lang='lat' dir='ltr'>principa-</span> 
     </span>
     <span class='ocr_line' id='line_1_10' title="bbox 577 1431 2807 1518; baseline 0.003 -29"><span class='ocrx_word' id='word_1_71' title='bbox 577 1453 610 1491; x_wconf 89' lang='lat'>«</span> <span class='ocrx_word' id='word_1_72' title='bbox 647 1431 837 1507; x_wconf 85' lang='lat' dir='ltr'>libus,</span> <span class='ocrx_word' id='word_1_73' title='bbox 891 1436 1108 1513; x_wconf 83' lang='lat' dir='ltr'>potest</span> <span class='ocrx_word' id='word_1_74' title='bbox 1154 1433 1229 1492; x_wconf 82' lang='lat' dir='ltr'>ab</span> <span class='ocrx_word' id='word_1_75' title='bbox 1285 1437 1435 1512; x_wconf 79' lang='lat' dir='ltr'>ipsis</span> <span class='ocrx_word' id='word_1_76' title='bbox 1483 1433 1565 1493; x_wconf 81' lang='lat' dir='ltr'>ad</span> <span class='ocrx_word' id='word_1_77' title='bbox 1612 1434 1850 1494; x_wconf 80' lang='lat' dir='ltr'>libitum</span> <span class='ocrx_word' id='word_1_78' title='bbox 1903 1432 2233 1497; x_wconf 83' lang='lat' dir='ltr'>removeri</span> <span class='ocrx_word' id='word_1_79' title='bbox 2289 1431 2431 1518; x_wconf 81' lang='lat' dir='ltr'>(non</span> <span class='ocrx_word' id='word_1_80' title='bbox 2474 1440 2673 1495; x_wconf 77' lang='lat' dir='ltr'>aute-m</span> <span class='ocrx_word' id='word_1_81' title='bbox 2731 1436 2807 1495; x_wconf 85' lang='lat' dir='ltr'>ab</span> 
     </span>
     <span class='ocr_line' id='line_1_11' title="bbox 580 1546 2798 1633; baseline 0.004 -29"><span class='ocrx_word' id='word_1_82' title='bbox 580 1568 612 1606; x_wconf 89' lang='lat'>«</span> <span class='ocrx_word' id='word_1_83' title='bbox 648 1550 957 1627; x_wconf 80' lang='lat' dir='ltr'>Episcopo,</span> <span class='ocrx_word' id='word_1_84' title='bbox 983 1546 1104 1610; x_wconf 90' lang='lat' dir='ltr'>nisi</span> <span class='ocrx_word' id='word_1_85' title='bbox 1134 1565 1217 1611; x_wconf 91' lang='lat' dir='ltr'>ex</span> <span class='ocrx_word' id='word_1_86' title='bbox 1245 1565 1435 1610; x_wconf 87' lang='lat' dir='ltr'>causa</span> <span class='ocrx_word' id='word_1_87' title='bbox 1456 1546 1745 1628; x_wconf 87' lang='lat' dir='ltr'>legitima</span> <span class='ocrx_word' id='word_1_88' title='bbox 1775 1554 1845 1612; x_wconf 87' lang='lat' dir='ltr'>et</span> <span class='ocrx_word' id='word_1_89' title='bbox 1875 1547 2258 1629; x_wconf 88' lang='lat' dir='ltr'>approbata,</span> <span class='ocrx_word' id='word_1_90' title='bbox 2280 1555 2554 1630; x_wconf 88' lang='lat' dir='ltr'>propter</span> <span class='ocrx_word' id='word_1_91' title='bbox 2582 1567 2798 1633; x_wconf 90' lang='lat' dir='ltr'>quam,</span> 
     </span>
     <span class='ocr_line' id='line_1_12' title="bbox 579 1661 2806 1747; baseline 0.003 -25"><span class='ocrx_word' id='word_1_92' title='bbox 579 1683 615 1721; x_wconf 92' lang='lat'><strong><em>«</em></strong></span> <span class='ocrx_word' id='word_1_93' title='bbox 646 1662 893 1726; x_wconf 89' lang='lat' dir='ltr'>etiamsi</span> <span class='ocrx_word' id='word_1_94' title='bbox 933 1668 1294 1746; x_wconf 86' lang='lat' dir='ltr'>perpetuus</span> <span class='ocrx_word' id='word_1_95' title='bbox 1324 1669 1519 1738; x_wconf 89' lang='lat' dir='ltr'>esset,</span> <span class='ocrx_word' id='word_1_96' title='bbox 1565 1663 1809 1745; x_wconf 87' lang='lat' dir='ltr'>privari</span> <span class='ocrx_word' id='word_1_97' title='bbox 1836 1661 2102 1747; x_wconf 88' lang='lat' dir='ltr'>posset).</span> <span class='ocrx_word' id='word_1_98' title='bbox 2143 1664 2335 1730; x_wconf 86' lang='lat' dir='ltr'>Sacra</span> <span class='ocrx_word' id='word_1_99' title='bbox 2375 1664 2806 1747; x_wconf 86' lang='lat' dir='ltr'>Congregatio</span> 
     </span>
     <span class='ocr_line' id='line_1_13' title="bbox 578 1773 2808 1860; baseline 0.003 -23"><span class='ocrx_word' id='word_1_100' title='bbox 578 1799 611 1837; x_wconf 85' lang='lat'>«</span> <span class='ocrx_word' id='word_1_101' title='bbox 649 1773 915 1843; x_wconf 85' lang='lat' dir='ltr'>Concilii</span> <span class='ocrx_word' id='word_1_102' title='bbox 943 1776 1120 1860; x_wconf 87' lang='lat' dir='ltr'>apud</span> <span class='ocrx_word' id='word_1_103' title='bbox 1136 1777 1511 1854; x_wconf 84' lang='lat' dir='ltr'>Barbosam,</span> <span class='ocrx_word' id='word_1_104' title='bbox 1557 1783 1626 1841; x_wconf 80' lang='lat' dir='ltr'>in</span> <span class='ocrx_word' id='word_1_105' title='bbox 1644 1782 1891 1843; x_wconf 82' lang='lat' dir='ltr'>Summa</span> <span class='ocrx_word' id='word_1_106' title='bbox 1928 1781 2140 1860; x_wconf 81' lang='lat' dir='ltr'>Apost.</span> <span class='ocrx_word' id='word_1_107' title='bbox 2177 1782 2567 1859; x_wconf 80' lang='lat' dir='ltr'>decisionum,</span> <span class='ocrx_word' id='word_1_108' title='bbox 2601 1780 2808 1845; x_wconf 81' lang='lat' dir='ltr'>verbo</span> 
     </span>
     <span class='ocr_line' id='line_1_14' title="bbox 578 1894 2811 1975; baseline 0.006 -27"><span class='ocrx_word' id='word_1_109' title='bbox 578 1913 611 1952; x_wconf 76' lang='lat' dir='ltr'>c&lt;</span> <span class='ocrx_word' id='word_1_110' title='bbox 650 1898 921 1955; x_wconf 80' lang='lat' dir='ltr'>Vicarius</span> <span class='ocrx_word' id='word_1_111' title='bbox 948 1901 1270 1974; x_wconf 77' lang='lat' dir='ltr'>perpetuus</span> <span class='ocrx_word' id='word_1_112' title='bbox 1294 1895 1692 1975; x_wconf 79' lang='lat' dir='ltr'>parochialis,</span> <span class='ocrx_word' id='word_1_113' title='bbox 1735 1912 1802 1955; x_wconf 90' lang='lat' dir='ltr'>n.</span> <span class='ocrx_word' id='word_1_114' title='bbox 1829 1896 1893 1956; x_wconf 78' lang='lat'>2.</span> <span class='ocrx_word' id='word_1_115' title='bbox 1934 1894 2016 1958; x_wconf 84' lang='lat' dir='ltr'>Et</span> <span class='ocrx_word' id='word_1_116' title='bbox 2042 1895 2137 1957; x_wconf 88' lang='lat' dir='ltr'>sic</span> <span class='ocrx_word' id='word_1_117' title='bbox 2167 1894 2365 1959; x_wconf 83' lang='lat' dir='ltr'>etiam</span> <span class='ocrx_word' id='word_1_118' title='bbox 2402 1894 2681 1972; x_wconf 88' lang='lat' dir='ltr'>Rota...,</span> <span class='ocrx_word' id='word_1_119' title='bbox 2716 1897 2811 1961; x_wconf 90' lang='lat' dir='ltr'>lo-</span> 
     </span>
     <span class='ocr_line' id='line_1_15' title="bbox 579 2007 2812 2099; baseline 0.003 -31"><span class='ocrx_word' id='word_1_120' title='bbox 579 2030 612 2068; x_wconf 90' lang='lat'><strong><em>«</em></strong></span> <span class='ocrx_word' id='word_1_121' title='bbox 645 2027 850 2093; x_wconf 90' lang='lat' dir='ltr'>quens</span> <span class='ocrx_word' id='word_1_122' title='bbox 913 2009 977 2073; x_wconf 88' lang='lat' dir='ltr'>in</span> <span class='ocrx_word' id='word_1_123' title='bbox 1037 2010 1253 2091; x_wconf 87' lang='lat' dir='ltr'>specie</span> <span class='ocrx_word' id='word_1_124' title='bbox 1322 2009 1406 2074; x_wconf 89' lang='lat' dir='ltr'>de</span> <span class='ocrx_word' id='word_1_125' title='bbox 1460 2009 1702 2074; x_wconf 86' lang='lat' dir='ltr'>vicario</span> <span class='ocrx_word' id='word_1_126' title='bbox 1769 2009 2093 2074; x_wconf 87' lang='lat' dir='ltr'>amovibili</span> <span class='ocrx_word' id='word_1_127' title='bbox 2153 2007 2472 2099; x_wconf 80' lang='lat' dir='ltr'>deputato</span> <span class='ocrx_word' id='word_1_128' title='bbox 2534 2031 2572 2075; x_wconf 91' lang='lat' dir='ltr'>a</span> <span class='ocrx_word' id='word_1_129' title='bbox 2642 2012 2812 2094; x_wconf 90' lang='lat' dir='ltr'>capi-</span> 
     </span>
     <span class='ocr_line' id='line_1_16' title="bbox 579 2121 1014 2210; baseline 0.002 -29"><span class='ocrx_word' id='word_1_130' title='bbox 579 2146 612 2184; x_wconf 84' lang='lat'>«</span> <span class='ocrx_word' id='word_1_131' title='bbox 646 2125 782 2191; x_wconf 73' lang='lat' dir='ltr'>tulo</span> <span class='ocrx_word' id='word_1_132' title='bbox 818 2121 932 2210; x_wconf 82' lang='lat' dir='ltr'>(l).</span> <span class='ocrx_word' id='word_1_133' title='bbox 983 2147 1014 2183; x_wconf 74' lang='lat' dir='ltr'>n</span> 
     </span>
    </p>

    <p class='ocr_par' dir='ltr' id='par_1_4' title="bbox 573 2239 2816 3480">
     <span class='ocr_line' id='line_1_17' title="bbox 663 2239 2813 2325; baseline 0.001 -20"><span class='ocrx_word' id='word_1_134' title='bbox 663 2241 826 2305; x_wconf 87' lang='lat' dir='ltr'>Hinc</span> <span class='ocrx_word' id='word_1_135' title='bbox 855 2241 907 2305; x_wconf 91' lang='lat' dir='ltr'>si</span> <span class='ocrx_word' id='word_1_136' title='bbox 938 2245 1169 2323; x_wconf 85' lang='lat' dir='ltr'>agatur</span> <span class='ocrx_word' id='word_1_137' title='bbox 1201 2239 1284 2306; x_wconf 92' lang='lat' dir='ltr'>de</span> <span class='ocrx_word' id='word_1_138' title='bbox 1318 2240 1807 2306; x_wconf 83' lang='lat' dir='ltr'>revocabilitate</span> <span class='ocrx_word' id='word_1_139' title='bbox 1848 2239 2166 2325; x_wconf 88' lang='lat' dir='ltr'>ejusmodi</span> <span class='ocrx_word' id='word_1_140' title='bbox 2198 2241 2813 2307; x_wconf 78' lang='lat' dir='ltr'>vicariorum-cura·</span> 
     </span>
     <span class='ocr_line' id='line_1_18' title="bbox 573 2356 2811 2441; baseline 0.001 -22"><span class='ocrx_word' id='word_1_141' title='bbox 573 2363 790 2421; x_wconf 90' lang='lat' dir='ltr'>torum</span> <span class='ocrx_word' id='word_1_142' title='bbox 813 2377 924 2437; x_wconf 84' lang='lat' dir='ltr'>per</span> <span class='ocrx_word' id='word_1_143' title='bbox 946 2358 1239 2438; x_wconf 74' lang='lat' dir='ltr'>parochos</span> <span class='ocrx_word' id='word_1_144' title='bbox 1270 2360 1662 2438; x_wconf 78' lang='lat' dir='ltr'>principales,</span> <span class='ocrx_word' id='word_1_145' title='bbox 1704 2356 1998 2422; x_wconf 89' lang='lat' dir='ltr'>libenter</span> <span class='ocrx_word' id='word_1_146' title='bbox 2030 2356 2445 2422; x_wconf 86' lang='lat' dir='ltr'>concedimus</span> <span class='ocrx_word' id='word_1_147' title='bbox 2475 2358 2538 2421; x_wconf 88' lang='lat' dir='ltr'>ei</span> <span class='ocrx_word' id='word_1_148' title='bbox 2568 2358 2811 2441; x_wconf 88' lang='lat' dir='ltr'>aliqua·</span> 
     </span>
     <span class='ocr_line' id='line_1_19' title="bbox 575 2468 2812 2556; baseline 0 -20"><span class='ocrx_word' id='word_1_149' title='bbox 575 2478 765 2536; x_wconf 85' lang='lat' dir='ltr'>tenus</span> <span class='ocrx_word' id='word_1_150' title='bbox 797 2468 1131 2535; x_wconf 86' lang='lat' dir='ltr'>adversari</span> <span class='ocrx_word' id='word_1_151' title='bbox 1163 2490 1377 2536; x_wconf 89' lang='lat' dir='ltr'>sacros</span> <span class='ocrx_word' id='word_1_152' title='bbox 1416 2491 1716 2537; x_wconf 81' lang='lat' dir='ltr'>canoneS.</span> <span class='ocrx_word' id='word_1_153' title='bbox 1755 2471 1910 2536; x_wconf 89' lang='lat' dir='ltr'>Eam</span> <span class='ocrx_word' id='word_1_154' title='bbox 1947 2477 2169 2537; x_wconf 85' lang='lat' dir='ltr'>tamen</span> <span class='ocrx_word' id='word_1_155' title='bbox 2206 2471 2466 2556; x_wconf 89' lang='lat' dir='ltr'>penitus</span> <span class='ocrx_word' id='word_1_156' title='bbox 2492 2471 2812 2537; x_wconf 84' lang='lat' dir='ltr'>sublatam</span> 
     </span>
     <span class='ocr_line' id='line_1_20' title="bbox 574 2585 2812 2671; baseline 0 -21"><span class='ocrx_word' id='word_1_157' title='bbox 574 2585 783 2650; x_wconf 91' lang='lat' dir='ltr'>noluit</span> <span class='ocrx_word' id='word_1_158' title='bbox 830 2585 1207 2651; x_wconf 87' lang='lat' dir='ltr'>Tridentina</span> <span class='ocrx_word' id='word_1_159' title='bbox 1254 2586 1584 2671; x_wconf 79' lang='lat' dir='ltr'>synodus3</span> <span class='ocrx_word' id='word_1_160' title='bbox 1644 2585 1763 2652; x_wconf 87' lang='lat' dir='ltr'>sed</span> <span class='ocrx_word' id='word_1_161' title='bbox 1811 2592 2203 2670; x_wconf 88' lang='lat' dir='ltr'>potestatem</span> <span class='ocrx_word' id='word_1_162' title='bbox 2262 2585 2602 2652; x_wconf 81' lang='lat' dir='ltr'>dumtaxat</span> <span class='ocrx_word' id='word_1_163' title='bbox 2654 2587 2812 2652; x_wconf 85' lang='lat' dir='ltr'>fecit</span> 
     </span>
     <span class='ocr_line' id='line_1_21' title="bbox 578 2678 2816 2787; baseline 0 -21"><span class='ocrx_word' id='word_1_164' title='bbox 578 2702 939 2784; x_wconf 87' lang='lat' dir='ltr'>Episcopis,</span> <span class='ocrx_word' id='word_1_165' title='bbox 995 2708 1069 2765; x_wconf 90' lang='lat' dir='ltr'>ut</span> <span class='ocrx_word' id='word_1_166' title='bbox 1114 2709 1361 2784; x_wconf 79' lang='lat' dir='ltr'>possent</span> <span class='ocrx_word' id='word_1_167' title='bbox 1419 2711 1781 2784; x_wconf 86' lang='lat' dir='ltr'>perpetuos</span> <span class='ocrx_word' id='word_1_168' title='bbox 1831 2704 2231 2768; x_wconf 89' lang='lat' dir='ltr'>constituere</span> <span class='ocrx_word' id='word_1_169' title='bbox 2276 2701 2594 2787; x_wconf 87' lang='lat' dir='ltr'>ejusmodi</span> <span class='ocrx_word' id='word_1_170' title='bbox 2644 2678 2816 2767; x_wconf 79' lang='lat' dir='ltr'>vica-</span> 
     </span>
     <span class='ocr_line' id='line_1_22' title="bbox 578 2818 2814 2900; baseline 0.001 -19"><span class='ocrx_word' id='word_1_171' title='bbox 578 2819 1011 2894; x_wconf 87' lang='lat' dir='ltr'>rios-curatos,</span> <span class='ocrx_word' id='word_1_172' title='bbox 1050 2823 1173 2880; x_wconf 79' lang='lat' dir='ltr'>nisi</span> <span class='ocrx_word' id='word_1_173' title='bbox 1209 2821 1391 2881; x_wconf 75' lang='lat' dir='ltr'>aliter</span> <span class='ocrx_word' id='word_1_174' title='bbox 1427 2821 1712 2900; x_wconf 73' lang='lat' dir='ltr'>expedire</span> <span class='ocrx_word' id='word_1_175' title='bbox 1751 2822 2062 2882; x_wconf 80' lang='lat' dir='ltr'>videretur</span> <span class='ocrx_word' id='word_1_176' title='bbox 2097 2839 2117 2880; x_wconf 88' lang='lat'>.·</span> <span class='ocrx_word' id='word_1_177' title='bbox 2150 2818 2327 2884; x_wconf 88' lang='lat' dir='ltr'>unde</span> <span class='ocrx_word' id='word_1_178' title='bbox 2369 2838 2516 2883; x_wconf 90' lang='lat' dir='ltr'>cum</span> <span class='ocrx_word' id='word_1_179' title='bbox 2551 2841 2590 2885; x_wconf 93' lang='lat' dir='ltr'>a</span> <span class='ocrx_word' id='word_1_180' title='bbox 2619 2820 2814 2884; x_wconf 89' lang='lat' dir='ltr'>Sacra</span> 
     </span>
     <span class='ocr_line' id='line_1_23' title="bbox 579 2934 2816 3019; baseline 0 -20"><span class='ocrx_word' id='word_1_181' title='bbox 579 2934 1090 3017; x_wconf 76' lang='lat' dir='ltr'>congregatione</span> <span class='ocrx_word' id='word_1_182' title='bbox 1123 2934 1391 2998; x_wconf 89' lang='lat' dir='ltr'>Concilii</span> <span class='ocrx_word' id='word_1_183' title='bbox 1416 2935 1759 3019; x_wconf 86' lang='lat' dir='ltr'>quaesitum</span> <span class='ocrx_word' id='word_1_184' title='bbox 1787 2939 1985 3011; x_wconf 88' lang='lat' dir='ltr'>esset,</span> <span class='ocrx_word' id='word_1_185' title='bbox 2012 2954 2094 2998; x_wconf 88' lang='lat' dir='ltr'>an</span> <span class='ocrx_word' id='word_1_186' title='bbox 2119 2941 2398 3016; x_wconf 69' lang='lat' dir='ltr'>perpetui</span> <span class='ocrx_word' id='word_1_187' title='bbox 2423 2935 2639 3000; x_wconf 88' lang='lat' dir='ltr'>vicarii</span> <span class='ocrx_word' id='word_1_188' title='bbox 2669 2955 2816 3000; x_wconf 89' lang='lat' dir='ltr'>con-</span> 
     </span>
     <span class='ocr_line' id='line_1_24' title="bbox 579 3048 2815 3134; baseline 0 -20"><span class='ocrx_word' id='word_1_189' title='bbox 579 3048 891 3114; x_wconf 85' lang='lat' dir='ltr'>stituendi</span> <span class='ocrx_word' id='word_1_190' title='bbox 923 3055 1140 3114; x_wconf 90' lang='lat' dir='ltr'>essent</span> <span class='ocrx_word' id='word_1_191' title='bbox 1166 3049 1563 3134; x_wconf 89' lang='lat' dir='ltr'>ubicumque</span> <span class='ocrx_word' id='word_1_192' title='bbox 1608 3068 1764 3114; x_wconf 86' lang='lat' dir='ltr'>cura</span> <span class='ocrx_word' id='word_1_193' title='bbox 1795 3051 2154 3115; x_wconf 88' lang='lat' dir='ltr'>animarum</span> <span class='ocrx_word' id='word_1_194' title='bbox 2180 3049 2437 3116; x_wconf 88' lang='lat' dir='ltr'>adnexa</span> <span class='ocrx_word' id='word_1_195' title='bbox 2483 3052 2815 3133; x_wconf 85' lang='lat' dir='ltr'>reperitur</span> 
     </span>
     <span class='ocr_line' id='line_1_25' title="bbox 578 3165 2808 3250; baseline 0 -19"><span class='ocrx_word' id='word_1_196' title='bbox 578 3166 770 3231; x_wconf 87' lang='lat' dir='ltr'>alicui</span> <span class='ocrx_word' id='word_1_197' title='bbox 802 3165 1107 3250; x_wconf 86' lang='lat' dir='ltr'>capitulo,</span> <span class='ocrx_word' id='word_1_198' title='bbox 1141 3165 1521 3248; x_wconf 85' lang='lat' dir='ltr'>collegiove,</span> <span class='ocrx_word' id='word_1_199' title='bbox 1544 3172 1701 3242; x_wconf 88' lang='lat' dir='ltr'>etc.‚</span> <span class='ocrx_word' id='word_1_200' title='bbox 1725 3184 2104 3249; x_wconf 90' lang='lat' dir='ltr'>responsum</span> <span class='ocrx_word' id='word_1_201' title='bbox 2137 3174 2260 3243; x_wconf 86' lang='lat' dir='ltr'>est,</span> <span class='ocrx_word' id='word_1_202' title='bbox 2300 3185 2440 3232; x_wconf 90' lang='lat' dir='ltr'>rem</span> <span class='ocrx_word' id='word_1_203' title='bbox 2468 3185 2597 3230; x_wconf 85' lang='lat' dir='ltr'>non</span> <span class='ocrx_word' id='word_1_204' title='bbox 2621 3185 2808 3249; x_wconf 89' lang='lat' dir='ltr'>posse</span> 
     </span>
     <span class='ocr_line' id='line_1_26' title="bbox 580 3280 2808 3366; baseline -0.001 -17"><span class='ocrx_word' id='word_1_205' title='bbox 580 3283 975 3366; x_wconf 82' lang='lat' dir='ltr'>generaliter</span> <span class='ocrx_word' id='word_1_206' title='bbox 1011 3281 1301 3359; x_wconf 88' lang='lat' dir='ltr'>decerni,</span> <span class='ocrx_word' id='word_1_207' title='bbox 1351 3281 1471 3347; x_wconf 88' lang='lat' dir='ltr'>sed</span> <span class='ocrx_word' id='word_1_208' title='bbox 1524 3280 1817 3365; x_wconf 87' lang='lat' dir='ltr'>pendere</span> <span class='ocrx_word' id='word_1_209' title='bbox 1867 3302 1903 3346; x_wconf 89' lang='lat' dir='ltr'>a</span> <span class='ocrx_word' id='word_1_210' title='bbox 1949 3283 2241 3349; x_wconf 90' lang='lat' dir='ltr'>locorum</span> <span class='ocrx_word' id='word_1_211' title='bbox 2291 3283 2808 3347; x_wconf 86' lang='lat' dir='ltr'>circumstantiis.</span> 
     </span>
     <span class='ocr_line' id='line_1_27' title="bbox 582 3397 2805 3480; baseline -0.001 -18"><span class='ocrx_word' id='word_1_212' title='bbox 582 3400 787 3479; x_wconf 85' lang='lat' dir='ltr'>Quam</span> <span class='ocrx_word' id='word_1_213' title='bbox 832 3397 1228 3462; x_wconf 89' lang='lat' dir='ltr'>decisionem</span> <span class='ocrx_word' id='word_1_214' title='bbox 1275 3397 1526 3462; x_wconf 85' lang='lat' dir='ltr'>referre</span> <span class='ocrx_word' id='word_1_215' title='bbox 1566 3397 1777 3462; x_wconf 88' lang='lat' dir='ltr'>solent</span> <span class='ocrx_word' id='word_1_216' title='bbox 1808 3397 2173 3474; x_wconf 66' lang='lat' dir='ltr'>canonistas,</span> <span class='ocrx_word' id='word_1_217' title='bbox 2209 3403 2279 3462; x_wconf 88' lang='lat' dir='ltr'>et</span> <span class='ocrx_word' id='word_1_218' title='bbox 2316 3416 2437 3480; x_wconf 91' lang='lat' dir='ltr'>pro</span> <span class='ocrx_word' id='word_1_219' title='bbox 2475 3397 2699 3480; x_wconf 87' lang='lat' dir='ltr'>regula</span> <span class='ocrx_word' id='word_1_220' title='bbox 2739 3397 2805 3460; x_wconf 88' lang='lat' dir='ltr'>in</span> 
     </span>
    </p>
   </div>
   <div class='ocr_carea' id='block_1_3' title="bbox 583 3511 2811 3710">
    <p class='ocr_par' dir='ltr' id='par_1_5' title="bbox 583 3511 2811 3710">
     <span class='ocr_line' id='line_1_28' title="bbox 583 3511 2811 3598; baseline 0 -22"><span class='ocrx_word' id='word_1_221' title='bbox 583 3513 701 3577; x_wconf 87' lang='lat' dir='ltr'>hac</span> <span class='ocrx_word' id='word_1_222' title='bbox 742 3514 1010 3578; x_wconf 89' lang='lat' dir='ltr'>materia</span> <span class='ocrx_word' id='word_1_223' title='bbox 1060 3521 1305 3578; x_wconf 78' lang='lat' dir='ltr'>tenent..</span> <span class='ocrx_word' id='word_1_224' title='bbox 1364 3511 1551 3598; x_wconf 87' lang='lat' dir='ltr'>(Vide</span> <span class='ocrx_word' id='word_1_225' title='bbox 1592 3513 1953 3595; x_wconf 86' lang='lat' dir='ltr'>Pignatelli‚</span> <span class='ocrx_word' id='word_1_226' title='bbox 2002 3519 2160 3580; x_wconf 88' lang='lat' dir='ltr'>tom.</span> <span class='ocrx_word' id='word_1_227' title='bbox 2207 3519 2270 3592; x_wconf 88' lang='lat'>9,</span> <span class='ocrx_word' id='word_1_228' title='bbox 2317 3514 2601 3580; x_wconf 88' lang='lat' dir='ltr'>consult.</span> <span class='ocrx_word' id='word_1_229' title='bbox 2663 3514 2811 3588; x_wconf 81' lang='lat'>143,</span> 
     </span>
     <span class='ocr_line' id='line_1_29' title="bbox 586 3626 837 3710; baseline -0.004 -18"><span class='ocrx_word' id='word_1_230' title='bbox 586 3648 652 3692; x_wconf 90' lang='lat' dir='ltr'>n.</span> <span class='ocrx_word' id='word_1_231' title='bbox 705 3626 837 3710; x_wconf 81' lang='lat'>14.)</span> 
     </span>
    </p>
   </div>
   <div class='ocr_carea' id='block_1_4' title="bbox 584 3854 2820 4295">
    <p class='ocr_par' dir='ltr' id='par_1_6' title="bbox 584 3854 2820 4295">
     <span class='ocr_line' id='line_1_30' title="bbox 653 3854 2820 3919; baseline 0.001 -15"><span class='ocrx_word' id='word_1_232' title='bbox 653 3854 722 3918; x_wconf 73' lang='grc'>(1)</span> <span class='ocrx_word' id='word_1_233' title='bbox 753 3857 976 3905; x_wconf 85' lang='lat' dir='ltr'>Gonzalcz</span> <span class='ocrx_word' id='word_1_234' title='bbox 1019 3856 1168 3905; x_wconf 78' lang='lat' dir='ltr'>Tellez</span> <span class='ocrx_word' id='word_1_235' title='bbox 1212 3856 1341 3905; x_wconf 80' lang='lat' dir='ltr'>varia</span> <span class='ocrx_word' id='word_1_236' title='bbox 1386 3868 1664 3905; x_wconf 80' lang='lat' dir='ltr'>enumerans</span> <span class='ocrx_word' id='word_1_237' title='bbox 1699 3856 1975 3906; x_wconf 81' lang='lat' dir='ltr'>discrimina</span> <span class='ocrx_word' id='word_1_238' title='bbox 2015 3864 2265 3919; x_wconf 76' lang='lat' dir='ltr'>perpetuos</span> <span class='ocrx_word' id='word_1_239' title='bbox 2301 3858 2420 3907; x_wconf 81' lang='lat' dir='ltr'>inter</span> <span class='ocrx_word' id='word_1_240' title='bbox 2453 3866 2499 3906; x_wconf 78' lang='lat' dir='ltr'>et</span> <span class='ocrx_word' id='word_1_241' title='bbox 2539 3859 2820 3918; x_wconf 75' lang='lat' dir='ltr'>temporales</span> 
     </span>
     <span class='ocr_line' id='line_1_31' title="bbox 584 3950 2818 4013; baseline 0.001 -17"><span class='ocrx_word' id='word_1_242' title='bbox 584 3951 785 3998; x_wconf 79' lang='lat' dir='ltr'>vicarios</span> <span class='ocrx_word' id='word_1_243' title='bbox 814 3952 882 3998; x_wconf 86' lang='lat' dir='ltr'>sic</span> <span class='ocrx_word' id='word_1_244' title='bbox 910 3952 1082 3999; x_wconf 83' lang='lat' dir='ltr'>habet:</span> <span class='ocrx_word' id='word_1_245' title='bbox 1111 3972 1129 3991; x_wconf 82' lang='grc' dir='ltr'>ι</span> <span class='ocrx_word' id='word_1_246' title='bbox 1160 3950 1331 3998; x_wconf 80' lang='lat' dir='ltr'>Vicarii</span> <span class='ocrx_word' id='word_1_247' title='bbox 1352 3950 1563 4012; x_wconf 83' lang='lat' dir='ltr'>perpetui</span> <span class='ocrx_word' id='word_1_248' title='bbox 1585 3958 1760 3998; x_wconf 78' lang='lat' dir='ltr'>tantum</span> <span class='ocrx_word' id='word_1_249' title='bbox 1782 3951 1962 3999; x_wconf 76' lang='lat' dir='ltr'>institui</span> <span class='ocrx_word' id='word_1_250' title='bbox 1983 3958 2030 3999; x_wconf 78' lang='lat' dir='ltr'>et</span> <span class='ocrx_word' id='word_1_251' title='bbox 2048 3950 2238 4000; x_wconf 80' lang='lat' dir='ltr'>destitui</span> <span class='ocrx_word' id='word_1_252' title='bbox 2259 3952 2317 3998; x_wconf 85' lang='lat' dir='ltr'>ab</span> <span class='ocrx_word' id='word_1_253' title='bbox 2347 3951 2578 4013; x_wconf 86' lang='lat' dir='ltr'>Episcopo</span> <span class='ocrx_word' id='word_1_254' title='bbox 2601 3957 2818 4012; x_wconf 78' lang='lat' dir='ltr'>possunt,</span> 
     </span>
     <span class='ocr_line' id='line_1_32' title="bbox 592 4044 2819 4107; baseline -0 -14"><span class='ocrx_word' id='word_1_255' title='bbox 592 4061 611 4088; x_wconf 81' lang='grc' dir='ltr'>ι</span> <span class='ocrx_word' id='word_1_256' title='bbox 646 4060 730 4093; x_wconf 78' lang='lat' dir='ltr'>nec</span> <span class='ocrx_word' id='word_1_257' title='bbox 757 4045 857 4093; x_wconf 84' lang='lat' dir='ltr'>sine</span> <span class='ocrx_word' id='word_1_258' title='bbox 886 4046 986 4106; x_wconf 83' lang='lat' dir='ltr'>ejus</span> <span class='ocrx_word' id='word_1_259' title='bbox 1014 4046 1306 4106; x_wconf 80' lang='lat' dir='ltr'>auctoritate,</span> <span class='ocrx_word' id='word_1_260' title='bbox 1336 4059 1459 4094; x_wconf 79' lang='lat' dir='ltr'>curae</span> <span class='ocrx_word' id='word_1_261' title='bbox 1486 4045 1750 4093; x_wconf 86' lang='lat' dir='ltr'>animarum</span> <span class='ocrx_word' id='word_1_262' title='bbox 1779 4046 2003 4107; x_wconf 60' lang='lat' dir='ltr'>praeponi,</span> <span class='ocrx_word' id='word_1_263' title='bbox 2036 4052 2116 4092; x_wconf 81' lang='lat' dir='ltr'>aut</span> <span class='ocrx_word' id='word_1_264' title='bbox 2143 4046 2201 4092; x_wconf 84' lang='lat' dir='ltr'>ab</span> <span class='ocrx_word' id='word_1_265' title='bbox 2231 4059 2284 4092; x_wconf 83' lang='lat' dir='ltr'>ea</span> <span class='ocrx_word' id='word_1_266' title='bbox 2313 4044 2449 4105; x_wconf 77' lang='lat' dir='ltr'>dejici</span> <span class='ocrx_word' id='word_1_267' title='bbox 2479 4045 2648 4092; x_wconf 80' lang='lat' dir='ltr'>valent.</span> <span class='ocrx_word' id='word_1_268' title='bbox 2680 4047 2819 4093; x_wconf 83' lang='lat' dir='ltr'>Tem-</span> 
     </span>
     <span class='ocr_line' id='line_1_33' title="bbox 594 4137 2815 4201; baseline 0.001 -19"><span class='ocrx_word' id='word_1_269' title='bbox 594 4159 610 4180; x_wconf 84' lang='lat'><strong>·</strong></span> <span class='ocrx_word' id='word_1_270' title='bbox 649 4138 831 4199; x_wconf 75' lang='lat' dir='ltr'>porales</span> <span class='ocrx_word' id='word_1_271' title='bbox 868 4152 977 4187; x_wconf 75' lang='lat' dir='ltr'>vero</span> <span class='ocrx_word' id='word_1_272' title='bbox 1018 4147 1194 4188; x_wconf 79' lang='lat' dir='ltr'>tantum</span> <span class='ocrx_word' id='word_1_273' title='bbox 1234 4140 1467 4187; x_wconf 77' lang='lat' dir='ltr'>voluntate</span> <span class='ocrx_word' id='word_1_274' title='bbox 1505 4147 1550 4187; x_wconf 77' lang='lat' dir='ltr'>et</span> <span class='ocrx_word' id='word_1_275' title='bbox 1590 4152 1644 4186; x_wconf 83' lang='lat' dir='ltr'>ex</span> <span class='ocrx_word' id='word_1_276' title='bbox 1679 4146 1794 4186; x_wconf 83' lang='lat' dir='ltr'>nutu</span> <span class='ocrx_word' id='word_1_277' title='bbox 1833 4139 2157 4187; x_wconf 79' lang='lat' dir='ltr'>constituentis</span> <span class='ocrx_word' id='word_1_278' title='bbox 2194 4139 2430 4200; x_wconf 81' lang='lat' dir='ltr'>eliguntur</span> <span class='ocrx_word' id='word_1_279' title='bbox 2465 4146 2511 4186; x_wconf 87' lang='lat' dir='ltr'>et</span> <span class='ocrx_word' id='word_1_280' title='bbox 2542 4137 2764 4201; x_wconf 82' lang='lat' dir='ltr'>pendent.</span> <span class='ocrx_word' id='word_1_281' title='bbox 2795 4157 2815 4176; x_wconf 75' lang='grc' dir='ltr'><strong>ι</strong></span> 
     </span>
     <span class='ocr_line' id='line_1_34' title="bbox 594 4232 1817 4295; baseline -0.002 -14"><span class='ocrx_word' id='word_1_282' title='bbox 594 4234 666 4295; x_wconf 81' lang='lat' dir='ltr'>(lu</span> <span class='ocrx_word' id='word_1_283' title='bbox 696 4247 798 4295; x_wconf 88' lang='lat' dir='ltr'>cap.</span> <span class='ocrx_word' id='word_1_284' title='bbox 822 4234 874 4295; x_wconf 79' lang='lat'>2,</span> <span class='ocrx_word' id='word_1_285' title='bbox 906 4234 979 4283; x_wconf 73' lang='lat' dir='ltr'>tit.</span> <span class='ocrx_word' id='word_1_286' title='bbox 1001 4236 1084 4294; x_wconf 78' lang='lat'>28,</span> <span class='ocrx_word' id='word_1_287' title='bbox 1116 4235 1224 4282; x_wconf 87' lang='lat' dir='ltr'>libri</span> <span class='ocrx_word' id='word_1_288' title='bbox 1258 4236 1275 4282; x_wconf 86' lang='grc'>1</span> <span class='ocrx_word' id='word_1_289' title='bbox 1316 4234 1642 4293; x_wconf 79' lang='lat' dir='ltr'>decretalium,</span> <span class='ocrx_word' id='word_1_290' title='bbox 1669 4246 1717 4280; x_wconf 90' lang='lat' dir='ltr'>n.</span> <span class='ocrx_word' id='word_1_291' title='bbox 1740 4232 1817 4293; x_wconf 84' lang='lat'>7.)</span> 
     </span>
    </p>
   </div>
  </div>
 </body>
</html>
