<?xml version="1.0" encoding="UTF-8"?>
<!DOCTYPE html PUBLIC "-//W3C//DTD XHTML 1.0 Transitional//EN"
    "http://www.w3.org/TR/xhtml1/DTD/xhtml1-transitional.dtd">
<html xmlns="http://www.w3.org/1999/xhtml" xml:lang="en" lang="en">
 <head>
  <title>
</title>
<meta http-equiv="Content-Type" content="text/html;charset=utf-8" />
  <meta name='ocr-system' content='tesseract 3.04.00' />
  <meta name='ocr-capabilities' content='ocr_page ocr_carea ocr_par ocr_line ocrx_word'/>
</head>
<body>
  <div class='ocr_page' id='page_1' title='image "./tractatusdeparo00bouigoog_0714.png"; bbox 0 0 3146 4973; ppageno 0'>
   <div class='ocr_carea' id='block_1_1' title="bbox 580 348 1809 411">
    <p class='ocr_par' dir='ltr' id='par_1_1' title="bbox 580 348 1809 411">
     <span class='ocr_line' id='line_1_1' title="bbox 580 348 1809 411; baseline -0.002 -1"><span class='ocrx_word' id='word_1_1' title='bbox 580 348 708 411; x_wconf 77' lang='lat'><strong>702</strong></span> <span class='ocrx_word' id='word_1_2' title='bbox 1586 362 1809 410; x_wconf 74' lang='lat' dir='ltr'><strong>mnssx.</strong></span> 
     </span>
    </p>
   </div>
   <div class='ocr_carea' id='block_1_2' title="bbox 571 521 2827 1426">
    <p class='ocr_par' dir='ltr' id='par_1_2' title="bbox 571 521 2827 1426">
     <span class='ocr_line' id='line_1_2' title="bbox 572 521 2663 589; baseline 0.002 -15"><span class='ocrx_word' id='word_1_3' title='bbox 572 521 768 575; x_wconf 78' lang='lat' dir='ltr'>CAPUT</span> <span class='ocrx_word' id='word_1_4' title='bbox 796 528 854 575; x_wconf 89' lang='lat' dir='ltr'><strong>V.</strong></span> <span class='ocrx_word' id='word_1_5' title='bbox 892 525 1110 588; x_wconf 81' lang='lat' dir='ltr'><strong>congrua</strong></span> <span class='ocrx_word' id='word_1_6' title='bbox 1150 525 1435 587; x_wconf 70' lang='lat' dir='ltr'><strong>coadiutoris</strong></span> <span class='ocrx_word' id='word_1_7' title='bbox 1471 524 1703 589; x_wconf 87' lang='lat' dir='ltr'><strong>quomodo</strong></span> <span class='ocrx_word' id='word_1_8' title='bbox 1747 522 2118 586; x_wconf 88' lang='lat' dir='ltr'><strong>determinanda,</strong></span> <span class='ocrx_word' id='word_1_9' title='bbox 2160 530 2206 574; x_wconf 89' lang='lat' dir='ltr'><strong>et</strong></span> <span class='ocrx_word' id='word_1_10' title='bbox 2237 524 2364 576; x_wconf 85' lang='lat' dir='ltr'><strong>unde</strong></span> <span class='ocrx_word' id='word_1_11' title='bbox 2412 527 2478 577; x_wconf 86' lang='lat' dir='ltr'><strong>sit</strong></span> <span class='ocrx_word' id='word_1_12' title='bbox 2524 526 2663 578; x_wconf 65' lang='lat' dir='ltr'><strong>‹lesu-</strong></span> 
     </span>
     <span class='ocr_line' id='line_1_3' title="bbox 641 611 2821 665; baseline -0.001 -2"><span class='ocrx_word' id='word_1_13' title='bbox 641 613 811 663; x_wconf 88' lang='lat' dir='ltr'><strong>meuda</strong></span> <span class='ocrx_word' id='word_1_14' title='bbox 841 643 2654 665; x_wconf 85' lang='grc'><strong><em>.................................</em></strong></span> <span class='ocrx_word' id='word_1_15' title='bbox 2727 611 2821 661; x_wconf 75' lang='grc'><strong>437</strong></span> 
     </span>
     <span class='ocr_line' id='line_1_4' title="bbox 574 696 2824 761; baseline -0.002 -12"><span class='ocrx_word' id='word_1_16' title='bbox 574 699 769 749; x_wconf 74' lang='lat' dir='ltr'>CAPUT</span> <span class='ocrx_word' id='word_1_17' title='bbox 794 698 876 745; x_wconf 86' lang='lat' dir='ltr'><strong>vl.</strong></span> <span class='ocrx_word' id='word_1_18' title='bbox 917 698 1041 754; x_wconf 83' lang='lat' dir='ltr'>Quid</span> <span class='ocrx_word' id='word_1_19' title='bbox 1065 699 1218 760; x_wconf 82' lang='lat' dir='ltr'><strong>possit</strong></span> <span class='ocrx_word' id='word_1_20' title='bbox 1239 697 1483 760; x_wconf 82' lang='lat' dir='ltr'><strong>coadjutor</strong></span> <span class='ocrx_word' id='word_1_21' title='bbox 1508 699 1726 761; x_wconf 79' lang='lat' dir='ltr'><strong>parochi,</strong></span> <span class='ocrx_word' id='word_1_22' title='bbox 1754 704 1801 747; x_wconf 88' lang='lat' dir='ltr'><strong>et</strong></span> <span class='ocrx_word' id='word_1_23' title='bbox 1846 696 1905 746; x_wconf 89' lang='lat' dir='ltr'><strong>ad</strong></span> <span class='ocrx_word' id='word_1_24' title='bbox 1942 696 2056 760; x_wconf 87' lang='lat' dir='ltr'><strong>quid</strong></span> <span class='ocrx_word' id='word_1_25' title='bbox 2090 702 2300 745; x_wconf 89' lang='lat' dir='ltr'><strong>teneatur</strong></span> <span class='ocrx_word' id='word_1_26' title='bbox 2306 731 2656 745; x_wconf 92' lang='grc'><strong>.......</strong></span> <span class='ocrx_word' id='word_1_27' title='bbox 2728 697 2824 745; x_wconf 78' lang='grc'><strong>458</strong></span> 
     </span>
     <span class='ocr_line' id='line_1_5' title="bbox 573 779 2663 849; baseline -0.001 -16"><span class='ocrx_word' id='word_1_28' title='bbox 573 780 777 833; x_wconf 78' lang='lat' dir='ltr'><strong>PARS</strong></span> <span class='ocrx_word' id='word_1_29' title='bbox 812 779 1164 849; x_wconf 73' lang='lat' dir='ltr'><strong>QUARTA.</strong></span> <span class='ocrx_word' id='word_1_30' title='bbox 1187 782 1309 840; x_wconf 85' lang='lat' dir='ltr'><strong>Quid</strong></span> <span class='ocrx_word' id='word_1_31' title='bbox 1326 782 1512 844; x_wconf 87' lang='lat' dir='ltr'><strong>possint</strong></span> <span class='ocrx_word' id='word_1_32' title='bbox 1534 783 1750 845; x_wconf 76' lang='lat' dir='ltr'><strong>parochi,</strong></span> <span class='ocrx_word' id='word_1_33' title='bbox 1779 795 1866 832; x_wconf 88' lang='lat' dir='ltr'><strong>seu</strong></span> <span class='ocrx_word' id='word_1_34' title='bbox 1892 781 1949 830; x_wconf 90' lang='lat' dir='ltr'><strong>de</strong></span> <span class='ocrx_word' id='word_1_35' title='bbox 1973 783 2184 843; x_wconf 88' lang='lat' dir='ltr'><strong>ipsorum</strong></span> <span class='ocrx_word' id='word_1_36' title='bbox 2203 781 2393 842; x_wconf 79' lang='lat' dir='ltr'><strong>iuribus</strong></span> <span class='ocrx_word' id='word_1_37' title='bbox 2419 788 2468 831; x_wconf 89' lang='lat' dir='ltr'><strong>et</strong></span> <span class='ocrx_word' id='word_1_38' title='bbox 2489 796 2663 844; x_wconf 67' lang='lat' dir='ltr'><strong>praero-</strong></span> 
     </span>
     <span class='ocr_line' id='line_1_6' title="bbox 641 863 2819 929; baseline -0 -14"><span class='ocrx_word' id='word_1_39' title='bbox 641 867 811 929; x_wconf 76' lang='lat' dir='ltr'><strong>gativis</strong></span> <span class='ocrx_word' id='word_1_40' title='bbox 862 902 875 916; x_wconf 93' lang='lat'>.</span> <span class='ocrx_word' id='word_1_41' title='bbox 930 898 2657 918; x_wconf 89' lang='grc'><strong>...............................</strong></span> <span class='ocrx_word' id='word_1_42' title='bbox 2726 863 2819 915; x_wconf 76' lang='grc'><strong>441</strong></span> 
     </span>
     <span class='ocr_line' id='line_1_7' title="bbox 571 950 2663 1015; baseline 0 -15"><span class='ocrx_word' id='word_1_43' title='bbox 571 952 769 1001; x_wconf 72' lang='lat' dir='ltr'>CAPUT</span> <span class='ocrx_word' id='word_1_44' title='bbox 797 953 839 999; x_wconf 92' lang='lat'><strong>1.</strong></span> <span class='ocrx_word' id='word_1_45' title='bbox 878 954 944 1000; x_wconf 87' lang='lat' dir='ltr'><strong>De</strong></span> <span class='ocrx_word' id='word_1_46' title='bbox 973 951 1278 1001; x_wconf 89' lang='lat' dir='ltr'><strong>distinctione</strong></span> <span class='ocrx_word' id='word_1_47' title='bbox 1326 954 1447 1002; x_wconf 87' lang='lat' dir='ltr'><strong>inter</strong></span> <span class='ocrx_word' id='word_1_48' title='bbox 1481 954 1591 1015; x_wconf 81' lang='lat' dir='ltr'><strong>jura</strong></span> <span class='ocrx_word' id='word_1_49' title='bbox 1631 952 1939 1015; x_wconf 80' lang='lat' dir='ltr'><strong>parochialia,</strong></span> <span class='ocrx_word' id='word_1_50' title='bbox 1971 950 2236 1000; x_wconf 76' lang='lat' dir='ltr'><strong>functiones</strong></span> <span class='ocrx_word' id='word_1_51' title='bbox 2275 950 2591 1013; x_wconf 76' lang='lat' dir='ltr'><strong>parochiales,</strong></span> <span class='ocrx_word' id='word_1_52' title='bbox 2613 959 2663 1001; x_wconf 88' lang='lat' dir='ltr'><strong>et</strong></span> 
     </span>
     <span class='ocr_line' id='line_1_8' title="bbox 641 1035 2825 1087; baseline 0 -5"><span class='ocrx_word' id='word_1_53' title='bbox 641 1035 903 1086; x_wconf 80' lang='lat' dir='ltr'><strong>functiones</strong></span> <span class='ocrx_word' id='word_1_54' title='bbox 929 1048 1057 1085; x_wconf 90' lang='lat' dir='ltr'><strong>mere</strong></span> <span class='ocrx_word' id='word_1_55' title='bbox 1079 1036 1399 1086; x_wconf 85' lang='lat' dir='ltr'><strong>sacerdotales</strong></span> <span class='ocrx_word' id='word_1_56' title='bbox 1406 1070 2652 1087; x_wconf 89' lang='grc'><strong>.......................</strong></span> <span class='ocrx_word' id='word_1_57' title='bbox 2721 1037 2825 1084; x_wconf 63' lang='grc'><strong>441</strong></span> 
     </span>
     <span class='ocr_line' id='line_1_9' title="bbox 640 1120 2820 1187; baseline -0.001 -18"><span class='ocrx_word' id='word_1_58' title='bbox 640 1120 666 1182; x_wconf 68' lang='lat'><strong>5</strong></span> <span class='ocrx_word' id='word_1_59' title='bbox 688 1122 735 1170; x_wconf 89' lang='lat' dir='ltr'><strong>l.</strong></span> <span class='ocrx_word' id='word_1_60' title='bbox 770 1121 892 1178; x_wconf 90' lang='lat' dir='ltr'><strong>Quid</strong></span> <span class='ocrx_word' id='word_1_61' title='bbox 917 1122 1143 1171; x_wconf 75' lang='lat' dir='ltr'><strong>strictiori</strong></span> <span class='ocrx_word' id='word_1_62' title='bbox 1158 1136 1300 1171; x_wconf 85' lang='lat' dir='ltr'><strong>sensu</strong></span> <span class='ocrx_word' id='word_1_63' title='bbox 1324 1136 1411 1185; x_wconf 89' lang='lat' dir='ltr'><strong>per</strong></span> <span class='ocrx_word' id='word_1_64' title='bbox 1428 1124 1538 1185; x_wconf 80' lang='lat' dir='ltr'><strong>jura</strong></span> <span class='ocrx_word' id='word_1_65' title='bbox 1557 1124 1845 1187; x_wconf 80' lang='lat' dir='ltr'><strong>parochialia</strong></span> <span class='ocrx_word' id='word_1_66' title='bbox 1864 1122 2062 1184; x_wconf 78' lang='lat' dir='ltr'><strong>intelligi</strong></span> <span class='ocrx_word' id='word_1_67' title='bbox 2082 1121 2230 1169; x_wconf 79' lang='lat' dir='ltr'><strong>soleat</strong></span> <span class='ocrx_word' id='word_1_68' title='bbox 2237 1154 2650 1170; x_wconf 90' lang='grc'><strong>........</strong></span> <span class='ocrx_word' id='word_1_69' title='bbox 2721 1121 2820 1168; x_wconf 68' lang='grc'><strong>442</strong></span> 
     </span>
     <span class='ocr_line' id='line_1_10' title="bbox 641 1202 2827 1270; baseline 0 -17"><span class='ocrx_word' id='word_1_70' title='bbox 641 1202 668 1270; x_wconf 64' lang='grc' dir='ltr'>ξ</span> <span class='ocrx_word' id='word_1_71' title='bbox 694 1206 755 1254; x_wconf 90' lang='lat'><strong>11.</strong></span> <span class='ocrx_word' id='word_1_72' title='bbox 794 1206 918 1264; x_wconf 86' lang='lat' dir='ltr'><strong>Quid</strong></span> <span class='ocrx_word' id='word_1_73' title='bbox 939 1220 1023 1268; x_wconf 90' lang='lat' dir='ltr'><strong>per</strong></span> <span class='ocrx_word' id='word_1_74' title='bbox 1045 1208 1340 1269; x_wconf 81' lang='lat' dir='ltr'><strong>parochiales</strong></span> <span class='ocrx_word' id='word_1_75' title='bbox 1358 1208 1622 1258; x_wconf 74' lang='lat' dir='ltr'><strong>functiones</strong></span> <span class='ocrx_word' id='word_1_76' title='bbox 1649 1223 1733 1258; x_wconf 88' lang='lat' dir='ltr'><strong>seu</strong></span> <span class='ocrx_word' id='word_1_77' title='bbox 1751 1210 1912 1258; x_wconf 91' lang='lat' dir='ltr'><strong>munia</strong></span> <span class='ocrx_word' id='word_1_78' title='bbox 1938 1206 2229 1270; x_wconf 82' lang='lat' dir='ltr'><strong>parochialia</strong></span> <span class='ocrx_word' id='word_1_79' title='bbox 2234 1241 2657 1256; x_wconf 91' lang='grc'><strong>........</strong></span> <span class='ocrx_word' id='word_1_80' title='bbox 2729 1204 2827 1253; x_wconf 83' lang='grc'><strong>445</strong></span> 
     </span>
     <span class='ocr_line' id='line_1_11' title="bbox 579 1289 2659 1353; baseline -0.002 -13"><span class='ocrx_word' id='word_1_81' title='bbox 579 1291 777 1340; x_wconf 75' lang='lat' dir='ltr'>CAPUT</span> <span class='ocrx_word' id='word_1_82' title='bbox 804 1291 869 1340; x_wconf 86' lang='lat'><strong>11.</strong></span> <span class='ocrx_word' id='word_1_83' title='bbox 910 1291 980 1340; x_wconf 85' lang='lat' dir='ltr'><strong>De</strong></span> <span class='ocrx_word' id='word_1_84' title='bbox 996 1292 1103 1352; x_wconf 83' lang='lat' dir='ltr'><strong>jure</strong></span> <span class='ocrx_word' id='word_1_85' title='bbox 1126 1293 1440 1353; x_wconf 81' lang='lat' dir='ltr'><strong>parochorum</strong></span> <span class='ocrx_word' id='word_1_86' title='bbox 1459 1293 1734 1344; x_wconf 88' lang='lat' dir='ltr'><strong>nominandi</strong></span> <span class='ocrx_word' id='word_1_87' title='bbox 1760 1301 1808 1342; x_wconf 90' lang='lat' dir='ltr'><strong>et</strong></span> <span class='ocrx_word' id='word_1_88' title='bbox 1826 1291 2071 1342; x_wconf 80' lang='lat' dir='ltr'><strong>amovendi</strong></span> <span class='ocrx_word' id='word_1_89' title='bbox 2089 1291 2291 1339; x_wconf 83' lang='lat' dir='ltr'><strong>vicarios</strong></span> <span class='ocrx_word' id='word_1_90' title='bbox 2315 1303 2400 1340; x_wconf 88' lang='lat' dir='ltr'><strong>seu</strong></span> <span class='ocrx_word' id='word_1_91' title='bbox 2418 1289 2659 1352; x_wconf 81' lang='lat' dir='ltr'><strong>adjutores</strong></span> 
     </span>
     <span class='ocr_line' id='line_1_12' title="bbox 641 1374 2819 1426; baseline -0.002 -2"><span class='ocrx_word' id='word_1_92' title='bbox 641 1389 754 1425; x_wconf 86' lang='lat' dir='ltr'><strong>suos</strong></span> <span class='ocrx_word' id='word_1_93' title='bbox 776 1406 2648 1426; x_wconf 89' lang='grc'><strong>..................................</strong></span> <span class='ocrx_word' id='word_1_94' title='bbox 2721 1374 2819 1420; x_wconf 82' lang='grc'><strong>444</strong></span> 
     </span>
    </p>
   </div>
   <div class='ocr_carea' id='block_1_3' title="bbox 639 1456 2827 1864">
    <p class='ocr_par' dir='ltr' id='par_1_3' title="bbox 639 1456 2827 1864">
     <span class='ocr_line' id='line_1_13' title="bbox 639 1456 2827 1525; baseline -0.001 -17"><span class='ocrx_word' id='word_1_95' title='bbox 639 1457 683 1525; x_wconf 64' lang='lat' dir='ltr'><strong>fl.</strong></span> <span class='ocrx_word' id='word_1_96' title='bbox 716 1460 757 1509; x_wconf 91' lang='lat'><strong>1.</strong></span> <span class='ocrx_word' id='word_1_97' title='bbox 794 1459 1123 1522; x_wconf 84' lang='lat' dir='ltr'><strong>Distinguendi</strong></span> <span class='ocrx_word' id='word_1_98' title='bbox 1164 1461 1375 1523; x_wconf 85' lang='lat' dir='ltr'><strong>duplicis</strong></span> <span class='ocrx_word' id='word_1_99' title='bbox 1402 1461 1577 1522; x_wconf 88' lang='lat' dir='ltr'><strong>speciei</strong></span> <span class='ocrx_word' id='word_1_100' title='bbox 1605 1460 1902 1522; x_wconf 73' lang='lat' dir='ltr'><strong>coadjutores</strong></span> <span class='ocrx_word' id='word_1_101' title='bbox 1930 1460 2263 1521; x_wconf 82' lang='lat' dir='ltr'><strong>parochorum.</strong></span> <span class='ocrx_word' id='word_1_102' title='bbox 2298 1496 2309 1506; x_wconf 91' lang='lat'><strong>.</strong></span> <span class='ocrx_word' id='word_1_103' title='bbox 2364 1495 2376 1508; x_wconf 93' lang='lat'>.</span> <span class='ocrx_word' id='word_1_104' title='bbox 2413 1493 2426 1505; x_wconf 90' lang='lat'>.</span> <span class='ocrx_word' id='word_1_105' title='bbox 2475 1493 2490 1506; x_wconf 87' lang='lat'><strong>.</strong></span> <span class='ocrx_word' id='word_1_106' title='bbox 2523 1491 2537 1505; x_wconf 92' lang='lat'><strong>.</strong></span> <span class='ocrx_word' id='word_1_107' title='bbox 2586 1492 2602 1506; x_wconf 93' lang='lat'><strong>.</strong></span> <span class='ocrx_word' id='word_1_108' title='bbox 2641 1494 2654 1506; x_wconf 92' lang='lat'><strong>.</strong></span> <span class='ocrx_word' id='word_1_109' title='bbox 2729 1456 2827 1506; x_wconf 77' lang='grc'><strong>445</strong></span> 
     </span>
     <span class='ocr_line' id='line_1_14' title="bbox 640 1542 2659 1607; baseline -0.001 -15"><span class='ocrx_word' id='word_1_110' title='bbox 640 1544 666 1606; x_wconf 61' lang='grc' dir='ltr'>ᾖ</span> <span class='ocrx_word' id='word_1_111' title='bbox 686 1545 750 1593; x_wconf 87' lang='lat'><strong>11.</strong></span> <span class='ocrx_word' id='word_1_112' title='bbox 789 1544 864 1593; x_wconf 76' lang='lat' dir='ltr'><strong>Ad</strong></span> <span class='ocrx_word' id='word_1_113' title='bbox 892 1548 1146 1606; x_wconf 91' lang='lat' dir='ltr'><strong>parochum</strong></span> <span class='ocrx_word' id='word_1_114' title='bbox 1171 1547 1377 1607; x_wconf 77' lang='lat' dir='ltr'><strong>pertinet</strong></span> <span class='ocrx_word' id='word_1_115' title='bbox 1392 1544 1635 1606; x_wconf 83' lang='lat' dir='ltr'><strong>adjutores</strong></span> <span class='ocrx_word' id='word_1_116' title='bbox 1655 1544 1858 1594; x_wconf 78' lang='lat' dir='ltr'><strong>vicarios</strong></span> <span class='ocrx_word' id='word_1_117' title='bbox 1876 1555 2010 1598; x_wconf 81' lang='lat' dir='ltr'><strong>suos,</strong></span> <span class='ocrx_word' id='word_1_118' title='bbox 2028 1542 2120 1592; x_wconf 88' lang='lat' dir='ltr'><strong>sihi</strong></span> <span class='ocrx_word' id='word_1_119' title='bbox 2138 1545 2312 1606; x_wconf 79' lang='lat' dir='ltr'><strong>eligere</strong></span> <span class='ocrx_word' id='word_1_120' title='bbox 2329 1550 2378 1592; x_wconf 89' lang='lat' dir='ltr'><strong>et</strong></span> <span class='ocrx_word' id='word_1_121' title='bbox 2396 1542 2659 1602; x_wconf 84' lang='lat' dir='ltr'><strong>nominare,</strong></span> 
     </span>
     <span class='ocr_line' id='line_1_15' title="bbox 708 1612 2820 1695; baseline -0.003 -15"><span class='ocrx_word' id='word_1_122' title='bbox 708 1633 921 1695; x_wconf 72' lang='lat' dir='ltr'><strong>quamvis</strong></span> <span class='ocrx_word' id='word_1_123' title='bbox 948 1645 1111 1682; x_wconf 90' lang='lat' dir='ltr'><strong>eorum</strong></span> <span class='ocrx_word' id='word_1_124' title='bbox 1134 1633 1409 1695; x_wconf 88' lang='lat' dir='ltr'><strong>approbatio</strong></span> <span class='ocrx_word' id='word_1_125' title='bbox 1425 1639 1608 1694; x_wconf 75' lang='lat' dir='ltr'><strong>spectet</strong></span> <span class='ocrx_word' id='word_1_126' title='bbox 1634 1631 1695 1679; x_wconf 86' lang='lat' dir='ltr'><strong>ad</strong></span> <span class='ocrx_word' id='word_1_127' title='bbox 1718 1612 2009 1693; x_wconf 65' lang='lat' dir='ltr'><strong>Episcopum</strong></span> <span class='ocrx_word' id='word_1_128' title='bbox 2014 1659 2648 1679; x_wconf 90' lang='grc'><strong>............</strong></span> <span class='ocrx_word' id='word_1_129' title='bbox 2721 1624 2820 1675; x_wconf 88' lang='grc'><strong>446</strong></span> 
     </span>
     <span class='ocr_line' id='line_1_16' title="bbox 641 1713 2657 1778; baseline -0.001 -15"><span class='ocrx_word' id='word_1_130' title='bbox 641 1715 775 1777; x_wconf 70' lang='lat'><em>5111.</em></span> <span class='ocrx_word' id='word_1_131' title='bbox 815 1716 1055 1773; x_wconf 78' lang='lat' dir='ltr'><strong>Quatenus</strong></span> <span class='ocrx_word' id='word_1_132' title='bbox 1091 1717 1256 1764; x_wconf 77' lang='lat' dir='ltr'><strong>vicarii</strong></span> <span class='ocrx_word' id='word_1_133' title='bbox 1283 1718 1599 1778; x_wconf 87' lang='lat' dir='ltr'><strong>parochorum</strong></span> <span class='ocrx_word' id='word_1_134' title='bbox 1624 1716 1868 1778; x_wconf 82' lang='lat' dir='ltr'><strong>adjutores</strong></span> <span class='ocrx_word' id='word_1_135' title='bbox 1912 1714 2117 1763; x_wconf 77' lang='lat' dir='ltr'><strong>amoveri</strong></span> <span class='ocrx_word' id='word_1_136' title='bbox 2152 1715 2338 1776; x_wconf 84' lang='lat' dir='ltr'><strong>possint</strong></span> <span class='ocrx_word' id='word_1_137' title='bbox 2362 1725 2392 1760; x_wconf 90' lang='lat' dir='ltr'><strong>a</strong></span> <span class='ocrx_word' id='word_1_138' title='bbox 2418 1713 2657 1774; x_wconf 87' lang='lat' dir='ltr'><strong>parochis,</strong></span> 
     </span>
     <span class='ocr_line' id='line_1_17' title="bbox 710 1796 2662 1864; baseline -0.001 -17"><span class='ocrx_word' id='word_1_139' title='bbox 710 1806 756 1848; x_wconf 90' lang='lat' dir='ltr'><strong>et</strong></span> <span class='ocrx_word' id='word_1_140' title='bbox 789 1799 901 1861; x_wconf 87' lang='lat' dir='ltr'><strong>quid</strong></span> <span class='ocrx_word' id='word_1_141' title='bbox 918 1801 1043 1862; x_wconf 81' lang='lat' dir='ltr'><strong>juris</strong></span> <span class='ocrx_word' id='word_1_142' title='bbox 1060 1800 1201 1850; x_wconf 90' lang='lat' dir='ltr'><strong>hodie</strong></span> <span class='ocrx_word' id='word_1_143' title='bbox 1229 1802 1276 1850; x_wconf 92' lang='lat' dir='ltr'><strong>in</strong></span> <span class='ocrx_word' id='word_1_144' title='bbox 1300 1801 1472 1861; x_wconf 86' lang='lat' dir='ltr'><strong>Gallia,</strong></span> <span class='ocrx_word' id='word_1_145' title='bbox 1493 1809 1594 1850; x_wconf 87' lang='lat' dir='ltr'><strong>tum</strong></span> <span class='ocrx_word' id='word_1_146' title='bbox 1615 1800 1769 1864; x_wconf 90' lang='lat' dir='ltr'><strong>quoad</strong></span> <span class='ocrx_word' id='word_1_147' title='bbox 1802 1799 2186 1860; x_wconf 85' lang='lat' dir='ltr'><strong>nominationem,</strong></span> <span class='ocrx_word' id='word_1_148' title='bbox 2214 1805 2311 1848; x_wconf 90' lang='lat' dir='ltr'><strong>tum</strong></span> <span class='ocrx_word' id='word_1_149' title='bbox 2335 1796 2489 1859; x_wconf 81' lang='lat' dir='ltr'><strong>quoad</strong></span> <span class='ocrx_word' id='word_1_150' title='bbox 2510 1810 2662 1846; x_wconf 85' lang='lat' dir='ltr'><strong>remo-</strong></span> 
     </span>
    </p>
   </div>
   <div class='ocr_carea' id='block_1_4' title="bbox 573 1882 2832 2359">
    <p class='ocr_par' dir='ltr' id='par_1_4' title="bbox 573 1882 2832 2288">
     <span class='ocr_line' id='line_1_18' title="bbox 711 1882 2823 1946; baseline -0.002 -15"><span class='ocrx_word' id='word_1_151' title='bbox 711 1885 883 1932; x_wconf 86' lang='lat' dir='ltr'><strong>tionem</strong></span> <span class='ocrx_word' id='word_1_152' title='bbox 921 1885 1204 1946; x_wconf 75' lang='lat' dir='ltr'><strong>(remissive)</strong></span> <span class='ocrx_word' id='word_1_153' title='bbox 1218 1916 2652 1937; x_wconf 85' lang='grc'><strong>..........................</strong></span> <span class='ocrx_word' id='word_1_154' title='bbox 2724 1882 2823 1929; x_wconf 80' lang='grc'><strong>453</strong></span> 
     </span>
     <span class='ocr_line' id='line_1_19' title="bbox 577 1968 2827 2033; baseline -0.004 -12"><span class='ocrx_word' id='word_1_155' title='bbox 577 1970 772 2021; x_wconf 78' lang='lat' dir='ltr'>CAPUT</span> <span class='ocrx_word' id='word_1_156' title='bbox 800 1969 900 2017; x_wconf 87' lang='lat'>111.</span> <span class='ocrx_word' id='word_1_157' title='bbox 941 1970 1028 2017; x_wconf 84' lang='lat' dir='ltr'><strong>Jus</strong></span> <span class='ocrx_word' id='word_1_158' title='bbox 1068 1971 1267 2031; x_wconf 88' lang='lat' dir='ltr'><strong>parochi</strong></span> <span class='ocrx_word' id='word_1_159' title='bbox 1309 1971 1461 2033; x_wconf 76' lang='lat' dir='ltr'><strong>quoad</strong></span> <span class='ocrx_word' id='word_1_160' title='bbox 1489 1972 1780 2033; x_wconf 87' lang='lat' dir='ltr'><strong>baptismata</strong></span> <span class='ocrx_word' id='word_1_161' title='bbox 1791 2002 2656 2019; x_wconf 90' lang='grc'><strong>................</strong></span> <span class='ocrx_word' id='word_1_162' title='bbox 2729 1968 2827 2018; x_wconf 77' lang='grc'><strong>454</strong></span> 
     </span>
     <span class='ocr_line' id='line_1_20' title="bbox 574 2052 2829 2118; baseline -0.003 -14"><span class='ocrx_word' id='word_1_163' title='bbox 574 2055 770 2105; x_wconf 65' lang='lat' dir='ltr'>CAPUT</span> <span class='ocrx_word' id='word_1_164' title='bbox 800 2055 882 2102; x_wconf 81' lang='lat' dir='ltr'><strong>lv.</strong></span> <span class='ocrx_word' id='word_1_165' title='bbox 918 2054 1005 2102; x_wconf 83' lang='lat' dir='ltr'><strong>Jus</strong></span> <span class='ocrx_word' id='word_1_166' title='bbox 1042 2055 1240 2117; x_wconf 86' lang='lat' dir='ltr'><strong>parochi</strong></span> <span class='ocrx_word' id='word_1_167' title='bbox 1278 2055 1431 2118; x_wconf 88' lang='lat' dir='ltr'><strong>quoad</strong></span> <span class='ocrx_word' id='word_1_168' title='bbox 1467 2057 1811 2104; x_wconf 81' lang='lat' dir='ltr'><strong>sacramentum</strong></span> <span class='ocrx_word' id='word_1_169' title='bbox 1850 2054 2133 2116; x_wconf 81' lang='lat' dir='ltr'><strong>poenitentiae</strong></span> <span class='ocrx_word' id='word_1_170' title='bbox 2138 2085 2658 2101; x_wconf 88' lang='grc'><strong>..........</strong></span> <span class='ocrx_word' id='word_1_171' title='bbox 2729 2052 2829 2099; x_wconf 77' lang='grc'><strong>455</strong></span> 
     </span>
     <span class='ocr_line' id='line_1_21' title="bbox 573 2136 2832 2202; baseline -0.002 -14"><span class='ocrx_word' id='word_1_172' title='bbox 573 2139 769 2188; x_wconf 68' lang='lat' dir='ltr'><strong>cltum</strong></span> <span class='ocrx_word' id='word_1_173' title='bbox 797 2140 854 2186; x_wconf 84' lang='lat' dir='ltr'><strong>V.</strong></span> <span class='ocrx_word' id='word_1_174' title='bbox 891 2139 978 2187; x_wconf 83' lang='lat' dir='ltr'><strong>Jus</strong></span> <span class='ocrx_word' id='word_1_175' title='bbox 1019 2141 1210 2201; x_wconf 85' lang='lat' dir='ltr'><strong>parochi</strong></span> <span class='ocrx_word' id='word_1_176' title='bbox 1239 2140 1393 2202; x_wconf 86' lang='lat' dir='ltr'><strong>quoad</strong></span> <span class='ocrx_word' id='word_1_177' title='bbox 1429 2148 1772 2190; x_wconf 88' lang='lat' dir='ltr'><strong>sacramentum</strong></span> <span class='ocrx_word' id='word_1_178' title='bbox 1801 2138 2117 2188; x_wconf 67' lang='lat' dir='ltr'><strong>Eucharistiae</strong></span> <span class='ocrx_word' id='word_1_179' title='bbox 2134 2170 2660 2187; x_wconf 81' lang='grc'><strong>..........</strong></span> <span class='ocrx_word' id='word_1_180' title='bbox 2731 2136 2832 2183; x_wconf 76' lang='grc'><strong>459</strong></span> 
     </span>
     <span class='ocr_line' id='line_1_22' title="bbox 577 2220 2665 2288; baseline -0 -15"><span class='ocrx_word' id='word_1_181' title='bbox 577 2224 773 2273; x_wconf 67' lang='lat' dir='ltr'>CAPUT</span> <span class='ocrx_word' id='word_1_182' title='bbox 800 2224 883 2272; x_wconf 83' lang='lat' dir='ltr'><strong>v1.</strong></span> <span class='ocrx_word' id='word_1_183' title='bbox 923 2225 994 2272; x_wconf 78' lang='lat' dir='ltr'><strong>An</strong></span> <span class='ocrx_word' id='word_1_184' title='bbox 1034 2232 1081 2272; x_wconf 89' lang='lat' dir='ltr'><strong>et</strong></span> <span class='ocrx_word' id='word_1_185' title='bbox 1115 2233 1346 2287; x_wconf 86' lang='lat' dir='ltr'><strong>quatenus</strong></span> <span class='ocrx_word' id='word_1_186' title='bbox 1372 2227 1528 2288; x_wconf 84' lang='lat' dir='ltr'><strong>possit</strong></span> <span class='ocrx_word' id='word_1_187' title='bbox 1551 2227 1790 2288; x_wconf 86' lang='lat' dir='ltr'><strong>parochus</strong></span> <span class='ocrx_word' id='word_1_188' title='bbox 1832 2225 1972 2273; x_wconf 88' lang='lat' dir='ltr'><strong>binas</strong></span> <span class='ocrx_word' id='word_1_189' title='bbox 1996 2224 2170 2272; x_wconf 86' lang='lat' dir='ltr'><strong>missas</strong></span> <span class='ocrx_word' id='word_1_190' title='bbox 2208 2220 2371 2270; x_wconf 85' lang='lat' dir='ltr'><strong>eodem</strong></span> <span class='ocrx_word' id='word_1_191' title='bbox 2415 2221 2492 2272; x_wconf 90' lang='lat' dir='ltr'><strong>die</strong></span> <span class='ocrx_word' id='word_1_192' title='bbox 2536 2224 2665 2273; x_wconf 82' lang='lat' dir='ltr'><strong>cele·</strong></span> 
     </span>
    </p>

    <p class='ocr_par' dir='ltr' id='par_1_5' title="bbox 642 2300 2821 2359">
     <span class='ocr_line' id='line_1_23' title="bbox 642 2300 2821 2359; baseline -0.001 -3"><span class='ocrx_word' id='word_1_193' title='bbox 642 2300 782 2356; x_wconf 73' lang='lat' dir='ltr'><strong>brare</strong></span> <span class='ocrx_word' id='word_1_194' title='bbox 788 2340 2655 2359; x_wconf 81' lang='lat'><strong>..................................</strong></span> <span class='ocrx_word' id='word_1_195' title='bbox 2728 2309 2821 2354; x_wconf 78' lang='grc'><strong>461</strong></span> 
     </span>
    </p>
   </div>
   <div class='ocr_carea' id='block_1_5' title="bbox 649 2390 2820 2710">
    <p class='ocr_par' dir='ltr' id='par_1_6' title="bbox 649 2390 2820 2710">
     <span class='ocr_line' id='line_1_24' title="bbox 658 2390 2658 2455; baseline 0 -14"><span class='ocrx_word' id='word_1_196' title='bbox 658 2391 958 2454; x_wconf 76' lang='lat' dir='ltr'><strong>Propositt‘o</strong></span> <span class='ocrx_word' id='word_1_197' title='bbox 982 2395 1046 2440; x_wconf 72' lang='lat'><strong>1⁸.</strong></span> <span class='ocrx_word' id='word_1_198' title='bbox 1086 2393 1334 2441; x_wconf 82' lang='lat' dir='ltr'><strong>Prioribus</strong></span> <span class='ocrx_word' id='word_1_199' title='bbox 1361 2393 1585 2441; x_wconf 66' lang='lat' dir='ltr'><strong>Ecclesia</strong></span> <span class='ocrx_word' id='word_1_200' title='bbox 1630 2392 1815 2441; x_wconf 76' lang='lat' dir='ltr'><strong>saeculis</strong></span> <span class='ocrx_word' id='word_1_201' title='bbox 1863 2390 2125 2440; x_wconf 81' lang='lat' dir='ltr'><strong>invaluerat</strong></span> <span class='ocrx_word' id='word_1_202' title='bbox 2172 2391 2348 2452; x_wconf 85' lang='lat' dir='ltr'><strong>passim</strong></span> <span class='ocrx_word' id='word_1_203' title='bbox 2389 2391 2658 2455; x_wconf 86' lang='lat' dir='ltr'><strong>disciplina,</strong></span> 
     </span>
     <span class='ocr_line' id='line_1_25' title="bbox 713 2475 2820 2541; baseline -0.001 -16"><span class='ocrx_word' id='word_1_204' title='bbox 713 2478 764 2525; x_wconf 82' lang='lat' dir='ltr'><strong>ut</strong></span> <span class='ocrx_word' id='word_1_205' title='bbox 789 2477 1012 2526; x_wconf 83' lang='lat' dir='ltr'><strong>sacerdos</strong></span> <span class='ocrx_word' id='word_1_206' title='bbox 1042 2478 1218 2541; x_wconf 87' lang='lat' dir='ltr'><strong>pluries</strong></span> <span class='ocrx_word' id='word_1_207' title='bbox 1243 2477 1405 2527; x_wconf 88' lang='lat' dir='ltr'><strong>eadem</strong></span> <span class='ocrx_word' id='word_1_208' title='bbox 1447 2478 1525 2527; x_wconf 89' lang='lat' dir='ltr'><strong>die</strong></span> <span class='ocrx_word' id='word_1_209' title='bbox 1568 2477 1727 2527; x_wconf 81' lang='lat' dir='ltr'><strong>divina</strong></span> <span class='ocrx_word' id='word_1_210' title='bbox 1762 2478 1992 2540; x_wconf 75' lang='lat' dir='ltr'><strong>mysteria</strong></span> <span class='ocrx_word' id='word_1_211' title='bbox 2035 2476 2274 2525; x_wconf 87' lang='lat' dir='ltr'><strong>celebrare</strong></span> <span class='ocrx_word' id='word_1_212' title='bbox 2307 2485 2486 2539; x_wconf 86' lang='lat' dir='ltr'><strong>posset.</strong></span> <span class='ocrx_word' id='word_1_213' title='bbox 2527 2513 2539 2526; x_wconf 88' lang='lat'>.</span> <span class='ocrx_word' id='word_1_214' title='bbox 2585 2512 2600 2526; x_wconf 89' lang='lat'><strong>.</strong></span> <span class='ocrx_word' id='word_1_215' title='bbox 2646 2512 2659 2525; x_wconf 91' lang='lat'>.</span> <span class='ocrx_word' id='word_1_216' title='bbox 2732 2475 2820 2527; x_wconf 71' lang='lat'><strong>⁴81</strong></span> 
     </span>
     <span class='ocr_line' id='line_1_26' title="bbox 649 2562 2663 2625; baseline 0 -13"><span class='ocrx_word' id='word_1_217' title='bbox 649 2562 945 2624; x_wconf 72' lang='lat' dir='ltr'><strong>Propositio</strong></span> <span class='ocrx_word' id='word_1_218' title='bbox 974 2563 1060 2610; x_wconf 74' lang='lat'>11¹.</span> <span class='ocrx_word' id='word_1_219' title='bbox 1099 2565 1139 2612; x_wconf 81' lang='grc' dir='ltr'><strong>Δ</strong></span> <span class='ocrx_word' id='word_1_220' title='bbox 1170 2564 1331 2612; x_wconf 89' lang='lat' dir='ltr'><strong>multis</strong></span> <span class='ocrx_word' id='word_1_221' title='bbox 1366 2563 1463 2624; x_wconf 81' lang='lat' dir='ltr'><strong>jam</strong></span> <span class='ocrx_word' id='word_1_222' title='bbox 1490 2563 1674 2612; x_wconf 63' lang='lat' dir='ltr'><strong>saeculis</strong></span> <span class='ocrx_word' id='word_1_223' title='bbox 1700 2570 1827 2610; x_wconf 90' lang='lat' dir='ltr'><strong>certa</strong></span> <span class='ocrx_word' id='word_1_224' title='bbox 1855 2569 1930 2610; x_wconf 88' lang='lat' dir='ltr'><strong>est</strong></span> <span class='ocrx_word' id='word_1_225' title='bbox 1951 2562 2025 2609; x_wconf 81' lang='lat' dir='ltr'><strong>lex</strong></span> <span class='ocrx_word' id='word_1_226' title='bbox 2049 2563 2382 2625; x_wconf 85' lang='lat' dir='ltr'><strong>ecclesiastica,</strong></span> <span class='ocrx_word' id='word_1_227' title='bbox 2408 2563 2663 2613; x_wconf 83' lang='lat' dir='ltr'><strong>hodiedum</strong></span> 
     </span>
     <span class='ocr_line' id='line_1_27' title="bbox 711 2647 2661 2710; baseline 0.001 -15"><span class='ocrx_word' id='word_1_228' title='bbox 711 2648 848 2710; x_wconf 91' lang='lat' dir='ltr'><strong>plene</strong></span> <span class='ocrx_word' id='word_1_229' title='bbox 876 2647 1067 2709; x_wconf 77' lang='lat' dir='ltr'><strong>vigens,</strong></span> <span class='ocrx_word' id='word_1_230' title='bbox 1111 2661 1205 2710; x_wconf 91' lang='lat' dir='ltr'><strong>qua</strong></span> <span class='ocrx_word' id='word_1_231' title='bbox 1243 2648 1553 2709; x_wconf 89' lang='lat' dir='ltr'><strong>prohibentur</strong></span> <span class='ocrx_word' id='word_1_232' title='bbox 1581 2647 1872 2706; x_wconf 84' lang='lat' dir='ltr'><strong>sacerdotes,</strong></span> <span class='ocrx_word' id='word_1_233' title='bbox 1898 2653 2208 2709; x_wconf 82' lang='lat' dir='ltr'><strong>praeterquam</strong></span> <span class='ocrx_word' id='word_1_234' title='bbox 2243 2648 2291 2696; x_wconf 91' lang='lat' dir='ltr'><strong>in</strong></span> <span class='ocrx_word' id='word_1_235' title='bbox 2316 2648 2493 2698; x_wconf 84' lang='lat' dir='ltr'><strong>Natalis</strong></span> <span class='ocrx_word' id='word_1_236' title='bbox 2519 2648 2661 2708; x_wconf 75' lang='lat' dir='ltr'><strong>festo,</strong></span> 
     </span>
    </p>
   </div>
   <div class='ocr_carea' id='block_1_6' title="bbox 646 2730 2833 2962">
    <p class='ocr_par' dir='ltr' id='par_1_7' title="bbox 646 2730 2833 2962">
     <span class='ocr_line' id='line_1_28' title="bbox 712 2730 2821 2793; baseline 0.001 -15"><span class='ocrx_word' id='word_1_237' title='bbox 712 2732 893 2793; x_wconf 88' lang='lat' dir='ltr'><strong>pluries</strong></span> <span class='ocrx_word' id='word_1_238' title='bbox 924 2730 1086 2779; x_wconf 90' lang='lat' dir='ltr'><strong>eodem</strong></span> <span class='ocrx_word' id='word_1_239' title='bbox 1125 2732 1200 2780; x_wconf 91' lang='lat' dir='ltr'><strong>die</strong></span> <span class='ocrx_word' id='word_1_240' title='bbox 1229 2732 1485 2791; x_wconf 86' lang='lat' dir='ltr'><strong>celebrare,</strong></span> <span class='ocrx_word' id='word_1_241' title='bbox 1530 2739 1725 2792; x_wconf 83' lang='lat' dir='ltr'><strong>excepto</strong></span> <span class='ocrx_word' id='word_1_242' title='bbox 1752 2731 2048 2779; x_wconf 85' lang='lat' dir='ltr'><strong>necessitatis</strong></span> <span class='ocrx_word' id='word_1_243' title='bbox 2073 2746 2185 2781; x_wconf 90' lang='lat' dir='ltr'><strong>casu</strong></span> <span class='ocrx_word' id='word_1_244' title='bbox 2191 2767 2656 2782; x_wconf 87' lang='grc'><strong>.........</strong></span> <span class='ocrx_word' id='word_1_245' title='bbox 2732 2733 2821 2781; x_wconf 83' lang='grc'><strong>461</strong></span> 
     </span>
     <span class='ocr_line' id='line_1_29' title="bbox 646 2814 2664 2880; baseline 0 -15"><span class='ocrx_word' id='word_1_246' title='bbox 646 2814 940 2878; x_wconf 64' lang='lat' dir='ltr'><strong>propositio</strong></span> <span class='ocrx_word' id='word_1_247' title='bbox 964 2816 1075 2863; x_wconf 76' lang='lat'>111⁸.</span> <span class='ocrx_word' id='word_1_248' title='bbox 1107 2817 1274 2865; x_wconf 85' lang='lat' dir='ltr'><strong>Plures</strong></span> <span class='ocrx_word' id='word_1_249' title='bbox 1291 2829 1429 2865; x_wconf 88' lang='lat' dir='ltr'><strong>casus</strong></span> <span class='ocrx_word' id='word_1_250' title='bbox 1446 2816 1507 2863; x_wconf 88' lang='lat' dir='ltr'><strong>ab</strong></span> <span class='ocrx_word' id='word_1_251' title='bbox 1525 2816 1731 2877; x_wconf 87' lang='lat' dir='ltr'><strong>antiquis</strong></span> <span class='ocrx_word' id='word_1_252' title='bbox 1750 2816 2004 2864; x_wconf 89' lang='lat' dir='ltr'><strong>canonistis</strong></span> <span class='ocrx_word' id='word_1_253' title='bbox 2021 2817 2170 2865; x_wconf 90' lang='lat' dir='ltr'><strong>habiti</strong></span> <span class='ocrx_word' id='word_1_254' title='bbox 2190 2824 2409 2880; x_wconf 86' lang='lat' dir='ltr'><strong>tanquam</strong></span> <span class='ocrx_word' id='word_1_255' title='bbox 2429 2831 2458 2866; x_wconf 97' lang='lat' dir='ltr'><strong>a</strong></span> <span class='ocrx_word' id='word_1_256' title='bbox 2474 2816 2664 2880; x_wconf 80' lang='lat' dir='ltr'><strong>praefata</strong></span> 
     </span>
     <span class='ocr_line' id='line_1_30' title="bbox 716 2899 2833 2962; baseline 0 -14"><span class='ocrx_word' id='word_1_257' title='bbox 716 2901 819 2961; x_wconf 82' lang='lat' dir='ltr'><strong>lege</strong></span> <span class='ocrx_word' id='word_1_258' title='bbox 861 2901 1061 2962; x_wconf 80' lang='lat' dir='ltr'><strong>excepti,</strong></span> <span class='ocrx_word' id='word_1_259' title='bbox 1092 2907 1144 2950; x_wconf 89' lang='lat' dir='ltr'><strong>ut</strong></span> <span class='ocrx_word' id='word_1_260' title='bbox 1173 2902 1289 2950; x_wconf 86' lang='lat' dir='ltr'><strong>tales</strong></span> <span class='ocrx_word' id='word_1_261' title='bbox 1323 2900 1464 2951; x_wconf 90' lang='lat' dir='ltr'><strong>hodie</strong></span> <span class='ocrx_word' id='word_1_262' title='bbox 1494 2899 1698 2948; x_wconf 84' lang='lat' dir='ltr'><strong>habendi</strong></span> <span class='ocrx_word' id='word_1_263' title='bbox 1733 2914 1824 2949; x_wconf 90' lang='lat' dir='ltr'><strong>non</strong></span> <span class='ocrx_word' id='word_1_264' title='bbox 1864 2907 1992 2948; x_wconf 88' lang='lat' dir='ltr'><strong>sunt.</strong></span> <span class='ocrx_word' id='word_1_265' title='bbox 2034 2930 2046 2940; x_wconf 91' lang='lat'><em>-</em></span> <span class='ocrx_word' id='word_1_266' title='bbox 2090 2937 2603 2953; x_wconf 90' lang='grc'><strong>..........</strong></span> <span class='ocrx_word' id='word_1_267' title='bbox 2733 2904 2833 2953; x_wconf 70' lang='grc' dir='ltr'><strong>4ὃί</strong></span> 
     </span>
    </p>
   </div>
   <div class='ocr_carea' id='block_1_7' title="bbox 643 2984 2828 3475">
    <p class='ocr_par' dir='ltr' id='par_1_8' title="bbox 647 2984 2827 3219">
     <span class='ocr_line' id='line_1_31' title="bbox 647 2984 2661 3048; baseline 0 -14"><span class='ocrx_word' id='word_1_268' title='bbox 647 2985 943 3047; x_wconf 57' lang='lat' dir='ltr'><strong>&amp;epasmo</strong></span> <span class='ocrx_word' id='word_1_269' title='bbox 972 2985 1076 3033; x_wconf 72' lang='lat' dir='ltr'><strong>1V2.</strong></span> <span class='ocrx_word' id='word_1_270' title='bbox 1118 2985 1189 3033; x_wconf 76' lang='lat' dir='ltr'><strong>Ad</strong></span> <span class='ocrx_word' id='word_1_271' title='bbox 1216 2988 1309 3034; x_wconf 89' lang='lat' dir='ltr'><strong>hoc</strong></span> <span class='ocrx_word' id='word_1_272' title='bbox 1336 2992 1389 3035; x_wconf 92' lang='lat' dir='ltr'><strong>ut</strong></span> <span class='ocrx_word' id='word_1_273' title='bbox 1416 2986 1655 3048; x_wconf 86' lang='lat' dir='ltr'><strong>parochus</strong></span> <span class='ocrx_word' id='word_1_274' title='bbox 1695 2985 1742 3032; x_wconf 92' lang='lat' dir='ltr'><strong>in</strong></span> <span class='ocrx_word' id='word_1_275' title='bbox 1770 2984 1955 3033; x_wconf 88' lang='lat' dir='ltr'><strong>duabus</strong></span> <span class='ocrx_word' id='word_1_276' title='bbox 1982 2985 2196 3035; x_wconf 80' lang='lat' dir='ltr'><strong>ecclesiis</strong></span> <span class='ocrx_word' id='word_1_277' title='bbox 2223 2985 2387 3035; x_wconf 86' lang='lat' dir='ltr'><strong>eodem</strong></span> <span class='ocrx_word' id='word_1_278' title='bbox 2421 2986 2498 3035; x_wconf 88' lang='lat' dir='ltr'><strong>die</strong></span> <span class='ocrx_word' id='word_1_279' title='bbox 2534 2987 2661 3034; x_wconf 84' lang='lat' dir='ltr'><strong>licite</strong></span> 
     </span>
     <span class='ocr_line' id='line_1_32' title="bbox 713 3069 2659 3134; baseline -0.002 -12"><span class='ocrx_word' id='word_1_280' title='bbox 713 3073 951 3122; x_wconf 88' lang='lat' dir='ltr'><strong>celebrare</strong></span> <span class='ocrx_word' id='word_1_281' title='bbox 988 3073 1160 3134; x_wconf 80' lang='lat' dir='ltr'><strong>possit,</strong></span> <span class='ocrx_word' id='word_1_282' title='bbox 1209 3072 1325 3120; x_wconf 88' lang='lat' dir='ltr'><strong>satis</strong></span> <span class='ocrx_word' id='word_1_283' title='bbox 1372 3078 1445 3119; x_wconf 87' lang='lat' dir='ltr'><strong>est</strong></span> <span class='ocrx_word' id='word_1_284' title='bbox 1473 3069 1603 3133; x_wconf 91' lang='lat' dir='ltr'><strong>quod</strong></span> <span class='ocrx_word' id='word_1_285' title='bbox 1639 3070 1848 3132; x_wconf 89' lang='lat' dir='ltr'><strong>alioquin</strong></span> <span class='ocrx_word' id='word_1_286' title='bbox 1901 3070 2127 3120; x_wconf 83' lang='lat' dir='ltr'><strong>alteruter</strong></span> <span class='ocrx_word' id='word_1_287' title='bbox 2153 3084 2209 3119; x_wconf 78' lang='lat' dir='ltr'><strong>ex</strong></span> <span class='ocrx_word' id='word_1_288' title='bbox 2244 3071 2434 3121; x_wconf 86' lang='lat' dir='ltr'><strong>duobus</strong></span> <span class='ocrx_word' id='word_1_289' title='bbox 2476 3070 2659 3120; x_wconf 88' lang='lat' dir='ltr'><strong>dissitis</strong></span> 
     </span>
     <span class='ocr_line' id='line_1_33' title="bbox 710 3154 2827 3219; baseline -0.001 -13"><span class='ocrx_word' id='word_1_290' title='bbox 710 3156 899 3219; x_wconf 87' lang='lat' dir='ltr'><strong>populis</strong></span> <span class='ocrx_word' id='word_1_291' title='bbox 925 3158 1072 3206; x_wconf 88' lang='lat' dir='ltr'><strong>missa</strong></span> <span class='ocrx_word' id='word_1_292' title='bbox 1094 3170 1254 3205; x_wconf 87' lang='lat' dir='ltr'><strong>carere</strong></span> <span class='ocrx_word' id='word_1_293' title='bbox 1273 3156 1442 3205; x_wconf 87' lang='lat' dir='ltr'><strong>debeat</strong></span> <span class='ocrx_word' id='word_1_294' title='bbox 1474 3156 1551 3204; x_wconf 90' lang='lat' dir='ltr'><strong>die</strong></span> <span class='ocrx_word' id='word_1_295' title='bbox 1582 3156 1816 3205; x_wconf 88' lang='lat' dir='ltr'><strong>dominico</strong></span> <span class='ocrx_word' id='word_1_296' title='bbox 1843 3163 1924 3204; x_wconf 91' lang='lat' dir='ltr'><strong>aut</strong></span> <span class='ocrx_word' id='word_1_297' title='bbox 1947 3154 2066 3205; x_wconf 76' lang='lat' dir='ltr'><strong>festo</strong></span> <span class='ocrx_word' id='word_1_298' title='bbox 2073 3191 2651 3206; x_wconf 87' lang='grc'><strong>...........</strong></span> <span class='ocrx_word' id='word_1_299' title='bbox 2727 3157 2827 3204; x_wconf 80' lang='grc'><strong>464</strong></span> 
     </span>
    </p>

    <p class='ocr_par' dir='ltr' id='par_1_9' title="bbox 647 3241 2828 3392">
     <span class='ocr_line' id='line_1_34' title="bbox 647 3241 2657 3307; baseline -0.003 -11"><span class='ocrx_word' id='word_1_300' title='bbox 647 3244 946 3307; x_wconf 69' lang='lat' dir='ltr'><strong>Propositr&#39;o</strong></span> <span class='ocrx_word' id='word_1_301' title='bbox 964 3244 1046 3291; x_wconf 64' lang='lat' dir='ltr'><strong>W.</strong></span> <span class='ocrx_word' id='word_1_302' title='bbox 1071 3244 1222 3292; x_wconf 81' lang='lat' dir='ltr'><strong>Etiam</strong></span> <span class='ocrx_word' id='word_1_303' title='bbox 1243 3243 1290 3291; x_wconf 89' lang='lat' dir='ltr'><strong>in</strong></span> <span class='ocrx_word' id='word_1_304' title='bbox 1310 3241 1471 3291; x_wconf 89' lang='lat' dir='ltr'><strong>eadem</strong></span> <span class='ocrx_word' id='word_1_305' title='bbox 1494 3243 1699 3290; x_wconf 85' lang='lat' dir='ltr'><strong>ecelesia</strong></span> <span class='ocrx_word' id='word_1_306' title='bbox 1723 3241 1797 3290; x_wconf 87' lang='lat' dir='ltr'><strong>bis</strong></span> <span class='ocrx_word' id='word_1_307' title='bbox 1815 3241 1978 3292; x_wconf 85' lang='lat' dir='ltr'><strong>eodem</strong></span> <span class='ocrx_word' id='word_1_308' title='bbox 2000 3241 2077 3289; x_wconf 92' lang='lat' dir='ltr'><strong>die</strong></span> <span class='ocrx_word' id='word_1_309' title='bbox 2095 3243 2334 3293; x_wconf 90' lang='lat' dir='ltr'><strong>celebrare</strong></span> <span class='ocrx_word' id='word_1_310' title='bbox 2355 3242 2535 3291; x_wconf 88' lang='lat' dir='ltr'><strong>licitum</strong></span> <span class='ocrx_word' id='word_1_311' title='bbox 2554 3254 2657 3289; x_wconf 86' lang='lat' dir='ltr'><strong>esse</strong></span> 
     </span>
     <span class='ocr_line' id='line_1_35' title="bbox 712 3325 2828 3392; baseline -0.002 -15"><span class='ocrx_word' id='word_1_312' title='bbox 712 3337 866 3392; x_wconf 87' lang='lat' dir='ltr'><strong>potest</strong></span> <span class='ocrx_word' id='word_1_313' title='bbox 882 3330 1089 3390; x_wconf 85' lang='lat' dir='ltr'><strong>parocho</strong></span> <span class='ocrx_word' id='word_1_314' title='bbox 1119 3343 1131 3376; x_wconf 92' lang='lat'><strong>:</strong></span> <span class='ocrx_word' id='word_1_315' title='bbox 1160 3328 1201 3376; x_wconf 88' lang='lat' dir='ltr'><strong>si</strong></span> <span class='ocrx_word' id='word_1_316' title='bbox 1220 3341 1390 3390; x_wconf 87' lang='lat' dir='ltr'><strong>nempe</strong></span> <span class='ocrx_word' id='word_1_317' title='bbox 1408 3327 1558 3375; x_wconf 82' lang='lat' dir='ltr'><strong>unieoe</strong></span> <span class='ocrx_word' id='word_1_318' title='bbox 1576 3327 1733 3375; x_wconf 80' lang='lat' dir='ltr'><strong>missae</strong></span> <span class='ocrx_word' id='word_1_319' title='bbox 1751 3340 1918 3388; x_wconf 83' lang='lat' dir='ltr'><strong>magna</strong></span> <span class='ocrx_word' id='word_1_320' title='bbox 1938 3337 2049 3388; x_wconf 86' lang='lat' dir='ltr'><strong>pars</strong></span> <span class='ocrx_word' id='word_1_321' title='bbox 2067 3328 2229 3389; x_wconf 85' lang='lat' dir='ltr'><strong>populi</strong></span> <span class='ocrx_word' id='word_1_322' title='bbox 2252 3328 2418 3377; x_wconf 87' lang='lat' dir='ltr'><strong>adesse</strong></span> <span class='ocrx_word' id='word_1_323' title='bbox 2438 3333 2654 3388; x_wconf 82' lang='lat' dir='ltr'><strong>nequeat.</strong></span> <span class='ocrx_word' id='word_1_324' title='bbox 2727 3325 2828 3374; x_wconf 70' lang='grc'><strong>465</strong></span> 
     </span>
    </p>

    <p class='ocr_par' dir='ltr' id='par_1_10' title="bbox 643 3408 2659 3475">
     <span class='ocr_line' id='line_1_36' title="bbox 643 3408 2659 3475; baseline -0.001 -13"><span class='ocrx_word' id='word_1_325' title='bbox 643 3408 942 3475; x_wconf 69' lang='lat' dir='ltr'><strong>Propositio</strong></span> <span class='ocrx_word' id='word_1_326' title='bbox 965 3413 1069 3460; x_wconf 83' lang='lat' dir='ltr'><strong>vl·.</strong></span> <span class='ocrx_word' id='word_1_327' title='bbox 1094 3411 1166 3461; x_wconf 71' lang='lat' dir='ltr'><strong>Ad</strong></span> <span class='ocrx_word' id='word_1_328' title='bbox 1189 3411 1479 3460; x_wconf 84' lang='lat' dir='ltr'><strong>iterationem</strong></span> <span class='ocrx_word' id='word_1_329' title='bbox 1507 3412 1555 3460; x_wconf 90' lang='lat' dir='ltr'><strong>in</strong></span> <span class='ocrx_word' id='word_1_330' title='bbox 1581 3410 1765 3459; x_wconf 87' lang='lat' dir='ltr'><strong>duabus</strong></span> <span class='ocrx_word' id='word_1_331' title='bbox 1788 3411 2000 3459; x_wconf 87' lang='lat' dir='ltr'><strong>ecclesiis</strong></span> <span class='ocrx_word' id='word_1_332' title='bbox 2019 3411 2125 3473; x_wconf 86' lang='lat' dir='ltr'><strong>(etsi</strong></span> <span class='ocrx_word' id='word_1_333' title='bbox 2153 3412 2292 3462; x_wconf 87' lang='lat' dir='ltr'><strong>detur</strong></span> <span class='ocrx_word' id='word_1_334' title='bbox 2316 3411 2547 3461; x_wconf 83' lang='lat' dir='ltr'><strong>sufficiens</strong></span> <span class='ocrx_word' id='word_1_335' title='bbox 2574 3424 2659 3459; x_wconf 90' lang='lat' dir='ltr'><strong>ne·-</strong></span> 
     </span>
    </p>
   </div>
   <div class='ocr_carea' id='block_1_8' title="bbox 573 3494 2827 4407">
    <p class='ocr_par' dir='ltr' id='par_1_11' title="bbox 573 3494 2827 4407">
     <span class='ocr_line' id='line_1_37' title="bbox 708 3494 2827 3560; baseline -0 -14"><span class='ocrx_word' id='word_1_336' title='bbox 708 3497 925 3560; x_wconf 83' lang='lat' dir='ltr'><strong>cessitas)</strong></span> <span class='ocrx_word' id='word_1_337' title='bbox 952 3497 1130 3559; x_wconf 85' lang='lat' dir='ltr'><strong>requiri</strong></span> <span class='ocrx_word' id='word_1_338' title='bbox 1155 3496 1360 3556; x_wconf 80' lang='lat' dir='ltr'><strong>videtur,</strong></span> <span class='ocrx_word' id='word_1_339' title='bbox 1382 3495 1663 3557; x_wconf 78' lang='lat' dir='ltr'><strong>regulariter</strong></span> <span class='ocrx_word' id='word_1_340' title='bbox 1689 3494 1944 3557; x_wconf 84' lang='lat' dir='ltr'><strong>loquendo,</strong></span> <span class='ocrx_word' id='word_1_341' title='bbox 1977 3494 2166 3544; x_wconf 86' lang='lat' dir='ltr'><strong>licentia</strong></span> <span class='ocrx_word' id='word_1_342' title='bbox 2191 3498 2408 3560; x_wconf 83' lang='lat' dir='ltr'><strong>Episcopi</strong></span> <span class='ocrx_word' id='word_1_343' title='bbox 2417 3532 2653 3545; x_wconf 89' lang='lat'><strong>.....</strong></span> <span class='ocrx_word' id='word_1_344' title='bbox 2726 3497 2827 3545; x_wconf 83' lang='grc'><strong>466</strong></span> 
     </span>
     <span class='ocr_line' id='line_1_38' title="bbox 643 3579 2658 3645; baseline -0 -13"><span class='ocrx_word' id='word_1_345' title='bbox 643 3581 941 3645; x_wconf 70' lang='lat' dir='ltr'><strong>Propo-sitio</strong></span> <span class='ocrx_word' id='word_1_346' title='bbox 969 3583 1098 3630; x_wconf 71' lang='lat' dir='ltr'><strong>vnn,</strong></span> <span class='ocrx_word' id='word_1_347' title='bbox 1139 3581 1211 3629; x_wconf 77' lang='lat' dir='ltr'><strong>Ad</strong></span> <span class='ocrx_word' id='word_1_348' title='bbox 1240 3580 1530 3630; x_wconf 85' lang='lat' dir='ltr'><strong>iterationem</strong></span> <span class='ocrx_word' id='word_1_349' title='bbox 1576 3580 1625 3627; x_wconf 92' lang='lat' dir='ltr'><strong>in</strong></span> <span class='ocrx_word' id='word_1_350' title='bbox 1661 3579 1823 3628; x_wconf 86' lang='lat' dir='ltr'><strong>eadem</strong></span> <span class='ocrx_word' id='word_1_351' title='bbox 1852 3580 2067 3641; x_wconf 86' lang='lat' dir='ltr'><strong>ecclesia,</strong></span> <span class='ocrx_word' id='word_1_352' title='bbox 2098 3594 2190 3629; x_wconf 87' lang='lat' dir='ltr'><strong>non</strong></span> <span class='ocrx_word' id='word_1_353' title='bbox 2244 3582 2500 3645; x_wconf 85' lang='lat' dir='ltr'><strong>requiritur</strong></span> <span class='ocrx_word' id='word_1_354' title='bbox 2521 3581 2658 3631; x_wconf 86' lang='lat' dir='ltr'><strong>Sedis</strong></span> 
     </span>
     <span class='ocr_line' id='line_1_39' title="bbox 710 3665 2821 3729; baseline -0.001 -13"><span class='ocrx_word' id='word_1_355' title='bbox 710 3668 989 3729; x_wconf 79' lang='lat' dir='ltr'><strong>Apostolieae</strong></span> <span class='ocrx_word' id='word_1_356' title='bbox 1014 3666 1232 3725; x_wconf 75' lang='lat' dir='ltr'><strong>facultas,</strong></span> <span class='ocrx_word' id='word_1_357' title='bbox 1260 3666 1342 3715; x_wconf 84' lang='lat' dir='ltr'><strong>sed</strong></span> <span class='ocrx_word' id='word_1_358' title='bbox 1367 3665 1491 3714; x_wconf 79' lang='lat' dir='ltr'><strong>suffit</strong></span> <span class='ocrx_word' id='word_1_359' title='bbox 1521 3666 1720 3714; x_wconf 88' lang='lat' dir='ltr'><strong>licentia</strong></span> <span class='ocrx_word' id='word_1_360' title='bbox 1738 3666 1959 3729; x_wconf 85' lang='lat' dir='ltr'><strong>Episcopi</strong></span> <span class='ocrx_word' id='word_1_361' title='bbox 1966 3697 2652 3717; x_wconf 88' lang='lat'><strong>.............</strong></span> <span class='ocrx_word' id='word_1_362' title='bbox 2726 3667 2821 3719; x_wconf 81' lang='grc'><strong>467</strong></span> 
     </span>
     <span class='ocr_line' id='line_1_40' title="bbox 644 3750 2654 3815; baseline -0.001 -14"><span class='ocrx_word' id='word_1_363' title='bbox 644 3750 941 3815; x_wconf 63' lang='lat' dir='ltr'><strong>propositio</strong></span> <span class='ocrx_word' id='word_1_364' title='bbox 965 3752 1121 3800; x_wconf 68' lang='lat' dir='ltr'><strong>vult.</strong></span> <span class='ocrx_word' id='word_1_365' title='bbox 1160 3751 1309 3800; x_wconf 86' lang='lat' dir='ltr'><strong>Licita</strong></span> <span class='ocrx_word' id='word_1_366' title='bbox 1338 3764 1430 3800; x_wconf 88' lang='lat' dir='ltr'><strong>non</strong></span> <span class='ocrx_word' id='word_1_367' title='bbox 1461 3757 1534 3799; x_wconf 89' lang='lat' dir='ltr'><strong>est</strong></span> <span class='ocrx_word' id='word_1_368' title='bbox 1551 3750 1756 3812; x_wconf 87' lang='lat' dir='ltr'><strong>iteratio</strong></span> <span class='ocrx_word' id='word_1_369' title='bbox 1780 3751 1821 3799; x_wconf 88' lang='lat' dir='ltr'><strong>si</strong></span> <span class='ocrx_word' id='word_1_370' title='bbox 1845 3751 1952 3800; x_wconf 89' lang='lat' dir='ltr'><strong>aliis</strong></span> <span class='ocrx_word' id='word_1_371' title='bbox 1997 3764 2027 3800; x_wconf 94' lang='lat' dir='ltr'><strong>a</strong></span> <span class='ocrx_word' id='word_1_372' title='bbox 2055 3752 2163 3813; x_wconf 87' lang='lat' dir='ltr'><strong>jure</strong></span> <span class='ocrx_word' id='word_1_373' title='bbox 2188 3752 2405 3802; x_wconf 82' lang='lat' dir='ltr'><strong>indicatis</strong></span> <span class='ocrx_word' id='word_1_374' title='bbox 2433 3752 2654 3802; x_wconf 85' lang='lat' dir='ltr'><strong>remediis</strong></span> 
     </span>
     <span class='ocr_line' id='line_1_41' title="bbox 711 3835 2822 3897; baseline -0 -12"><span class='ocrx_word' id='word_1_375' title='bbox 711 3836 978 3885; x_wconf 75' lang='lat' dir='ltr'><strong>necessitati</strong></span> <span class='ocrx_word' id='word_1_376' title='bbox 1007 3848 1196 3884; x_wconf 79' lang='lat' dir='ltr'><strong>occurri</strong></span> <span class='ocrx_word' id='word_1_377' title='bbox 1218 3835 1409 3897; x_wconf 79' lang='lat' dir='ltr'><strong>possit</strong></span> <span class='ocrx_word' id='word_1_378' title='bbox 1452 3869 1467 3885; x_wconf 90' lang='lat'><strong>.</strong></span> <span class='ocrx_word' id='word_1_379' title='bbox 1504 3867 1518 3883; x_wconf 91' lang='lat'><strong>.</strong></span> <span class='ocrx_word' id='word_1_380' title='bbox 1568 3869 1584 3885; x_wconf 91' lang='lat'><strong>.</strong></span> <span class='ocrx_word' id='word_1_381' title='bbox 1637 3872 1652 3886; x_wconf 88' lang='lat'>.</span> <span class='ocrx_word' id='word_1_382' title='bbox 1704 3868 1718 3884; x_wconf 90' lang='lat'><strong>.</strong></span> <span class='ocrx_word' id='word_1_383' title='bbox 1773 3870 1786 3885; x_wconf 90' lang='lat'><strong>.</strong></span> <span class='ocrx_word' id='word_1_384' title='bbox 1838 3872 1851 3885; x_wconf 92' lang='lat'><strong>.</strong></span> <span class='ocrx_word' id='word_1_385' title='bbox 1905 3870 1920 3884; x_wconf 90' lang='lat'><strong><em>.</em></strong></span> <span class='ocrx_word' id='word_1_386' title='bbox 1970 3870 1982 3882; x_wconf 90' lang='lat'><strong>.</strong></span> <span class='ocrx_word' id='word_1_387' title='bbox 2026 3870 2039 3883; x_wconf 90' lang='lat'><strong>.</strong></span> <span class='ocrx_word' id='word_1_388' title='bbox 2080 3872 2093 3884; x_wconf 89' lang='lat'><strong>.</strong></span> <span class='ocrx_word' id='word_1_389' title='bbox 2136 3872 2149 3885; x_wconf 92' lang='lat'><strong>.</strong></span> <span class='ocrx_word' id='word_1_390' title='bbox 2190 3871 2204 3884; x_wconf 89' lang='lat'><strong>.</strong></span> <span class='ocrx_word' id='word_1_391' title='bbox 2359 3872 2373 3885; x_wconf 92' lang='lat'><em>.</em></span> <span class='ocrx_word' id='word_1_392' title='bbox 2415 3874 2428 3885; x_wconf 92' lang='lat'><strong>.</strong></span> <span class='ocrx_word' id='word_1_393' title='bbox 2471 3873 2484 3886; x_wconf 90' lang='lat'><strong>.</strong></span> <span class='ocrx_word' id='word_1_394' title='bbox 2527 3873 2539 3886; x_wconf 93' lang='lat'>.</span> <span class='ocrx_word' id='word_1_395' title='bbox 2638 3872 2652 3886; x_wconf 91' lang='lat'><strong>.</strong></span> <span class='ocrx_word' id='word_1_396' title='bbox 2722 3837 2822 3885; x_wconf 84' lang='grc'><strong>469</strong></span> 
     </span>
     <span class='ocr_line' id='line_1_42' title="bbox 642 3917 2654 3984; baseline -0.001 -13"><span class='ocrx_word' id='word_1_397' title='bbox 642 3920 941 3984; x_wconf 75' lang='lat' dir='ltr'><strong>Propositt&#39;o</strong></span> <span class='ocrx_word' id='word_1_398' title='bbox 973 3921 1081 3968; x_wconf 64' lang='lat' dir='ltr'><strong>Do.</strong></span> <span class='ocrx_word' id='word_1_399' title='bbox 1121 3918 1173 3970; x_wconf 89' lang='lat' dir='ltr'><strong>Si</strong></span> <span class='ocrx_word' id='word_1_400' title='bbox 1212 3932 1306 3968; x_wconf 87' lang='lat' dir='ltr'><strong>non</strong></span> <span class='ocrx_word' id='word_1_401' title='bbox 1322 3917 1449 3966; x_wconf 88' lang='lat' dir='ltr'><strong>adsit</strong></span> <span class='ocrx_word' id='word_1_402' title='bbox 1474 3918 1709 3981; x_wconf 86' lang='lat' dir='ltr'><strong>requisita</strong></span> <span class='ocrx_word' id='word_1_403' title='bbox 1734 3933 1763 3966; x_wconf 90' lang='lat' dir='ltr'><strong>a</strong></span> <span class='ocrx_word' id='word_1_404' title='bbox 1785 3919 1893 3980; x_wconf 72' lang='lat' dir='ltr'><strong>inre</strong></span> <span class='ocrx_word' id='word_1_405' title='bbox 1920 3920 2197 3981; x_wconf 84' lang='lat' dir='ltr'><strong>necessitas,</strong></span> <span class='ocrx_word' id='word_1_406' title='bbox 2223 3923 2353 3972; x_wconf 89' lang='lat' dir='ltr'><strong>nulla</strong></span> <span class='ocrx_word' id='word_1_407' title='bbox 2365 3921 2654 3972; x_wconf 87' lang='lat' dir='ltr'><strong>consuetudo</strong></span> 
     </span>
     <span class='ocr_line' id='line_1_43' title="bbox 710 4002 2820 4067; baseline 0 -13"><span class='ocrx_word' id='word_1_408' title='bbox 710 4006 887 4054; x_wconf 89' lang='lat' dir='ltr'><strong>licitam</strong></span> <span class='ocrx_word' id='word_1_409' title='bbox 914 4003 1068 4053; x_wconf 76' lang='lat' dir='ltr'><strong>facere</strong></span> <span class='ocrx_word' id='word_1_410' title='bbox 1087 4010 1242 4067; x_wconf 84' lang='lat' dir='ltr'><strong>potest</strong></span> <span class='ocrx_word' id='word_1_411' title='bbox 1265 4002 1555 4052; x_wconf 85' lang='lat' dir='ltr'><strong>iterationem</strong></span> <span class='ocrx_word' id='word_1_412' title='bbox 1564 4037 2647 4056; x_wconf 86' lang='grc'><strong>....................</strong></span> <span class='ocrx_word' id='word_1_413' title='bbox 2720 4009 2820 4056; x_wconf 73' lang='grc'><strong>470</strong></span> 
     </span>
     <span class='ocr_line' id='line_1_44' title="bbox 575 4087 2811 4152; baseline 0 -13"><span class='ocrx_word' id='word_1_414' title='bbox 575 4091 772 4140; x_wconf 71' lang='lat' dir='ltr'>CAPUT</span> <span class='ocrx_word' id='word_1_415' title='bbox 798 4092 903 4139; x_wconf 85' lang='lat' dir='ltr'><strong>Vll.</strong></span> <span class='ocrx_word' id='word_1_416' title='bbox 941 4092 1027 4138; x_wconf 79' lang='lat' dir='ltr'><strong>Jus</strong></span> <span class='ocrx_word' id='word_1_417' title='bbox 1050 4090 1242 4152; x_wconf 87' lang='lat' dir='ltr'><strong>parochi</strong></span> <span class='ocrx_word' id='word_1_418' title='bbox 1288 4087 1443 4152; x_wconf 85' lang='lat' dir='ltr'><strong>quoad</strong></span> <span class='ocrx_word' id='word_1_419' title='bbox 1485 4088 1784 4137; x_wconf 88' lang='lat' dir='ltr'><strong>matrimonia</strong></span> <span class='ocrx_word' id='word_1_420' title='bbox 1845 4125 2646 4143; x_wconf 89' lang='lat'><strong>...............</strong></span> <span class='ocrx_word' id='word_1_421' title='bbox 2716 4094 2811 4141; x_wconf 73' lang='grc'><strong>471</strong></span> 
     </span>
     <span class='ocr_line' id='line_1_45' title="bbox 643 4171 2811 4240; baseline 0.001 -17"><span class='ocrx_word' id='word_1_422' title='bbox 643 4171 726 4240; x_wconf 65' lang='grc' dir='ltr'><strong>ξῐ.</strong></span> <span class='ocrx_word' id='word_1_423' title='bbox 765 4174 988 4231; x_wconf 86' lang='lat' dir='ltr'><strong>Quisnam</strong></span> <span class='ocrx_word' id='word_1_424' title='bbox 1007 4175 1071 4222; x_wconf 85' lang='lat' dir='ltr'><strong>sit</strong></span> <span class='ocrx_word' id='word_1_425' title='bbox 1095 4174 1249 4235; x_wconf 86' lang='lat' dir='ltr'><strong>quoad</strong></span> <span class='ocrx_word' id='word_1_426' title='bbox 1274 4175 1573 4224; x_wconf 89' lang='lat' dir='ltr'><strong>matrimonia</strong></span> <span class='ocrx_word' id='word_1_427' title='bbox 1598 4175 1822 4237; x_wconf 86' lang='lat' dir='ltr'><strong>proprius</strong></span> <span class='ocrx_word' id='word_1_428' title='bbox 1844 4179 2079 4239; x_wconf 86' lang='lat' dir='ltr'><strong>parochus</strong></span> <span class='ocrx_word' id='word_1_429' title='bbox 2084 4213 2646 4229; x_wconf 87' lang='grc'><strong>...........</strong></span> <span class='ocrx_word' id='word_1_430' title='bbox 2717 4180 2811 4228; x_wconf 77' lang='grc'><strong>471</strong></span> 
     </span>
     <span class='ocr_line' id='line_1_46' title="bbox 641 4255 2812 4323; baseline 0.003 -18"><span class='ocrx_word' id='word_1_431' title='bbox 641 4255 667 4323; x_wconf 64' lang='grc' dir='ltr'>ξ</span> <span class='ocrx_word' id='word_1_432' title='bbox 696 4259 759 4307; x_wconf 87' lang='grc' dir='ltr'><strong>Ῑῐ.</strong></span> <span class='ocrx_word' id='word_1_433' title='bbox 799 4257 1094 4306; x_wconf 80' lang='lat' dir='ltr'><strong>Describitur</strong></span> <span class='ocrx_word' id='word_1_434' title='bbox 1116 4258 1196 4318; x_wconf 86' lang='lat' dir='ltr'><strong>jus</strong></span> <span class='ocrx_word' id='word_1_435' title='bbox 1215 4261 1410 4321; x_wconf 87' lang='lat' dir='ltr'><strong>parochi</strong></span> <span class='ocrx_word' id='word_1_436' title='bbox 1432 4259 1587 4323; x_wconf 90' lang='lat' dir='ltr'><strong>quoad</strong></span> <span class='ocrx_word' id='word_1_437' title='bbox 1615 4262 1915 4310; x_wconf 85' lang='lat' dir='ltr'><strong>matrimonia</strong></span> <span class='ocrx_word' id='word_1_438' title='bbox 1920 4297 2646 4314; x_wconf 91' lang='grc'><strong>..............</strong></span> <span class='ocrx_word' id='word_1_439' title='bbox 2715 4265 2812 4311; x_wconf 76' lang='grc'><strong>473</strong></span> 
     </span>
     <span class='ocr_line' id='line_1_47' title="bbox 573 4342 2814 4407; baseline 0.001 -13"><span class='ocrx_word' id='word_1_440' title='bbox 573 4343 770 4394; x_wconf 72' lang='lat' dir='ltr'>CAPUT</span> <span class='ocrx_word' id='word_1_441' title='bbox 795 4342 927 4392; x_wconf 71' lang='lat' dir='ltr'><strong>viil.</strong></span> <span class='ocrx_word' id='word_1_442' title='bbox 968 4344 1056 4392; x_wconf 82' lang='lat' dir='ltr'><strong>Jns</strong></span> <span class='ocrx_word' id='word_1_443' title='bbox 1072 4344 1268 4404; x_wconf 86' lang='lat' dir='ltr'><strong>parochi</strong></span> <span class='ocrx_word' id='word_1_444' title='bbox 1296 4344 1450 4407; x_wconf 88' lang='lat' dir='ltr'><strong>quoad</strong></span> <span class='ocrx_word' id='word_1_445' title='bbox 1480 4347 2032 4399; x_wconf 69' lang='lat' dir='ltr'><strong>caminam-unctionem</strong></span> <span class='ocrx_word' id='word_1_446' title='bbox 2056 4356 2105 4399; x_wconf 89' lang='lat' dir='ltr'><strong>et</strong></span> <span class='ocrx_word' id='word_1_447' title='bbox 2130 4349 2348 4400; x_wconf 75' lang='lat' dir='ltr'><strong>viaticum</strong></span> <span class='ocrx_word' id='word_1_448' title='bbox 2356 4384 2647 4400; x_wconf 91' lang='grc'><strong>......</strong></span> <span class='ocrx_word' id='word_1_449' title='bbox 2715 4348 2814 4396; x_wconf 88' lang='grc'><strong>476</strong></span> 
     </span>
    </p>
   </div>
   <div class='ocr_carea' id='block_1_9' title="bbox 574 4428 2812 4494">
    <p class='ocr_par' dir='ltr' id='par_1_12' title="bbox 574 4428 2812 4494">
     <span class='ocr_line' id='line_1_48' title="bbox 574 4428 2812 4494; baseline 0 -15"><span class='ocrx_word' id='word_1_450' title='bbox 574 4428 771 4479; x_wconf 71' lang='lat' dir='ltr'>CAPUT</span> <span class='ocrx_word' id='word_1_451' title='bbox 799 4428 886 4477; x_wconf 80' lang='lat' dir='ltr'><strong>lx.</strong></span> <span class='ocrx_word' id='word_1_452' title='bbox 925 4429 1014 4477; x_wconf 82' lang='lat' dir='ltr'><strong>Jus</strong></span> <span class='ocrx_word' id='word_1_453' title='bbox 1056 4428 1250 4490; x_wconf 88' lang='lat' dir='ltr'><strong>parochi</strong></span> <span class='ocrx_word' id='word_1_454' title='bbox 1285 4429 1440 4494; x_wconf 87' lang='lat' dir='ltr'><strong>quoad</strong></span> <span class='ocrx_word' id='word_1_455' title='bbox 1468 4431 1732 4483; x_wconf 88' lang='lat' dir='ltr'><strong>oblationes</strong></span> <span class='ocrx_word' id='word_1_456' title='bbox 1738 4468 2641 4487; x_wconf 84' lang='grc'><strong>.................</strong></span> <span class='ocrx_word' id='word_1_457' title='bbox 2712 4432 2812 4482; x_wconf 82' lang='grc'><strong>478</strong></span> 
     </span>
    </p>
   </div>
  </div>
 </body>
</html>
