3146 4973
1243 370 1408 421 rm
1449 371 1681 421 rmus.
2464 362 2588 427 107

353 501 812 574 mexercet,
853 513 978 561 nec
1006 510 1324 563 exercere
1354 496 1575 581 valet3
1605 495 1727 565 sed
1758 497 2457 585 tantumaliquatenus
2490 517 2600 584 po-

353 617 485 676 test
526 616 600 676 et
641 608 848 677 dehet
890 610 1277 696 providere,
1319 619 1396 679 ut
1431 631 1555 698 per
1588 612 1917 699 aliquem,
1960 613 2085 681 sub
2126 613 2351 683 vicarii
2398 616 2601 683 nomi-

350 745 460 804 ne,
493 732 904 794 exematur.
941 728 1094 795 'hle
1146 736 1271 807 est,
1311 729 1502 797 verbi
1527 732 1761 814 gratis,
1795 730 2159 816 capitulum
2188 729 2592 811 cathedrale,

345 840 614 928 quando
647 842 778 928 ipsi
817 839 1075 911 adnexa
1108 851 1212 910 est
1255 846 1618 913 animarum
1661 864 1844 913 cura.
1896 847 1995 913 Ex
2032 844 2304 913 decreto
2349 846 2595 933 quippe

348 955 750 1034 Tridentino,
791 959 1018 1043 nequit
1071 966 1229 1025 tunc
1263 960 1628 1044 capitulum
1661 960 1729 1026 ln
1764 976 1991 1029 curam
2038 961 2401 1054 animarum
2452 980 2594 1030 sese

349 1070 750 1157 mmiscere3
804 1070 928 1139 sed
973 1077 1230 1139 tantum
1280 1068 1499 1159 potest
1545 1080 1617 1140 et
1663 1074 1869 1143 dehet
1919 1076 2201 1161 aliquem
2255 1077 2593 1145 nominare

351 1189 374 1273 (
385 1206 507 1272 per
540 1188 934 1272 Ep'ueopmn
971 1195 1194 1257 tamen
1233 1196 1425 1258 antea
1461 1189 1981 1276 approbandum)
2017 1192 2131 1278 qui
2172 1191 2339 1259 hanc
2370 1211 2591 1261 cunm

343 1321 434 1369 ex
461 1301 670 1370 officio
699 1309 1031 1370 exerceat.
1076 1304 1141 1370 Is
1168 1312 1394 1371 autem
1426 1303 1671 1373 dicitur
1696 1311 1963 1375 omniu-5
1990 1305 2261 1390 capituli
2289 1314 2540 1371 curam
2566 1328 2589 1369 .-

345 1426 580 1504 estque
631 1417 718 1486 ad
773 1426 1008 1487 nutum
1071 1421 1344 1506 capituli
1394 1421 1787 1491 revocabilis
1800 1470 1817 1502 ,
1866 1423 1990 1490 nisi
2035 1438 2190 1490 eam
2236 1423 2594 1508 Episcopus

343 1543 741 1620 perpetuum
771 1535 916 1603 fore
950 1535 1264 1605 decernat
1299 1559 1314 1603 ε
1345 1557 1496 1607 nam
1534 1547 1606 1607 et
1642 1559 1729 1609 ex
1767 1537 2005 1607 eadem
2035 1537 2413 1612 Tridentinn
2440 1540 2590 1625 lege

344 1657 565 1736 potest
593 1651 950 1737 Episcopus
976 1670 1122 1719 eam
1155 1654 1380 1722 vicarii
1411 1655 1624 1723 curati
1654 1653 2051 1723 cathedralis
2076 1655 2591 1740 perpetuitatem

341 1766 729 1836 decernere.

434 1884 486 1950 E
522 1889 751 1951 contra
792 1884 906 1953 ille
951 1888 1250 1949 actualem
1287 1902 1515 1953 curam
1563 1885 1809 1955 hahere
1848 1884 2114 1964 dicitur,
2145 1886 2258 1972 qui
2288 1883 2373 1953 de
2412 1885 2590 1952 facto

333 2018 488 2067 cam
521 1999 962 2067 exercendam
997 2000 1222 2067 habet.

432 2118 504 2181 3⁰
536 2114 707 2181 Cura
737 2114 1085 2181 habitualis
1122 2134 1252 2181 non
1284 2114 1519 2181 sufficit
1564 2123 1641 2181 ut
1683 2118 1829 2202 quis
1868 2118 1953 2183 sit
1995 2135 2192 2182 verus
2238 2113 2582 2200 parochus.

344 2231 505 2296 Nam
531 2230 640 2296 ille
688 2249 886 2297 verus
929 2229 1248 2314 parochus
1277 2250 1408 2297 non
1439 2238 1571 2309 est,
1619 2232 1733 2317 qui
1767 2230 2171 2317 parochianis
2210 2249 2289 2296 ea
2318 2248 2461 2317 quae
2501 2230 2587 2297 ad

342 2365 568 2414 curam
596 2346 954 2431 pertinent,
981 2365 1111 2412 non
1139 2352 1394 2413 tantum
1426 2367 1510 2414 ex
1541 2346 1748 2414 officio
1774 2365 1908 2412 non
1937 2347 2282 2425 ministrat,
2311 2345 2433 2413 sed
2464 2365 2587 2414 nec

341 2461 749 2529 ministrandi
810 2461 918 2548 Jus
964 2462 1187 2530 hahet.
1241 2460 1433 2530 Unde
1485 2463 1812 2548 parochus
1860 2463 2073 2528 habitu
2092 2512 2116 2544 ,
2178 2479 2584 2549 nequaquam
2708 2554 2719 2567 ·

344 2598 541 2647 verus
569 2586 670 2646 est
711 2580 1076 2664 parochus3
1117 2579 1237 2646 sed
1282 2578 1607 2665 ejusmodi
1638 2580 1874 2646 titulus
1911 2578 2088 2645 valet
2130 2577 2472 2646 dumtaxat
2498 2578 2583 2646 ad

340 2696 680 2780 certa‘ipsi
713 2693 1172 2780 praeservanda
1205 2695 1374 2781 jura.
1425 2696 1591 2761 Hinc
1636 2693 1901 2782 quando
1944 2692 2218 2779 alicujus
2262 2694 2579 2779 parochiae

341 2811 622 2898 populus
678 2812 804 2877 alio
863 2811 1202 2897 migravit,
1248 2812 1521 2878 ecclesia
1575 2811 2019 2898 (quantumvis
2079 2808 2465 2896 parochialis
2516 2816 2582 2875 in

341 2931 550 2993 habitu
578 2946 919 2995 remanere
949 2909 1238 3013 dicatur)
1279 2936 1589 3016 tanquam
1625 2926 2019 2994 beneficium
2053 2930 2316 3012 simplex
2340 2927 2408 2992 in
2432 2925 2581 3012 jure

340 3045 644 3125 habetur,
696 3052 767 3112 et
816 3044 879 3111 ei
928 3065 1152 3111 omnes
1201 3045 1610 3130 applicantur
1670 3044 2140 3111 beneficiorum
2190 3043 2580 3128 simplicium

339 3162 608 3247 regulae.

429 3279 498 3343 4⁰
536 3279 707 3344 Cura
735 3280 1019 3358 actualis,
1064 3276 1261 3344 modo
1304 3294 1388 3343 ex
1418 3276 1833 3360 obligatione,
1876 3295 2129 3342 necnon
2169 3277 2437 3362 proprio
2474 3297 2583 3344 no-

341 3397 512 3463 mine
548 3404 959 3475 exerceatur,
1003 3403 1075 3462 et
1111 3415 1262 3462 cum
1299 3395 1643 3480 reciproco
1671 3393 2211 3478 parochianorum
2249 3394 2573 3478 ligamine,

341 3530 573 3579 verum
629 3510 825 3578 efficit
866 3519 936 3577 et
978 3512 1313 3577 constituit
1374 3511 1753 3596 parochum.
1816 3511 1975 3577 Nam
2041 3517 2199 3575 tunc
2240 3529 2319 3576 ea
2366 3510 2578 3575 omnia

340 3627 601 3707 adsunt,
627 3647 771 3713 quae
813 3628 1114 3712 superius
1150 3627 1500 3712 probatum
1539 3634 1643 3693 est
1670 3625 1759 3693 ad
1791 3624 2201 3711 parochiatus
2227 3625 2576 3693 essentiam

340 3745 662 3812 sufficere.

434 3865 501 3926 5⁰
532 3863 710 3946 Ergo
741 3860 1018 3927 vicarius
1064 3863 1333 3927 curatus
1373 3866 1477 3926 est
1525 3878 1723 3926 verus
1764 3867 1836 3925 et
1881 3861 2151 3946 proprie
2200 3857 2419 3927 dictus
2465 3875 2575 3945 pa-

341 3976 598 4043 rochus.
677 3978 840 4043 Nam
895 3974 1046 4044 ideo
1097 3982 1356 4043 tantum
1404 3997 1442 4042 a
1488 3977 1745 4043 ratione
1792 3976 1933 4042 veri
1975 3975 2242 4060 parochi
2291 3974 2577 4043 deficere

339 4090 705 4159 censendus
747 4097 957 4171 esset,
1008 4094 1161 4178 quia
1205 4092 1625 4170 vicarialiter,
1680 4111 1759 4157 ac
1802 4090 2078 4176 proinde
2122 4111 2255 4159 non
2294 4110 2415 4158 suo
2458 4090 2579 4158 sed

336 4208 604 4274 alterius
670 4209 932 4275 nomine
991 4223 1214 4274 curam
1284 4216 1630 4275 exerceret
1689 4210 1874 4294 (nam
1942 4208 2340 4293 ceteroquin
2402 4207 2579 4274 illam

340 4334 610 4393 exercet
632 4345 718 4392 ex
745 4324 1159 4410 obligatione,
1193 4331 1266 4392 et
1289 4325 1509 4412 quoad
1541 4323 2052 4394 determinatum
2080 4324 2400 4411 populum
2418 4371 2435 4402 ,
2466 4324 2581 4409 qui

335 4441 1700 4529 tenetursacramentaahipmrecipere3
1742 4461 1819 4507 ac
1860 4439 2137 4526 proinde
2175 4447 2580 4523 coeteraspa-
