3146 4973
572 382 611 443 8
1245 385 1622 435 TRAGTATUS
1669 388 1757 434 DE
1801 386 2131 436 Panocuo.

568 515 890 603 superiori
933 509 1372 596 paragraph03
1423 527 1545 573 nec
1587 516 1687 573 est
1736 527 1855 573 cur
1900 508 1976 574 iis
2019 507 2542 579 demonstrandis
2577 515 2802 583 immo·

568 651 813 707 remur,
852 648 999 694 cum
1035 627 1102 692 in
1131 625 1551 712 quaestionem
1595 642 1725 687 non
1756 632 2100 689 vocentur.
2149 626 2339 692 Vocis
2369 637 2590 695 autem
2624 651 2804 713 paro-

567 746 717 808 chioe
766 739 851 808 ad
897 734 1361 822 designandam
1403 736 1741 801 dioecesim
1779 737 2116 821 usurpatio
2159 736 2351 805 valde
2400 739 2803 809 attendenda

563 866 696 942 est3
728 876 811 921 ne
842 855 1015 922 forte
1053 851 1212 919 dum
1240 853 1307 916 in
1331 851 1544 918 veteri
1573 851 1796 935 aliquo
1834 861 2257 919 monumento
2300 875 2379 921 ea
2407 875 2534 921 vox
2573 877 2806 925 occur-

564 972 677 1048 rit,
742 977 811 1035 et
858 967 944 1034 ad
997 967 1276 1052 aliquam
1329 965 1657 1031 civitatem
1718 965 2148 1048 episcopalem
2206 968 2444 1034 referri
2507 970 2798 1051 videtur,

565 1086 783 1152 statim
811 1090 1004 1169 putet
1031 1084 1174 1169 quis
1196 1079 1751 1157 concludendum,
1786 1081 2078 1148 extitisse
2106 1087 2263 1148 tunc
2296 1087 2612 1168 temporis
2632 1087 2700 1151 in
2727 1107 2805 1153 ea

564 1201 830 1267 civitate
875 1196 1211 1282 parochias
1230 1245 1247 1275 ,
1299 1193 1487 1281 juxta
1543 1194 1934 1262 hodiernum
1991 1216 2250 1264 sensum
2312 1200 2795 1285 intelligendas,

564 1316 728 1381 Hinc
800 1315 1062 1379 tertiam
1147 1310 1609 1397 propositionis
1678 1319 1936 1393 partem
2012 1312 2334 1397 tantisper
2397 1313 2804 1383 documentis

570 1426 959 1494 firmandam
1000 1425 1326 1492 duximus,

648 1544 991 1630 Antiquius
1037 1563 1233 1629 porro
1301 1548 1792 1609 monumentum
1820 1592 1837 1621 ‚
1881 1545 1950 1609 in
1996 1563 2125 1629 quo
2177 1564 2306 1612 vox
2358 1544 2666 1629 parochia
2716 1547 2801 1614 ad

559 1666 766 1728 totam
811 1658 1274 1743 designandam
1336 1656 1668 1724 dioecesim
1725 1667 2036 1744 usurpata
2098 1662 2449 1745 reperitur,
2510 1671 2610 1729 est
2662 1666 2797 1748 epi·

558 1777 724 1842 stola
741 1776 1073 1860 encyclica
1102 1774 1393 1839 ecclesiae
1422 1774 1830 1858 smyrnensis
1870 1773 1955 1841 de
1995 1779 2312 1863 martyrio
2354 1778 2560 1844 sancti
2605 1778 2800 1863 Poly-

566 1891 745 1974 carpi
780 1888 922 1974 ejus
947 1889 1245 1973 Episcopi
1273 1896 1343 1954 et
1366 1888 1818 1972 Apostolorum
1845 1888 2184 1976 discipuli3
2214 1894 2304 1957 sic
2330 1894 2501 1958 enim
2530 1892 2802 1977 epistola

567 2005 672 2071 illa
721 2004 1099 2070 inscribitur
1144 2025 1160 2069 ι
1207 2006 1474 2068 Ecclesia
1510 2008 1624 2068 Dei
1671 2025 1803 2085 quoe
1857 2006 2092 2070 habitat
2140 2012 2487 2091 Smyrnam,
2547 2011 2802 2072 ccclesia»

570 2125 682 2185 Dei
721 2140 851 2202 quae
889 2122 1056 2202 apud
1097 2120 1590 2200 Philadelphiam
1625 2128 1925 2198 versatur,
1962 2129 2021 2184 et
2060 2125 2331 2186 omnibus
2360 2126 2573 2205 ubique
2608 2130 2802 2187 terra-

570 2256 705 2300 rum
728 2245 787 2300 ct
819 2238 1125 2299 calholicae
1160 2238 1416 2297 ecclcsiae
1444 2241 1748 2316 portemia,
1783 2240 2219 2317 misericordia,
2246 2256 2403 2321 pax,
2440 2247 2550 2302 etc.

657 2354 731 2416 In
759 2351 1030 2435 epistola
1060 2348 1346 2415 secunda
1384 2350 1593 2413 sancti
1635 2349 1989 2416 Clementis
2025 2352 2264 2418 iterum
2296 2354 2629 2436 reperitur
2675 2372 2800 2418 vox

566 2464 870 2552 parochia
889 2463 972 2530 ad
1000 2461 1482 2548 significandam
1521 2461 1856 2531 dioecesim
1883 2475 2219 2551 usurpata.

658 2584 824 2648 Item
851 2584 915 2646 in
944 2599 1189 2646 canone
1218 2579 1675 2664 Apostolorum
1714 2583 1789 2646 13
1824 2602 1838 2646 ε
1869 2585 2160 2665 Episcopo
2190 2603 2309 2648 non
2338 2587 2516 2648 licere
2538 2587 2803 2650 alienam

565 2696 936 2779 parochiam,
967 2701 1223 2777 propria
1258 2698 1493 2772 relicta,
1525 2699 1883 2777 pervadere.

660 2812 826 2877 Item
854 2810 1387 2875 constitutionum
1429 2810 1928 2892 apostolicarum
1962 2809 2133 2876 libro
2167 2818 2230 2888 7,
2279 2815 2492 2896 capite
2530 2813 2640 2889 47,
2690 2813 2806 2879 ubi

571 2923 655 2993 de
688 2921 1020 3010 Episcopis
1050 2943 1170 3007 per
1208 2924 1509 2990 civitates
1541 2923 1856 2991 ordinatis
1885 2927 1977 2991 sic
2010 2926 2299 2994 habetur
2337 2949 2352 2993 ε
2389 2931 2475 2992 Hi
2495 2937 2636 2992 suat
2657 2950 2804 3010 quos

566 3047 847 3125 paroeciis
868 3044 1112 3104 Domini
1131 3037 1523 3122 proeficimuS.

662 3157 856 3222 Liber
888 3156 1302 3232 Pontificalis‚
1347 3156 1412 3219 in
1443 3157 1577 3221 vita
1618 3158 1818 3221 sancti
1849 3157 2012 3221 Xisti
2037 3157 2210 3222 circa
2245 3173 2488 3224 annum
2525 3163 2673 3236 117,
2706 3159 2798 3225 sic

573 3272 770 3338 habet
792 3294 806 3338 ε
832 3277 1161 3337 Constituit
1180 3281 1247 3336 ut
1265 3268 1614 3354 quicumque
1639 3277 1963 3354 Episcopus
1990 3282 2263 3338 evocatus
2285 3278 2472 3356 fuerit
2492 3279 2804 3341 adsedem

574 3391 898 3451 Romanam.
938 3390 1359 3470 Apostolicoru,
1414 3390 1651 3450 rediens
1696 3389 1784 3451 ad*
1819 3389 2167 3469 parochiam
2218 3410 2412 3469 suam,
2461 3411 2579 3455 non
2624 3398 2807 3456 susci-

566 3511 813 3585 peretur
867 3508 990 3567 nisi
1026 3523 1159 3567 cum
1206 3505 1511 3583 formatis.
1557 3503 1873 3568 Formatae
1925 3511 2147 3569 autem
2197 3501 2348 3570 olim
2406 3505 2807 3573 vocabantur

573 3617 809 3683 litterae
837 3616 1321 3684 testimoniales,

663 3733 1018 3799 Concilium
1045 3732 1427 3799 Sardicense
1449 3734 1600 3799 anni
1646 3734 1726 3802 34
1744 3736 1807 3810 2,
1862 3753 2107 3801 canone
2164 3738 2244 3800 15
2306 3758 2321 3802 :
2370 3742 2442 3801 Si
2481 3742 2619 3818 qais
2661 3741 2804 3820 Epi·

573 3867 786 3929 scopus
834 3868 913 3910 ex
950 3851 1077 3911 alia
1122 3850 1411 3929 parochia
1460 3852 1611 3912 velit
1651 3853 1917 3913 alienum
1963 3856 2311 3914 ministrum
2355 3858 2486 3916 sine
2518 3872 2807 3917 consensu

571 3967 810 4045 proprii
843 3966 1125 4044 Episcopi
1168 3970 1236 4027 in
1279 3967 1482 4045 aliquo
1530 3967 1730 4046 qradu
1780 3971 2161 4046 constituere,
2214 3971 2402 4030 irrita
2445 3974 2504 4030 et
2556 3965 2808 4044 infirma

572 4082 630 4140 c·
840 4083 867 4139 i
894 4084 1243 4142 constitutio
1269 4084 1672 4143 existimetur.

664 4194 936 4258 Sanctus
976 4194 1259 4279 Cyrillus
1307 4194 1674 4278 parochiam
1722 4204 1911 4261 vocat
1962 4193 2295 4262 dioecesim
2343 4198 2809 4284 Hierosolymi-

579 4316 796 4374 tanam
829 4309 1116 4395 (Catech.
1158 4308 1287 4394 14).
1329 4312 1761 4395 Hieronymus
1805 4310 2035 4377 cadem
2083 4332 2241 4379 voce
2286 4323 2603 4380 memorat
2641 4315 2808 4384 dioe-

578 4426 771 4489 cesim
825 4425 1385 4491 Barcelloncnscm
1433 4427 1655 4512 (Epist.
1694 4432 1774 4493 37
1825 4425 1912 4494 ad
1952 4427 2227 4512 Ripar.).
2287 4427 2602 4495 Eusebius
2643 4431 2803 4499 item
