3146 4973
2066 204 2083 241 t

570 351 655 414 96
1252 361 1629 411 munros
1670 362 1761 411 ne
1804 360 2130 411 Panocno.

655 484 756 554 Ad
783 492 1162 553 curatorum
1192 491 1414 553 autem
1443 485 1901 570 parochisticas
1928 485 2391 570 praetentiones
2421 486 2475 552 si
2498 486 2798 571 respicia-

567 623 732 682 mus,
756 603 882 669 alio
900 620 1168 687 prorsus
1187 599 1384 667 modo
1411 620 1520 667 res
1540 619 1612 667 se
1638 601 1860 668 habet.
1884 603 2181 686 Ipsorum
2195 599 2437 686 gradus
2453 604 2590 669 sive
2605 601 2794 682 ordo,

567 727 646 786 ut
659 719 911 797 volunt,
934 716 1021 784 ad
1045 718 1345 784 Ecclesiae
1363 718 1808 802 integritatem
1830 718 2153 803 pertinet:
2177 737 2296 786 sua
2308 717 2458 804 jura
2479 739 2517 785 a
2544 718 2800 785 Christo

565 837 706 921 ipso
753 832 1127 901 immediate
1180 840 1412 900 tenent
1452 855 1467 900 ε
1525 852 1671 919 quae
1717 854 1758 900 a
1799 834 1976 901 nulla
2033 833 2307 919 proinde
2365 835 2801 903 ecclesiastica

566 957 891 1034 potestate
941 948 1193 1016 auferri
1241 955 1357 1015 aut
1418 950 1736 1016 coarctari
1786 958 2066 1035 queant3
2128 968 2278 1016 cum
2329 950 2801 1017 institutionem

568 1065 806 1132 Christi
827 1063 1116 1130 Ecclesia
1166 1071 1424 1131 mutare
1471 1083 1604 1130 non
1648 1065 1850 1149 possit
1887 1086 1904 1131 :
1944 1064 2102 1131 dum
2145 1085 2304 1151 ergo
2345 1066 2482 1133 hoec
2515 1065 2665 1152 jura
2710 1067 2803 1137 ita

567 1179 934 1248 extendunt
965 1186 1043 1245 ut
1063 1179 1535 1264 Episcoporum
1560 1186 1632 1245 et
1664 1179 1847 1247 Sedis
1884 1181 2083 1247 etiam
2114 1180 2495 1265 Apostolicoe
2526 1186 2806 1266 potesta·

567 1305 701 1365 tem
732 1295 819 1362 ad
856 1293 1130 1361 nihilum
1165 1294 1308 1361 fere
1352 1293 1676 1379 redigant,
1725 1294 1969 1362 frustra
1999 1296 2145 1362 illos
2186 1296 2490 1364 Ecclesioe
2518 1296 2805 1364 decretis

563 1418 636 1478 et
662 1411 918 1496 legibus
937 1407 1025 1477 ad
1051 1411 1305 1477 saniora
1334 1408 1660 1477 reducere
1685 1409 2003 1494 tentabis3
2028 1411 2097 1475 in
2130 1429 2249 1477 suo
2282 1412 2527 1497 qnippe
2548 1418 2804 1478 institu-

566 1504 752 1593 tionis
810 1530 1040 1592 divim
1107 1527 1598 1611 propugnaculo
1674 1525 2046 1611 hujusmodi
2114 1527 2421 1594 remediis
2496 1528 2802 1597 inaccessi

563 1644 940 1711 consistent.
969 1641 1160 1708 Unde
1179 1648 1385 1726 patet,
1412 1658 1643 1707 verum
1677 1640 1874 1709 hodie
1921 1647 1992 1707 et
2032 1644 2216 1728 quasi
2254 1649 2467 1710 totum
2508 1664 2592 1710 ex
2629 1663 2803 1730 pres-

563 1759 1025 1845 byterianismo
1090 1756 1688 1842 pertimescendum
1744 1758 2110 1842 periculum
2128 1806 2146 1838 ,
2218 1759 2344 1827 sub
2398 1760 2800 1844 parochismo

563 1873 793 1942 latere.

654 1992 808 2056 Haec
834 2007 1050 2074 operae
1099 1989 1387 2073 pretinm
1411 1988 1621 2056 visum
1649 1997 1752 2056 est
1777 1990 2019 2056 cursim
2054 1991 2121 2056 in
2152 1998 2563 2059 antecessum
2597 2011 2798 2078 expo-

565 2125 728 2173 nere
759 2103 844 2171 de
887 2104 1199 2190 pestifero
1226 2104 1743 2189 parochistarum
1780 2113 2159 2189 systemate.
2200 2108 2385 2173 Nunc
2420 2107 2508 2173 ad
2536 2109 2800 2175 convel-

562 2220 789 2288 lendas
828 2220 1118 2304 singulas
1156 2221 1414 2287 erronei
1449 2219 1624 2285 illius
1666 2218 1923 2287 aedificii
1964 2229 2210 2304 partes,
2253 2220 2798 2308 pandendamque

561 2337 910 2419 genuinam
944 2334 1378 2420 parochorum
1410 2335 1878 2402 institutionem
1906 2353 2166 2403 manum
2199 2335 2682 2408 admoveamus.

1464 2609 1734 2680 CAPUT
1770 2614 1855 2680 ΙΙ.

604 2881 894 2931 ΡΑΒΟΩΗῘ
940 2880 1070 2929 NON
1114 2879 1562 2928 cons‘rrrmm'r
1608 2878 1906 2926 'ramum
1956 2879 2377 2929 HOERAROEIAE
2426 2882 2752 2933 mvnn‘rns

1314 2995 1670 3045 msTITU'rAE
1709 2993 2030 3043 onumen.

646 3257 773 3339 Qui
824 3253 1212 3341 parochismi
1273 3254 1412 3321 sive
1478 3254 2080 3339 presbyterianismi
2140 3257 2477 3327 historiam
2540 3268 2794 3330 attente

554 3372 958 3450 lustraverit,
1012 3371 1201 3438 facile
1246 3369 1554 3437 advertet
1606 3390 1760 3439 enm
1796 3393 1880 3440 ex
1916 3394 2168 3456 errore,
2206 3396 2402 3463 quem
2440 3398 2613 3446 nunc
2648 3400 2797 3448 con·

552 3488 902 3556 tutandum
942 3487 1388 3573 aggredimur,
1417 3495 1729 3572 tanquam
1756 3506 1839 3552 ex
1866 3491 2192 3575 praecipua
2226 3511 2377 3559 arce
2407 3511 2548 3571 sua,
2584 3512 2786 3572 arma,

552 3613 623 3671 et
652 3604 942 3683 fraudes,
992 3613 1064 3671 et
1113 3603 1201 3671 ad
1257 3603 1691 3672 resistendum
1731 3600 2069 3670 andaciam
2104 3603 2496 3690 depromere
2529 3627 2794 3676 consue-

550 3720 745 3788 viaee.
773 3718 855 3785 Id
884 3737 1123 3803 nempe
1151 3727 1303 3786 ante
1338 3721 1554 3787 omnia
1594 3723 1750 3790 totis
1776 3723 2025 3792 viribus
2055 3732 2330 3793 tuentur
2372 3728 2784 3813 parochistoe,

547 3836 879 3903 institutos
899 3855 939 3903 a
974 3835 1232 3904 Christo
1262 3836 1460 3904 fuisse
1491 3847 1754 3906 curatos
1788 3846 2095 3926 tanquam
2142 3844 2514 3926 hierarchas,
2549 3852 2621 3912 et
2651 3853 2790 3913 tan·

546 3967 741 4036 quam
765 3958 1012 4017 tertium
1048 3954 1402 4019 hierarchia!
1425 3958 1839 4022 ecclesiastices
1882 3962 2175 4026 ordinem.
2229 3962 2517 4028 Primum
2559 3962 2785 4032 videli-

550 4075 660 4134 cet
724 4067 1104 4136 hierarchiae
1168 4069 1468 4138 ordinem
1522 4081 1883 4157 agnoscunt
1948 4074 2015 4139 in
2080 4075 2366 4142 Romano
2424 4078 2778 4164 Pontifice3

548 4183 902 4251 secundum
948 4187 1018 4251 in
1051 4186 1429 4272 Episcopis3
1481 4190 1750 4255 tertium
1787 4189 1855 4254 in
1895 4190 2216 4273 parochis.
2254 4193 2495 4277 Papam
2527 4199 2598 4260 et
2633 4195 2783 4278 Epi-

545 4319 777 4385 scopos
815 4307 1100 4383 maiores,-
1137 4302 1451 4386 parochos
1484 4323 1645 4370 vero
1673 4312 1933 4371 minores
1974 4308 2342 4378 hierarchas
2382 4320 2452 4378 et
2479 4311 2782 4398 proelatos
