3146 4973
1193 376 1352 425 uns
1395 375 1665 437 Qumn.
2417 356 2532 421 541

310 526 371 572 c.
427 510 486 584 1,
522 523 592 569 n.
620 500 716 586 4.)
749 503 843 569 Ex
881 500 1194 586 praedicto
1229 498 1609 566 Tridentino
1646 504 1835 564 textu
1887 495 2155 580 probari
2182 514 2314 562 non
2350 513 2540 580 posse

306 620 534 686 divino
597 618 746 704 jure
823 619 1184 702 impositam
1251 614 1588 682 residendi
1653 613 2114 697 obligationem
2131 659 2147 690 ,
2218 613 2543 678 evincitur

306 733 567 800 aliunde
597 753 679 800 ex
701 753 781 800 eo
810 731 990 819 quod
1011 740 1196 798 certo
1233 739 1510 810 constet,
1550 729 1963 797 'tridentinos
1995 737 2220 813 patres
2250 730 2537 796 'noluisse
2566 761 2575 769 ·

306 850 815 915 controversiam
849 846 1192 931 dirimere3
1233 848 1364 913 imo
1411 853 1669 911 textum
1712 846 1899 911 illum
1950 864 2034 910 ex
2071 846 2404 928 proposito
2447 846 2541 910 ita

305 962 501 1030 fuisse
528 965 614 1031 ab
638 965 792 1047 ipsis
821 966 1274 1030 concinnatum
1293 1012 1309 1041 ,
1341 972 1420 1030 ut
1448 982 1596 1029 eam
1639 983 1770 1028 uon
1816 961 2179 1028 dirimeret.
2217 985 2249 1023 a
2281 963 2384 1027 De
2420 961 2542 1027 hac

310 1103 343 1142 α
379 1082 842 1158 controversia,
871 1081 1080 1165 inquit
1099 1079 1405 1145 laudatus
1438 1076 1837 1143 Benedictus
1866 1079 2034 1155 XIV,
2059 1079 2299 1144 acriter
2328 1075 2540 1143 disce-

311 1218 344 1257 «
378 1203 632 1280 ptatum
664 1196 792 1261 fuit
829 1197 899 1260 in
940 1196 1212 1261 concilio
1248 1193 1660 1272 Tridentin0‚
1696 1201 1848 1259 ante
1896 1193 2248 1259 sessionem
2305 1195 2372 1270 6,
2414 1193 2539 1258 sub

309 1332 344 1373 a
379 1311 581 1375 Paulo
603 1310 732 1393 1113
765 1308 885 1376 sed
909 1330 987 1376 ea
1017 1310 1470 1376 vehementius
1492 1307 1834 1375 recruduit
1862 1308 1986 1374 sub
2008 1306 2126 1373 Pio
2148 1310 2261 1387 IV,
2294 1309 2362 1372 in
2390 1327 2543 1374 con-

315 1447 349 1486 «
382 1424 687 1490 ventibus
711 1424 948 1491 habitis
969 1431 1121 1490 ante
1152 1426 1470 1490 sessiones
1506 1428 1588 1491 19
1617 1429 1688 1488 et
1717 1426 1886 1489 23...
1908 1424 2202 1506 Cumque
2228 1421 2544 1488 dissiden-

314 1563 347 1602 «
379 1548 483 1606 tes
509 1541 685 1606 ‘mter
721 1560 792 1606 se
829 1541 1060 1606 Patres
1106 1539 1607 1626 haudquaquam
1642 1539 1969 1604 conciliari
2005 1539 2357 1622 potuerint,
2396 1546 2538 1603 tau·

313 1678 346 1719 α
381 1655 532 1738 dena
565 1654 1003 1722 deliberatum
1042 1664 1165 1733 est,
1205 1663 1282 1721 ut
1325 1673 1500 1722 novo
1541 1654 1807 1740 quidem
1840 1652 2113 1721 decreto
2148 1653 2369 1719 cuncti
2402 1656 2538 1718 ani-

315 1793 348 1833 «
383 1788 634 1835 marum
670 1778 964 1855 pastores
1014 1768 1100 1835 ad
1151 1769 1568 1836 residentiam
1610 1767 2072 1852 adigerentur3
2121 1768 2280 1834 nihil
2320 1775 2543 1834 tamen

313 1907 348 1946 a
380 1882 767 1950 definiretur
797 1883 1075 1969 dejure,
1112 1903 1242 1970 quo
1267 1883 1466 1951 iidem
1498 1885 1803 1950 continue
1834 1884 2010 1950 inter
2036 1902 2187 1949 suas
2217 1900 2374 1950 oves
2396 1901 2541 1948 ver·

311 2022 346 2061 α
379 2001 510 2064 sari
543 2005 885 2065 tenentur:
929 2002 1084 2085 quin
1128 2001 1324 2066 immo
1354 1999 1444 2065 ita
1471 1998 1817 2064 decretum
1856 1995 2377 2063 concinnandum
2419 1998 2541 2063 Pa·-

311 2137 346 2177 «
379 2123 518 2180 tres
540 2113 816 2192 duxere,
843 2123 920 2180 ut
947 2114 1106 2179 nihil
1138 2112 1291 2181 inde
1325 2115 1632 2180 alterutri
1657 2115 1996 2180 sententiae
2025 2111 2532 2178 detraheretur:

312 2253 346 2291 α
379 2247 521 2315 quae
546 2230 757 2295 omnia
786 2238 1137 2295 narrantur
1155 2249 1192 2294 a
1217 2228 1543 2295 Cardinali
1573 2229 1969 2294 Palavicino.
1984 2277 1999 2293 .
2014 2277 2029 2292 .
2058 2229 2237 2292 Hanc
2267 2225 2540 2294 Triden-

314 2366 348 2405 α
380 2346 501 2410 tini
525 2351 838 2424 mentem,
878 2363 1027 2410 cum
1068 2351 1480 2428 perspectam
1519 2344 1827 2411 habuerit
1854 2344 2016 2409 Pius
2046 2344 2158 2420 IV,
2192 2343 2261 2407 iu
2299 2342 2540 2408 allocu-

313 2483 346 2523 α
378 2462 557 2528 tione
617 2459 839 2527 habita
887 2459 972 2527 ad
1024 2459 1402 2527 cardinales
1449 2468 1519 2527 et
1568 2461 1920 2545 Episcopos
1980 2455 2270 2525 calendis
2322 2459 2538 2523 martii

311 2604 341 2640 α
385 2580 668 2656 1564...,
704 2596 904 2661 agens
930 2576 1017 2643 de
1048 2576 1398 2643 residentia
1429 2598 1466 2642 a
1493 2577 1769 2643 concilio
1799 2574 2225 2641 Lateranensi
2253 2573 2376 2639 sub
2422 2575 2537 2638 In-

310 2717 345 2758 «
375 2695 680 2761 nocentio
702 2694 820 2770 111,
849 2698 1047 2780 atque
1075 2712 1115 2758 a
1139 2692 1513 2759 Tridentino
1540 2694 1905 2758 animarum
1934 2689 2325 2775 pastoribus,
2353 2689 2539 2755 novis

309 2832 342 2870 α
376 2808 811 2873 sanctionibus
831 2806 1146 2892 injuncta,
1180 2808 1317 2873 haec
1341 2807 1428 2874 ad
1455 2827 1597 2874 rem
1628 2805 1953 2873 subdidit:
1987 2810 2156 2870 Licet
2190 2825 2330 2869 vero
2352 2824 2538 2885 neque

310 2946 343 2985 α
375 2931 444 2989 in
477 2927 613 3003 illo,
644 2944 830 3005 neque
854 2929 921 2987 in
945 2929 1063 2987 isto
1095 2927 1346 2989 coneilio
1381 2926 1546 2987 clare
1578 2923 1901 3001 definitum
1935 2927 2043 3002 sit,
2086 2941 2169 2986 an
2203 2924 2536 2986 residentia

310 3066 338 3098 ιι
375 3044 453 3105 de
472 3045 618 3123 jure
664 3043 874 3103 divino
915 3058 1038 3102 esse
1079 3049 1422 3119 censeatur,
1461 3043 1619 3121 quod
1654 3058 1839 3120 neque
1883 3044 2066 3102 etiam
2101 3058 2209 3101 nos
2252 3058 2413 3102 nunc
2455 3058 2534 3101 esc

308 3161 701 3238 «improviso
722 3155 979 3232 definire
997 3158 1305 3219 audemus.
1337 3180 1367 3216 »
1412 3156 1525 3240 (De
1550 3157 1793 3237 Synodo
1813 3156 2167 3229 dioecesana,
2199 3153 2247 3217 1.
2282 3162 2344 3231 7,
2381 3173 2441 3218 c.
2470 3155 2527 3232 l,

302 3291 369 3336 n.
410 3268 505 3353 3.)

1308 3473 1338 3543 5
1409 3469 1522 3532 ΙΙΙ.

302 3687 521 3744 Quasnam
541 3686 634 3735 sint
660 3686 912 3747 generatim
965 3686 1103 3746 justae
1132 3695 1304 3744 eausae,
1334 3685 1395 3733 ob
1421 3696 1541 3746 quas
1567 3683 1716 3731 curati
1746 3683 1871 3732 licite
1916 3696 1944 3729 a
1992 3670 2211 3745 parochia
2253 3697 2335 3733 sua
2368 3684 2530 3733 abesse

1299 3786 1513 3838 possunt.

387 3974 785 4041 Paoposmo
826 3975 906 4039 1⁸.
956 4010 1046 4021 —
1091 3976 1219 4037 Lex
1245 3972 1551 4035 residendi
1587 3990 1707 4034 non
1742 3975 1835 4034 ita
1875 3972 2271 4051 intelliqenda
2308 3978 2421 4047 est,
2458 3979 2528 4034 ut

296 4096 588 4166 nequeant
612 4089 884 4169 parochi,
902 4093 1078 4169 justa
1111 4092 1543 4153 interveniente
1575 4105 1778 4164 causa,
1817 4093 1996 4149 extra
2021 4086 2376 4167 parochiam
2406 4091 2520 4165 ire,

300 4210 359 4266 et
392 4207 475 4266 ad
509 4211 738 4286 tempas
760 4208 981 4268 abesse.
1033 4240 1121 4254 --
1145 4204 1412 4270 Constat
1460 4221 1542 4266 ex
1586 4202 1723 4284 ipsa
1748 4199 1914 4284 juris
1940 4200 2368 4266 ecclesiastici
2400 4199 2522 4267 dis-

299 4319 643 4402 positione,
680 4337 809 4405 qua
852 4317 1170 4404 ejusmodi
1211 4318 1539 4403 legitimas
1569 4315 1913 4383 abessendi
1957 4334 2182 4382 causas
2219 4314 2530 4382 determi-

299 4435 483 4499 navit
530 4435 628 4522 (ut
682 4433 877 4501 modo
931 4432 1341 4518 videbimus),
1374 4442 1444 4500 ct
1496 4438 1752 4499 certum
1801 4430 2070 4498 modum
2117 4430 2527 4499 servandum
