3146 4973
635 345 766 413 430
1306 357 1682 410 ‘macrum
1729 359 1820 409 nn
1863 357 2190 410 ranocuo.

630 505 668 548 a
703 492 862 550 tiisrt‘
921 488 1025 563 17,
1074 501 1141 569 q.
1208 488 1274 549 l:
1327 490 1395 549 et
1440 483 1621 551 dicto
1673 486 1889 569 capite
1951 483 2398 570 Pataroue.»
2462 483 2644 552 ἆται
2693 486 2860 553 hanc

626 601 909 668 Ferrarii
930 600 1489 666 enumerationem
1524 599 1850 679 advertas,
1881 605 1949 665 1⁰
1973 617 2199 665 causas
2219 599 2362 667 illas
2391 619 2618 667 omues
2635 602 2860 668 reduci

628 715 714 784 ad
745 718 1163 795 infirmitatem
1210 721 1404 779 animi
1445 719 1540 778 vel
1568 722 1863 795 corporis,
1922 731 2051 782 non
2102 714 2370 800 quidem
2398 718 2855 794 transitorimn,

624 831 748 898 sed
776 847 1116 914 perennem,
1156 849 1274 896 seu
1322 849 1465 915 quae
1512 849 1938 914 permansura
1973 831 2450 916 praevideatur3
2485 851 2563 897 ac
2591 833 2861 916 proinde

629 965 739 1012 eas
789 943 1256 1029 comprehendi
1304 945 1428 1011 suh
1474 945 1675 1012 thesis
1733 951 1968 1011 nostrae
2013 946 2331 1031 formula3
2367 949 2437 1011 2⁰
2464 948 2861 1014 concordare

631 1063 991 1129 canonistas
1006 1063 1075 1126 in
1092 1060 1553 1127 enumerandis
1573 1060 1806 1126 iisdem
1815 1062 2031 1126 caude
2047 1067 2359 1145 tanquam
2373 1061 2855 1143 mflicientibus,

629 1186 705 1243 ut
725 1178 926 1262 possit
957 1175 1301 1260 coadjutor
1326 1197 1365 1242 a
1401 1177 1739 1259 superiore
1769 1175 2107 1260 deputari;
2139 1180 2209 1243 3⁰
2234 1197 2381 1243 cum
2406 1199 2490 1245 ex
2518 1178 2726 1246 officio
2748 1200 2863 1247 suo

626 1300 935 1359 teneatur
953 1293 1309 1376 Episcopus
1330 1290 1683 1374 providere
1713 1310 1797 1358 ne
1827 1292 2129 1376 parochia
2156 1291 2631 1362 detrimentum
2663 1299 2864 1381 patia-

628 1414 763 1483 tur,
790 1409 1005 1475 teneri
1031 1425 1204 1485 eum,
1244 1406 1439 1472 dictis
1466 1406 1899 1474 existentibus
1926 1409 2156 1486 causis,
2196 1409 2648 1494 coadjutorem
2681 1431 2868 1496 paro-

628 1524 750 1590 cho
774 1522 960 1602 dare,
995 1523 1390 1607 regulaliter
1418 1523 1654 1589 saltem
1679 1522 2044 1608 loquend03
2093 1523 2289 1603 idest,
2333 1529 2454 1592 nisi
2489 1529 2616 1596 alio
2657 1527 2872 1595 medio

626 1639 1030 1723 parochIanis
1080 1639 1374 1704 succurri
1424 1638 1657 1704 melius
1714 1656 1902 1722 posse
1947 1639 2450 1706 circumstantiae
2515 1642 2865 1726 suadeant3

628 1756 700 1819 4⁰
726 1759 948 1820 textus
973 1752 1157 1838 juris,
1189 1755 1301 1839 qui
1327 1753 1547 1819 afferri
1583 1754 1797 1820 solent
1823 1754 2043 1839 quoad
2069 1757 2356 1840 singulas
2381 1776 2468 1822 ex
2491 1757 2687 1825 dictis
2723 1779 2873 1826 cau-

628 1871 734 1946 sis,
772 1872 897 1936 etsi
934 1885 1243 1954 expresse
1280 1889 1411 1936 uon
1443 1871 1798 1956 loquantur
1835 1887 2060 1937 omnes
2081 1870 2172 1938 de
2211 1874 2645 1956 parochorum
2681 1874 2873 1941 coad-

625 1987 990 2070 jutoribus,
1034 1986 1154 2053 sed
1189 1986 1452 2072 quidam
1489 1987 1851 2070 Episcopus,
1901 1986 2166 2071 quidam
2198 1989 2673 2056 archidiaconis
2711 1990 2871 2056 dan-

630 2101 749 2170 dos
792 2101 1206 2187 coadjutores
1230 2103 1600 2186 respiciant,
1635 2108 1819 2168 recte
1849 2108 2071 2168 tamen
2108 2123 2148 2169 a
2187 2107 2537 2171 canonistis
2561 2107 2870 2190 applicari

629 2217 1057 2302 parochorum
1086 2215 1599 2303 coadjutoribus,
1637 2217 1724 2282 ob
1759 2218 2029 2283 rationis
2057 2221 2432 2303 paritatem.

718 2336 1062 2414 Caeterum,
1112 2336 1563 2418 praetermissis
1605 2335 1800 2400 etiam
1834 2333 2002 2418 juris
2051 2335 2369 2415 textibus,
2427 2357 2511 2403 ex
2561 2339 2702 2404 sola
2734 2340 2869 2422 ipsu

629 2451 1010 2537 episcopalis
1059 2454 1347 2518 muneris
1392 2452 1644 2518 ratione
1697 2449 1917 2535 colligi
1969 2458 2193 2535 potest
2245 2452 2356 2519 ilia
2404 2455 2868 2538 Episcoporum

630 2576 916 2651 potestas
948 2567 1363 2653 coadjutores
1394 2566 1597 2635 dandi
1629 2568 1949 2652 parochis,
1987 2571 2226 2654 quiex
2264 2568 2438 2636 dicta
2481 2570 2873 2637 infirmitatis

629 2700 823 2749 causa
848 2682 1178 2766 explendo
1204 2682 1407 2749 officio
1434 2700 1554 2748 suo
1582 2685 1867 2767 impares
1892 2691 2270 2751 evaserunt.
2306 2684 2678 2752 Instructius
2698 2688 2870 2753 enim

629 2812 770 2859 csse
795 2793 997 2859 debet
1032 2794 1384 2877 Episcopus
1412 2795 1782 2860 necessaria
1828 2801 2181 2877 potestate,
2218 2803 2296 2861 nt
2326 2797 2654 2880 parochia,
2683 2798 2873 2881 cujus

631 2926 851 2973 curam
886 2907 1131 2973 habere
1164 2906 1294 2991 jam
1340 2924 1535 2991 paroc
1550 2907 1671 2972 hus
1709 2909 1961 2993 nequit,
1997 2907 2475 2977 detrimentum
2507 2931 2641 2977 non
2675 2914 2874 2995 patia-

628 3032 761 3089 tur.
798 3025 1057 3089 Poterit
1088 3022 1369 3107 proinde
1397 3024 1758 3108 Episcopus
1784 3023 2156 3108 providere,
2191 3034 2266 3091 ut
2295 3028 2410 3091 tali
2450 3027 2734 3110 parocho
2764 3028 2873 3093 ali-

628 3141 772 3224 quis
798 3139 1254 3217 substituatur,
1288 3140 1401 3225 qui
1424 3140 1600 3204 vices
1631 3137 1779 3224 ejus
1804 3147 2013 3223 gerat.
2051 3140 2204 3205 Haec
2246 3148 2467 3207 autem
2489 3142 2869 3209 substitutio

624 3256 775 3322 fleri
800 3256 1052 3341 nequit,
1090 3262 1167 3321 ut
1202 3252 1453 3320 dicmm
1503 3261 1626 3332 est,
1663 3256 2018 3339 par-ochum
2069 3255 2463 3340 deponendo
2500 3266 2570 3324 et
2609 3277 2868 3325 succes-

628 3388 842 3439 sorem
889 3374 1152 3457 proprie
1204 3371 1453 3438 dictum
1510 3371 1989 3437 constituendo.
2031 3374 2352 3439 Remanet
2407 3394 2568 3459 ergo
2617 3380 2714 3452 ut,
2763 3377 2870 3441 vel

628 3488 949 3571 parochus
974 3490 1113 3572 ipse
1152 3488 1293 3566 sihi,
1330 3487 1438 3552 vel
1466 3486 1821 3570 Episcopus
1857 3487 2142 3571 parocho
2182 3488 2464 3573 aliquem
2499 3489 2814 3575 adjungat
2848 3512 2862 3555 :

627 3623 825 3688 porro
854 3604 1033 3688 prius
1068 3602 1358 3668 medium
1418 3604 1573 3668 satis
1633 3610 1859 3685 aptum
1889 3602 2157 3688 quidem
2211 3613 2333 3683 est,
2387 3606 2651 3691 qnando
2688 3626 2871 3691 paro-

628 3719 808 3795 chus,
836 3722 1055 3782 mente
1085 3724 1154 3781 et
1178 3732 1455 3799 corpore
1495 3715 1774 3796 validus,
1807 3716 2110 3803 adjutore
2141 3716 2485 3786 dumtaxat
2509 3718 2762 3805 indiget
2785 3721 2869 3786 ob

626 3834 885 3898 nimam
908 3832 1135 3916 populi
1160 3830 1652 3898 multitudinem
1681 3854 1697 3916 ;
1731 3852 1853 3899 nec
1883 3834 2124 3899 mirum
2161 3834 2228 3899 in
2260 3835 2385 3901 hoc
2421 3854 2574 3901 casu
2603 3837 2728 3920 ipsi
2767 3855 2875 3919 pa-

628 3949 826 4016 rocho
867 3967 905 4014 a
935 3946 1086 4033 jure
1108 3949 1408 4014 relictam
1441 3947 1642 4015 fuisse
1675 3946 1997 4033 adjutoris
2037 3967 2156 4015 seu
2199 3951 2424 4017 vicarii
2461 3954 2561 4017 sui
2601 3953 2871 4019 electio-

627 4068 1055 4132 nem.Atvero
1088 4062 1355 4149 quando
1372 4080 1458 4129 ex
1485 4067 1689 4141 senio,
1728 4066 2106 4148 corporisve
2139 4072 2210 4132 et
2243 4067 2607 4151 preesertim
2632 4068 2872 4134 mentis

625 4181 1021 4258 infirmitate,
1042 4179 1345 4263 regendae
1370 4179 1688 4263 parochiae
1716 4181 1924 4263 impar
1947 4180 2161 4247 factus
2187 4188 2290 4246 cst
2309 4183 2654 4266 parochus,
2673 4204 2868 4251 nemo

626 4316 757 4362 nou
787 4292 972 4363 videt
1008 4302 1231 4379 aptum
1265 4311 1414 4360 eum
1447 4295 1571 4360 hoc
1607 4297 1748 4378 ipso
1784 4312 1916 4359 non
1945 4314 2111 4373 esse,
2139 4296 2230 4362 ad
2267 4306 2449 4367 recte
2489 4300 2862 4384 eligendum

628 4410 995 4499 adjutorem
1044 4428 1255 4477 suum.
1292 4412 1465 4492 Ergo
1501 4419 1658 4475 tunc
1694 4412 2025 4492 pertinere
2073 4410 2284 4478 debet
2319 4414 2460 4479 hee
2507 4417 2756 4484 electio
2797 4423 2862 4481 et
