3146 4973
616 339 746 400 450
1292 351 1664 398 Tnac‘ra'rus
1716 352 1798 397 ns
1844 352 2167 399 panocno.

604 477 885 565 judicet,
927 461 1207 564 equue
1256 476 1529 561 rejiciat,
1568 495 1697 542 non
1749 483 1965 561 potest
2015 477 2212 542 alium
2259 479 2380 545 sibi
2433 480 2599 547 bene
2637 483 2843 547 visum

612 600 752 680 ipse
790 595 1146 679 Episcopus
1201 592 1567 678 deputare3
1606 589 1721 656 sed
1774 589 1978 658 debet
2016 594 2256 658 iterum
2299 595 2582 676 parocho
2621 600 2846 661 termi-

615 731 769 778 num
804 711 1164 795 praefigere,
1207 717 1284 774 ut
1307 710 1502 774 alium
1535 707 1656 773 sibi
1684 708 1901 791 eligat.
1947 709 2028 774 Et
2062 707 2236 775 idem
2269 712 2474 777 currit
2489 711 2595 796 jus
2612 711 2696 778 de
2725 710 2845 778 hoc

614 827 925 905 secunde,
960 846 1033 892 ac
1061 824 1147 892 de
1178 827 1397 911 priore
1425 846 1440 908 ;
1477 823 1682 890 dehet
1717 843 1955 909 nempe
1994 834 2065 891 et
2101 827 2240 911 ipsc
2276 827 2358 892 ab
2393 829 2707 912 Episcopo
2742 848 2850 913 ap-

616 942 902 1029 probari.
947 943 1227 1026 Parique
1255 938 1454 1005 modo
1510 939 2007 1024 procedendum
2055 940 2270 1025 quoad
2320 944 2616 1020 tertium,
2655 963 2850 1029 quar-

612 1069 775 1137 tum,
812 1068 970 1135 etc.‚
995 1060 1046 1122 si
1078 1059 1334 1141 priores
1355 1078 1392 1121 a
1416 1056 1702 1140 parocho
1730 1058 2043 1121 nominati
2069 1057 2299 1142 rejecti
2334 1058 2633 1125 fuissent.
2666 1061 2842 1138 Haec,

614 1178 895 1261 inquam,
931 1182 1158 1257 aperte
1192 1179 1417 1257 patent
1443 1191 1525 1237 ex
1555 1172 1751 1237 citata
1781 1173 2144 1237 Innocentii
2172 1174 2324 1237 xm
2352 1176 2837 1241 constitutione.

705 1287 912 1374 Objici
942 1288 1169 1371 utique
1194 1294 1414 1369 posset
1445 1285 1686 1351 dictam
1720 1286 1965 1351 bullam
1996 1286 2425 1352 universalem
2453 1306 2582 1353 non
2616 1288 2842 1364 fuisse,

613 1404 729 1471 sed
759 1403 842 1468 ad
880 1403 1329 1486 Hispaniarum
1356 1401 1695 1467 dumtaxat
1732 1402 2035 1466 ecclesias
2066 1400 2406 1468 directam.
2446 1405 2689 1469 Verum
2716 1424 2851 1471 non

609 1521 667 1584 is
710 1518 838 1583 fuit
881 1516 1356 1582 constitutionis
1401 1534 1638 1598 scopus
1683 1523 1760 1579 ut
1797 1534 1988 1591 nova,
2025 1522 2095 1581 et
2141 1516 2423 1584 decretis
2457 1517 2852 1585 Tridentinis

614 1633 994 1716 derogantia
1031 1636 1509 1713 statuerentur3
1556 1629 1698 1709 scd,
1742 1629 2293 1715 quemadmodum
2324 1636 2603 1716 ipsemet
2634 1634 2850 1700 decla-

613 1756 715 1814 rat
738 1748 1063 1825 Pontifex,
1099 1753 1175 1812 ut
1210 1748 1697 1831 corrigerentur
1721 1749 2034 1825 nonnulla,
2063 1750 2477 1812 ecclesiastica·
2503 1753 2849 1832 disciplinoe

617 1867 989 1944 rationibus,
1035 1885 1106 1927 ac
1155 1866 1569 1927 saluberrimis
1609 1867 1773 1925 sacri
1829 1869 2169 1925 oecumenici
2210 1868 2451 1928 concilii
2501 1868 2850 1931 Tridentini

614 1985 867 2047 decretis
907 1983 1365 2063 haudquaquam
1409 1987 1800 2043 consentanea
1824 2029 1840 2058 ,
1887 2000 2018 2061 quoe
2069 1986 2287 2044 sensim
2331 1987 2396 2044 in
2440 1983 2702 2045 diversis
2761 1988 2852 2046 in-

615 2101 789 2183 clytae
818 2103 1085 2160 nationis
1122 2099 1465 2177 Hispanicoe
1504 2098 1650 2157 locis
1678 2097 2002 2178 obrepsisse
2037 2096 2284 2178 perlata
2325 2094 2611 2160 fuerant.
2651 2096 2846 2163 Unde

616 2232 692 2281 ea
720 2195 864 2299 quie
914 2210 1307 2277 adduximus
1343 2209 1571 2275 haberi
1600 2210 1848 2275 debent
1879 2217 2181 2295 tanquam
2231 2208 2399 2294 juris
2456 2213 2844 2291 communie,

617 2337 686 2396 et
718 2329 789 2395 iu
821 2327 1037 2412 specie
1066 2334 1370 2410 tanquam
1394 2324 1558 2408 juris
1585 2322 1950 2390 Tridentini
1976 2324 2409 2409 declarativa3
2447 2345 2522 2390 ac
2564 2326 2844 2409 proinde

619 2444 703 2513 ad
733 2443 1134 2529 probandam
1168 2442 1402 2508 thesim
1436 2443 1567 2507 vim
1600 2441 1844 2507 habere
1879 2439 2201 2507 censenda
2236 2449 2411 2508 sunt.
2462 2442 2545 2508 Et
2575 2448 2846 2509 notetur

619 2561 1145 2627 constitutionem
1192 2557 1352 2622 hanc
1406 2555 1606 2621 fuisse
1643 2556 1726 2621 ab
1765 2556 2042 2639 ipsamet
2091 2557 2281 2621 Sacra
2327 2556 2846 2641 congregatione

621 2676 883 2746 Concilii
909 2676 1328 2740 elaboratam.
1363 2670 1619 2737 Editam
1644 2678 1861 2737 autem
1906 2673 2079 2737 illam
2123 2674 2436 2758 reperies,
2487 2679 2557 2739 et
2593 2673 2789 2739 simul
2818 2693 2855 2740 a

619 2790 981 2860 Benedicto
1018 2790 1171 2855 xm
1220 2808 1342 2872 per
1389 2790 1916 2854 constitutionem
1949 2792 2025 2853 In
2067 2810 2342 2871 supremo
2377 2789 2848 2867 confirmatam,

622 2906 707 2974 ad
754 2906 1000 2971 calcem
1034 2904 1446 2988 provincialis
1473 2904 1742 2969 Romani
1779 2905 2056 2981 concilii,
2100 2924 2269 2969 anno
2310 2908 2478 2971 1725
2511 2904 2848 2970 celebrati.

718 3025 1072 3090 Pnona'rnn
1115 3022 1233 3085 111.
1270 3057 1361 3071 --
1408 3024 1509 3083 Ex
1544 3026 1737 3083 variis
1791 3027 1993 3085 Saeroe
2042 3026 2537 3104 Conqreyationis
2598 3022 2857 3085 Consilii

628 3140 1157 3207 declarationibus.
1207 3172 1297 3183 --
1342 3136 1417 3200 In
1461 3154 1654 3200 causa
1713 3140 2167 3215 Mediolanensi,
2223 3140 2306 3202 26
2367 3137 2594 3221 aprilis
2656 3139 2852 3213 1732,

631 3274 823 3344 quam
868 3254 1157 3337 reperies
1202 3253 1270 3315 in
1317 3258 1494 3316 tomo
1553 3254 1591 3315 5
1643 3253 1933 3315 Thesauri
1978 3256 2435 3329 resolutionum,
2491 3254 2712 3336 agitur
2769 3249 2851 3316 de

633 3371 912 3458 quadam
948 3369 1217 3435 ecclesia
1246 3368 1606 3450 collegiata,
1659 3386 1800 3451 quoe
1840 3369 2032 3433 simul
2062 3376 2204 3434 erat
2231 3367 2634 3452 parochialis,
2679 3368 2854 3433 Resi-

634 3490 835 3558 debat
867 3506 1024 3553 cura
1077 3486 1405 3548 habitualis
1458 3502 1660 3565 penes
1714 3483 2110 3567 capitulum3
2158 3487 2417 3547 actualis
2447 3502 2607 3549 vero
2658 3501 2861 3566 penes

632 3605 1050 3694 praepositum
1083 3599 1336 3687 (eodem
1376 3600 1589 3665 ferme
1617 3599 1832 3676 mod0,
1867 3620 1997 3684 quo
2027 3619 2133 3666 res
2177 3620 2247 3666 se
2303 3600 2501 3665 habet
2535 3601 2601 3664 in
2629 3599 2854 3664 cathe-

634 3723 949 3798 dralibnS,
998 3714 1256 3803 quando
1300 3715 1587 3799 capitulo
1619 3715 1970 3783 cathedrali
2006 3736 2165 3781 cura
2207 3716 2333 3781 fuit
2364 3734 2617 3781 annexa
2652 3735 2666 3777 ε
2699 3723 2856 3780 tuuc

630 3858 866 3924 nempe
903 3832 1275 3901 cathedrale
1309 3833 1660 3917 capitulum
1698 3841 1798 3900 est
1847 3834 2170 3918 parochus
2197 3840 2263 3897 in
2308 3835 2544 3911 habitu,
2580 3838 2650 3896 et
2686 3845 2857 3895 cnrae

629 3954 1013 4027 exercitium
1045 3956 1142 4017 cst
1181 3968 1382 4033 penes
1414 3949 1722 4014 vicarium
1768 3948 1851 4014 ad
1918 3948 2040 4014 hoc
2099 3948 2513 4031 deputatum,
2556 3946 2668 4031 qni
2707 3943 2859 4009 ideo

625 4069 905 4137 vicarius
954 4076 1198 4132 curatas
1246 4062 1535 4147 dicitur).
1593 4065 1740 4128 Fuit
1768 4073 1986 4131 autem
2031 4065 2451 4149 propositum,
2489 4063 2661 4126 inter
2697 4058 2842 4133 alia,

622 4191 823 4256 hocce
855 4185 1130 4253 dubium
1168 4206 1180 4247 z
1217 4186 1286 4247 2⁰
1318 4185 1412 4245 An
1441 4188 1501 4243 et
1542 4184 1627 4243 acl
1667 4201 1836 4263 quem
1876 4189 2096 4262 spectet
2134 4186 2244 4264 jus
2299 4181 2569 4260 eliqencli
2614 4178 2855 4258 coadju-

626 4314 812 4371 torem
862 4310 927 4366 in
958 4304 1245 4364 exercitio
1271 4315 1449 4373 curce,
1487 4301 1716 4377 quoties
1751 4317 1816 4358 eo
1858 4316 2005 4377 opus
2057 4302 2138 4358 sit
2163 4299 2195 4359 ?
2225 4296 2308 4359 Et
2351 4294 2546 4358 Sacra
2577 4290 2856 4374 Congre-

629 4420 801 4506 gatio
828 4410 1203 4497 respoudit:
1238 4412 1333 4473 Ad
1361 4413 1704 4489 secandam,
1733 4418 1999 4491 spectare
2024 4413 2108 4474 ad
2131 4414 2554 4491 proepositum,
2597 4424 2732 4468 eum
2760 4421 2861 4484 ap-
