3146 4973
650 229 780 294 688
1325 243 1702 292 TnAcrA'rus
1748 244 1835 291 DE
1881 243 2210 292 PAROGHO.

1652 522 1883 587 XVIII.

648 769 959 818 mmmm
1018 768 1529 818 APPROBATIoms
1603 769 1845 817 cmu‘r!
1889 768 2269 819 Auovmlms
2285 798 2302 829 ‚
2357 770 2630 832 QUANDO
2691 770 2876 819 nom-

934 885 1134 934 RATIO
1178 885 1502 933 PERTmET
1546 884 1636 933 AD
1682 884 1984 945 ALIQUAM
2031 885 2585 935 UMVERSITATRM.

736 1151 795 1211 N
801 1196 846 1226 .,
883 1150 1213 1229 Episcopus
1240 1150 1319 1212 N.
1354 1183 1443 1195 —-
1472 1149 1728 1224 Dilecto,
1773 1155 1887 1213 etc.
1912 1184 2001 1195 —
2026 1149 2158 1211 Tibi
2187 1149 2371 1211 Nobis
2387 1148 2464 1210 ab
2481 1151 2876 1210 universitate

649 1268 763 1328 loci
791 1268 851 1329 N
857 1314 900 1343 .,
922 1271 1020 1326 cui
1052 1266 1228 1327 titulo
1259 1266 1747 1326 immemorabilis
1773 1265 2222 1326 consuetudinis
2244 1267 2353 1344 jus
2387 1269 2657 1344 pertinet
2685 1270 2876 1327 nomi-

645 1381 858 1458 nandi,
895 1386 1256 1460 praesentato
1295 1381 1379 1442 ad
1425 1398 1633 1441 curam
1686 1384 2031 1441 animarum
2072 1380 2462 1440 exercendam
2515 1383 2582 1440 in
2631 1381 2877 1441 ecclesia

644 1495 983 1574 parochiali
1025 1493 1213 1571 filiali
1242 1497 1323 1557 N.
1368 1495 1520 1557 dicii
1548 1496 1684 1571 loci,
1729 1496 2049 1574 idoneoque
2088 1494 2164 1556 ab
2200 1496 2720 1556 examinatoribus
2763 1514 2874 1555 no-

647 1615 794 1671 stris
825 1610 1234 1690 synodalibus,
1257 1615 1381 1670 tam
1411 1611 1608 1689 quoad
1636 1614 1970 1687 scientiam,
2007 1628 2186 1689 quam
2213 1610 2409 1688 quoad
2429 1609 2560 1671 alia
2591 1613 2879 1689 requisita

648 1732 900 1805 reperto,
932 1732 989 1787 et
1008 1744 1047 1787 a
1078 1726 1261 1788 Nobis
1287 1727 1639 1805 approbato,
1668 1727 1974 1787 licentiam
2003 1731 2062 1786 et
2087 1726 2438 1803 facultatem
2468 1726 2865 1803 concedimus,

646 1845 861 1902 missas
886 1840 1263 1920 parochiales
1297 1847 1356 1903 et
1386 1842 1514 1903 alia
1544 1842 1758 1903 divina
1784 1840 1986 1919 officia
2018 1845 2084 1902 in
2110 1842 2276 1903 dicta
2303 1841 2547 1902 ecclesia
2583 1841 2878 1901 celebran-

645 1958 734 2032 di,
772 1962 1145 2018 sacramenta
1190 1961 1391 2018 omn-ia
1435 1958 1935 2034 administrandi,
1975 1974 2200 2018 necnon
2241 1960 2447 2018 munia
2492 1956 2873 2036 parochialia

644 2072 982 2146 exercendi,
1016 2078 1074 2132 et
1094 2075 1246 2151 jura
1284 2072 1513 2147 tuendi,
1551 2070 1871 2131 honoribus
1901 2075 1958 2130 et
2002 2070 2279 2130 oneribus
2312 2076 2630 2132 consuetis.
2688 2072 2876 2149 Teque

643 2190 1241 2247 vicarium-curatum
1279 2187 1657 2248 amovibilem
1701 2187 1878 2247 dietae
1920 2185 2196 2263 ecelesioe,
2229 2187 2316 2245 sic
2350 2204 2390 2247 a
2428 2187 2614 2248 Nobis
2657 2204 2873 2265 appro-

645 2303 845 2364 batum
879 2307 1316 2379 constituimus,
1342 2309 1399 2364 et
1431 2304 1818 2382 deputamus,·
1854 2302 2238 2363 admonentes
2267 2305 2334 2362 in
2371 2304 2648 2378 Domino,
2673 2307 2743 2363 ut
2767 2320 2878 2381 per

645 2425 700 2479 te
751 2423 970 2500 ipsum,
1016 2423 1137 2480 tuis
1198 2418 1561 2496 muneribus,
1601 2423 1659 2479 et
1699 2421 2040 2498 proesertim
2086 2421 2152 2477 in
2193 2418 2486 2479 edocendo
2537 2418 2872 2479 doctrinam

639 2534 1037 2597 christianam
1067 2536 1270 2596 sedulo
1295 2535 1620 2612 incumbas,
1653 2539 1712 2594 et
1747 2535 1821 2595 de
1849 2534 2030 2594 solita
2062 2539 2221 2594 certa
2245 2551 2528 2612 conyrua,
2553 2552 2737 2613 quam
2768 2535 2879 2594 tibi

640 2655 1038 2730 assiqmmus,
1064 2650 1410 2730 respon-deri
1443 2650 1657 2727 facias.
1691 2649 1975 2710 Volumus
1997 2654 2218 2726 autem,
2256 2650 2416 2728 quod
2444 2667 2482 2710 a
2513 2651 2866 2725 residentia,

640 2767 899 2828 durante
944 2764 1157 2843 offici0,
1190 2766 1512 2841 discedere,
1541 2782 1647 2826 nec
1681 2765 1758 2824 ab
1801 2782 1867 2824 eo
1905 2769 2172 2825 amoveri
2209 2768 2407 2844 possis
2450 2765 2635 2827 Nobis
2678 2770 2877 2826 incon-

637 2882 840 2946 sultis.
872 2882 950 2943 In
980 2898 1228 2961 quorum
1273 2884 1674 2941 testimonium
1710 2879 1819 2940 has
1845 2885 2174 2959 praesentes
2212 2880 2450 2941 litteras
2485 2877 2700 2963 (salvis
2715 2885 2879 2960 juri·

639 2997 745 3058 bus
779 2997 1034 3058 ecclesia?
1070 3001 1341 3057 matricis
1390 2992 1495 3076 N.)
1536 3015 1577 3058 a
1621 2998 1799 3058 Nobis
1837 2997 2202 3077 subscriptas
2242 2997 2522 3078 expediri
2543 3000 2870 3076 jussimus.

637 3147 728 3160 --
779 3114 1032 3190 Datum,
1079 3118 1193 3174 etc.
1232 3146 1315 3158 —-
1355 3114 1462 3188 N„
1506 3113 1832 3192 Episcopus
1879 3114 1956 3174 N.
1988 3147 2078 3159 ——-
2123 3110 2205 3175 Et
2263 3117 2543 3193 ponatur
2588 3109 2874 3190 sigillum

639 3233 951 3292 consueto
976 3226 1144 3292 loco.

1677 3447 1841 3511 xlx.

870 3715 1179 3763 FORMULA
1232 3715 1706 3764 DEPUTATloms
1754 3715 2156 3763 CAPPELLAM
2212 3715 2613 3765 nominum.

726 3979 834 4054 N„
874 3979 1197 4058 Episcopus
1232 3978 1312 4040 N.
1342 4010 1428 4022 —-
1449 3976 1680 4038 Dilecto
1706 3977 1892 4039 Nobis
1927 3980 1992 4039 in
2027 3977 2272 4041 Christo
2310 3979 2656 4059 presbytero
2685 3999 2871 4042 saeu-

637 4094 759 4155 lari
784 4095 844 4156 N
849 4093 1121 4169 .--Tibi,
1153 4098 1223 4155 ut
1247 4098 1491 4172 asseris,
1508 4093 1585 4154 ab
1613 4097 1776 4155 omni
1803 4094 2143 4156 residentioe
2171 4113 2345 4157 onere
2366 4096 2608 4176 aliaque
2637 4099 2872 4178 obliqu-

634 4216 794 4273 tionc
828 4209 1035 4288 libero,
1071 4214 1309 4288 coqnita
1344 4214 1544 4288 aetate,
1577 4228 1649 4271 ac
1690 4228 1799 4291 per
1837 4229 2088 4273 examen
2131 4229 2442 4274 sacrarum
2482 4220 2867 4277 cceremonia-

633 4342 770 4387 rum
793 4327 1043 4404 peritia,
1069 4329 1128 4385 et
1154 4342 1194 4385 a
1222 4322 1347 4400 fide
1368 4326 1575 4406 dionis
1602 4343 1832 4388 morum
1854 4332 1914 4389 et
1939 4331 2083 4390 vitce
2111 4325 2417 4391 honestate
2443 4333 2504 4391 et
2529 4330 2856 4410 probitate,
