3146 4973
1250 403 1408 452 rans
1453 397 1680 453 rama.
2502 395 2582 458 37

351 547 388 585 a
421 526 583 592 alias
606 526 888 601 minores
922 526 1101 595 aedes
1130 528 1200 594 in
1236 526 1509 597 urbibus
1540 536 1867 609 struxere,
1898 537 1975 596 ut
1996 549 2126 597 una
2148 531 2339 598 simul
2368 532 2591 618 plures

355 663 391 702 α
425 640 490 705 in
525 640 757 709 iisdem
782 641 869 710 ad
892 641 1235 723 orandum,
1271 643 1703 729 psallendum,
1751 644 2157 733 hymnosque
2184 649 2325 713 Deo
2360 646 2595 715 decan-

352 780 389 819 «
422 755 659 824 tandos
723 761 906 825 statis
959 757 1135 826 horis
1194 761 1462 845 singulis
1521 738 1757 829 diebus
1832 761 2171 831 commode
2239 766 2587 833 convenire

348 895 387 934 α
420 882 711 958 possent.
742 876 1072 943 Praeterea
1095 896 1244 943 cum
1271 880 1603 964 praecipuo
1640 879 1824 947 cultu
1854 889 2412 967 prosequerentur
2442 881 2589 949 loca

348 1014 387 1053 α
418 991 488 1055 in
512 991 750 1078 quibus
777 1000 1104 1078 martyres
1138 1002 1255 1061 aut
1288 996 1458 1080 passi
1484 994 1771 1075 fuerant,
1807 1003 1922 1062 aut
1950 1015 2178 1063 eorum
2211 1016 2488 1083 corpora
2510 1017 2587 1065 ac

347 1129 385 1167 a
416 1107 710 1192 reliquiae
753 1116 942 1175 erant
984 1109 1361 1190 reconditae,
1415 1110 1640 1197 ibique
1684 1130 1873 1179 orare
1917 1113 2324 1197 potissimum
2367 1112 2588 1182 stude·

348 1246 385 1285 α
421 1231 598 1301 rent,
634 1222 880 1291 ibidem
919 1225 1196 1291 basilica}
1237 1224 1572 1293 aedificatae
1613 1227 1909 1307 fuerunt,
1936 1228 2214 1295 orationi
2253 1248 2340 1296 ex
2370 1231 2583 1315 primo

348 1360 386 1401 α
415 1337 806 1406 eorumdem
830 1340 1152 1420 instituto,
1188 1341 1585 1426 psalmodiae,
1637 1350 1708 1408 et
1749 1351 2116 1429 martyrum
2151 1345 2360 1412 cultui
2390 1344 2585 1413 desti·

343 1477 379 1515 α
414 1463 607 1534 natoe,
643 1473 774 1520 non
801 1472 959 1523 vero
995 1455 1273 1542 publicis
1316 1456 1636 1525 habendis
1673 1459 1993 1545 liturgicis
2029 1459 2263 1527 diebus
2301 1480 2583 1531 conven-

346 1593 384 1632 ιι
417 1570 628 1656 tibus;
654 1569 933 1657 ideoque
960 1579 1257 1655 oratoria,
1284 1580 1612 1658 martyria,
1652 1583 2037 1641 etmemorioe
2070 1576 2251 1664 apud
2278 1578 2580 1663 antiquos

340 1709 378 1748 a
411 1686 807 1776 plerumque
876 1699 1361 1775 nuncupantur.
1434 1693 1512 1757 In
1580 1692 1881 1759 oratoriis
1933 1701 2156 1759 autem
2207 1692 2582 1779 hujusmodi

343 1826 380 1865 α
414 1803 728 1891 quidnam
799 1814 1257 1890 perageretur,
1336 1815 1563 1891 aperte
1626 1806 1920 1874 declarat
1974 1808 2370 1893 Augustinus
2443 1810 2582 1892 epi-

341 1942 377 1981 «
410 1923 581 1989 stola
636 1924 750 1988 121
818 1944 833 1989 ε
882 1928 957 1988 In
1001 1930 1268 1988 oratorio
1307 1931 1536 2006 proeter
1588 1927 1807 1988 orandi
1858 1932 1918 1988 et
1959 1928 2268 2008 psallendi
2318 1928 2569 2005 cultum,

335 2060 374 2100 α
404 2046 650 2122 penitus
686 2041 846 2104 nihil
877 2047 1123 2122 matur,
1176 2048 1248 2105 ut
1288 2046 1520 2106 nomini
1554 2042 1696 2105 huic
1733 2050 1791 2105 et
1824 2061 2003 2123 opera
2030 2048 2271 2124 ,βαρέων
2309 2047 2578 2124 impensa

336 2174 375 2214 a
408 2157 749 2221 concordet.
793 2155 893 2219 Ita
928 2154 1125 2221 etiam
1168 2154 1443 2238 epistola
1486 2157 1611 2221 109
1658 2176 1674 2220 2
1719 2158 1797 2219 In
1826 2161 2091 2219 oratorio
2131 2175 2298 2219 nemo
2333 2158 2575 2237 aliquid

339 2292 377 2333 α
406 2279 555 2354 aya&
600 2277 724 2337 nisi
772 2275 841 2337 id
887 2275 970 2337 ad
1004 2274 1163 2354 quod
1203 2278 1295 2337 est
1341 2274 1595 2353 factam,
1646 2280 1754 2336 aa!
1797 2275 1958 2339 unde
1991 2292 2203 2337 nomen
2248 2277 2494 2355 accepit.
2534 2293 2568 2334 ιι

330 2387 598 2472 (Marius
636 2389 878 2472 Lupus,
923 2390 998 2452 de
1041 2392 1357 2468 Paroeciis,
1416 2385 1685 2454 dissert.
1749 2391 1814 2467 2,
1872 2406 2017 2473 cap.
2072 2390 2136 2466 5,
2197 2405 2346 2472 pag.
2411 2390 2562 2468 185,

326 2507 524 2569 editio
556 2501 889 2588 Bcrqomi.)

421 2624 603 2685 Nota.
651 2657 743 2672 «-
792 2620 1059 2686 Putavit
1122 2619 1575 2686 Thomassiuus
1594 2668 1610 2699 ,
1667 2619 2093 2706 presbyteros
2142 2629 2213 2687 et
2262 2620 2569 2689 diaconos

324 2735 730 2804 cathedralis
774 2737 1077 2803 Ecclesiae
1125 2737 1447 2803 minorum
1488 2737 1763 2803 aliarum
1818 2737 2099 2804 civitatis
2148 2737 2567 2835 ecclesiarum

321 2873 554 2921 curam
574 2853 898 2933 habuisse,
933 2854 1025 2919 ita
1060 2860 1138 2919 ut
1162 2872 1390 2920 earum
1425 2860 1648 2920 essent
1675 2853 1965 2939 parochi,
2002 2873 2143 2934 seu,
2172 2851 2351 2940 quod
2386 2852 2565 2921 idem

322 2975 453 3048 est,
490 2969 588 3034 ita
618 2975 696 3033 ut
730 2985 957 3034 earum
994 2966 1264 3051 parochi
1306 2965 1668 3038 cathedrali
1695 2967 1887 3034 simul
1920 2968 2337 3053 presbyterio
2377 2967 2564 3035 addi-

324 3091 663 3153 cerentur.
694 3082 810 3150 Ast
867 3082 1332 3150 hallucinatum
1370 3101 1520 3149 eum
1552 3082 1758 3150 fuisse
1793 3080 2135 3152 contendit
2165 3083 2407 3149 Marius
2443 3085 2564 3150 Lu-

320 3202 419 3287 pi,
445 3210 518 3267 et
555 3200 787 3266 validis
824 3200 1182 3268 rationibus
1217 3200 1455 3284 probat
1495 3220 1533 3266 e
1576 3208 1827 3279 contra,
1860 3206 2117 3266 minores
2139 3221 2343 3265 sacras
2374 3206 2552 3283 oedes,

319 3341 363 3384 a
401 3319 849 3384 cathedralibus
883 3324 1204 3401 sejunctas,
1244 3323 1529 3400 proprios
1572 3317 1847 3380 habuisse
1887 3317 2157 3400 fixosque
2181 3319 2560 3400 presbyteros

317 3437 700 3514 diacono-wc,
749 3452 932 3515 neque
973 3435 1281 3516 litarqicis
1327 3434 1538 3496 diebus
1563 3434 1649 3496 ad
1689 3451 1863 3495 sacra
1891 3436 1958 3496 in
2005 3437 2156 3515 ipsis
2193 3434 2473 3512 facienda
2518 3452 2558 3495 a

318 3553 771 3616 cathedralibus
806 3551 1108 3632 ablegatos
1135 3552 1326 3629 finisse
1361 3546 1643 3634 (dissert.
1674 3550 1739 3628 3,
1771 3565 1916 3632 cap.
1950 3545 2054 3634 2).

413 3669 672 3750 objicies
703 3667 892 3731 3⁰.—
918 3661 1313 3730 Incredibile
1344 3670 1447 3730 est
1475 3682 1681 3749 usque
1717 3661 1802 3730 ad
1834 3681 2074 3729 annum
2107 3666 2278 3729 1000
2304 3682 2557 3749 magna-

320 3801 469 3850 tum
513 3782 851 3848 civitatum
891 3779 1127 3848 fideles
1173 3798 1398 3846 omnes
1434 3779 1503 3844 in
1549 3798 1766 3856 unam,
1800 3780 1904 3846 cui
1938 3785 2251 3863 praeesset
2294 3779 2559 3864 Episco-

320 3918 471 3985 pus,
503 3898 847 3965 ecelesiam
887 3896 1271 3962 confluxisse
1311 3917 1325 3960 ε
1368 3895 1626 3962 nullum
1665 3895 1908 3980 quippe
1951 3895 2272 3980 templum
2308 3902 2554 3963 tantam

320 4017 646 4101 potuisset
682 4011 1172 4080 multitudinem
1204 4029 1464 4096 capere.

410 4134 771 4216 Respondco.
793 4167 885 4179 —
904 4132 967 4194 1⁰
998 4128 1127 4195 Res
1160 4129 1356 4194 certis
1385 4126 1816 4194 monumentis
1845 4133 2136 4210 constat3
2169 4144 2326 4211 ergo
2354 4127 2556 4211 possi-

320 4248 473 4315 bilis
497 4248 648 4315 fuit.
688 4250 759 4312 2⁰
787 4246 1051 4312 Etiamsi
1078 4265 1209 4313 non
1234 4252 1456 4329 posset
1476 4244 1751 4329 intelligi
1777 4262 1907 4330 quo
1935 4242 2006 4309 id
2033 4242 2225 4311 modo
2253 4244 2557 4328 possibile

188 4367 203 4382 ‘
326 4366 549 4443 fuerit,
600 4383 727 4430 non
768 4361 918 4429 ideo
965 4362 1208 4428 factum
1246 4360 1510 4428 aliunde
1553 4365 1739 4427 certo
1776 4366 2075 4427 constans
2116 4368 2290 4427 esset
2315 4379 2557 4444 negan-

324 4480 511 4569 dum3
544 4482 698 4567 quia
722 4481 927 4547 multa
958 4479 1129 4547 facta
1158 4488 1310 4547 sunt
1342 4487 1547 4559 certa,
1569 4496 1713 4566 quae
1739 4485 1958 4546 tamen
1977 4474 2304 4564 quomodo
2331 4479 2556 4561 peragi
