3146 4973
1179 315 1339 363 »Ans
1382 315 1643 362 TERTIA.
2401 304 2524 368 ³33

388 442 457 505 2⁰
484 442 598 507 Est
638 439 996 505 communis
1026 437 1367 505 doctorum
1397 439 1636 523 opinio,
1670 458 1801 505 non
1831 440 2079 525 requiri
2115 439 2531 509 subdiacona-

292 566 466 635 tum,
508 563 584 622 ut
629 557 774 642 quis
820 555 1145 640 parochus
1184 554 1488 622 constitui
1525 554 1762 620 valeat.
1797 555 2056 621 Etenim
2077 604 2094 634 ,
2130 556 2290 624 licet
2331 576 2527 641 supra

291 672 487 738 citata
521 669 871 737 decretalis
915 675 1218 735 Proeterea
1262 668 1804 736 subdiaconatum
1848 671 2157 756 requirat,
2200 668 2270 736 id
2306 688 2529 738 corre-

290 795 471 854 ctum
509 795 610 854 est
652 806 776 871 per
815 786 1325 870 subsequentem
1353 785 1754 853 decretalem
1790 790 1862 852 Si
1892 808 2006 869 pro
2039 789 2296 854 clericis.
2334 789 2530 872 Equi·

290 903 453 970 dem
490 902 783 970 nonnulli
823 902 975 968 olim
1025 904 1390 980 canonistae,
1443 922 1593 968 cnm
1637 903 1866 988 glossa,
1903 910 2223 986 putarunt
2281 902 2523 971 dictam

291 1017 693 1086 decretalem
731 1023 1035 1085 Proeterea
1065 1025 1424 1084 correctam
1466 1016 1666 1083 fuisse
1708 1017 2050 1085 dumtaxat
2082 1017 2298 1103 quoad
2344 1019 2527 1086 cleri·

299 1153 432 1210 coS,
471 1134 580 1220 qui
624 1134 994 1219 parochiam
1030 1133 1329 1200 obtinent
1370 1152 1493 1216 per
1540 1139 1703 1197 viam
1745 1139 2191 1216 impetrationis
2225 1153 2340 1201 seu
2393 1135 2526 1201 col·-

284 1249 575 1335 lationis3
633 1268 763 1315 non
818 1259 1038 1316 autem
1092 1247 1311 1334 quoad
1347 1268 1460 1315 eos
1506 1248 1620 1333 qui
1666 1268 1808 1314 eam
1854 1249 2154 1316 obtinent
2193 1267 2316 1334 per
2357 1252 2527 1317 viam

278 1373 773 1448 praesentaiionis
819 1373 887 1431 et
941 1370 1245 1431 electionis
1275 1388 1295 1429 .-
1348 1363 1468 1431 sed
1521 1366 1864 1449 praevaluit
1904 1368 2163 1433 omnino
2202 1368 2523 1433 contraria

287 1482 641 1566 sententia;
678 1481 857 1567 quod
891 1501 1152 1566 nempe,
1188 1489 1336 1566 post
1370 1481 1774 1548 decretalem
1810 1485 1883 1546 Si
1907 1501 2027 1564 pro
2062 1484 2318 1561 clericis,
2346 1480 2527 1549 nullo

286 1592 479 1660 modo
514 1602 581 1661 et
624 1595 691 1660 in
740 1597 918 1662 nullo
971 1615 1125 1661 casu
1169 1596 1556 1662 remanserit
1600 1593 2105 1662 subdiaconatus
2147 1596 2518 1661 necessitas.

286 1708 477 1790 Quod
509 1707 660 1775 vide
698 1712 942 1794 optime
985 1709 1342 1776 discussum
1380 1730 1417 1775 a
1460 1710 1762 1793 Fagnano
1803 1711 1892 1795 (in
1942 1717 2139 1794 caput
2186 1714 2511 1787 Proetcrea,

284 1827 361 1888 de
381 1830 593 1891 AEtate
621 1834 681 1889 et
707 1828 906 1907 qual„
940 1844 1008 1889 n.
1040 1823 1126 1909 5).

375 1943 448 2007 3⁰
490 1944 586 2007 An
628 1942 854 2007 saltem
899 1943 1322 2026 requirantur
1370 1945 1655 2008 minores
1703 1940 1995 2019 ordines,
2032 1941 2365 2025 disputant
2405 1941 2523 2007 do-

287 2066 522 2124 ctores,
557 2057 814 2123 Etenim
859 2055 1210 2123 decretalis
1242 2061 1314 2123 Si
1338 2077 1452 2141 pro
1486 2060 1720 2120 clericis
1749 2054 1908 2122 dicit
1943 2056 2206 2142 quidem
2243 2075 2374 2122 non
2416 2076 2524 2122 re-

282 2174 454 2259 quiri
485 2194 689 2237 sacros
718 2172 1007 2256 ordines;
1049 2180 1116 2238 at
1154 2193 1282 2240 non
1323 2171 1480 2238 dicit
1505 2192 1635 2237 non
1673 2172 1918 2257 requiri
1945 2171 2208 2238 ordines
2233 2178 2512 2238 minores.

284 2290 449 2355 Hinc
493 2309 621 2355 non
666 2291 878 2375 liquet
919 2308 1033 2368 an,
1086 2288 1637 2374 quemadmodum
1677 2289 2135 2355 necessitatem
2178 2286 2521 2355 subdiaco-

283 2410 475 2470 natus
503 2406 783 2483 sustulit,
817 2407 907 2470 ita
946 2412 1015 2471 et
1052 2407 1376 2472 minorum
1413 2404 1717 2471 ordinum
1756 2406 2213 2472 necessitatem
2252 2404 2522 2471 sustule-

284 2521 393 2588 rit.
422 2522 521 2586 De
561 2540 691 2606 quo
722 2521 872 2588 vide
906 2523 1276 2606 Fagnanum
1314 2522 1481 2609 (loco
1499 2522 1719 2599 citato,
1754 2541 1821 2586 n.
1863 2520 1957 2605 6).

372 2637 442 2700 4⁰
469 2636 611 2702 Non
640 2635 939 2702 obstante
970 2637 1078 2703 illa
1117 2639 1594 2704 canonistarum
1628 2637 2094 2715 controversia,
2142 2637 2229 2703 ob
2265 2638 2516 2721 praxim

283 2760 349 2816 et
403 2749 769 2818 decisiones
813 2753 1017 2818 Sacrae
1065 2753 1592 2838 Congregationis
1636 2752 1938 2832 Concilii,
1974 2751 2331 2819 dicendum
2380 2759 2509 2830 est,

280 2885 493 2952 neque
522 2869 805 2934 minores
833 2868 1098 2935 ordines
1126 2870 1394 2954 requiri,
1431 2877 1507 2935 ut
1540 2869 1687 2953 quis
1713 2870 1781 2933 in
1819 2868 2176 2953 parochum
2212 2871 2516 2935 constitui

280 2983 527 3067 valeat3
560 2982 679 3050 sed
707 2983 1004 3050 sufficere
1024 2985 1375 3068 simplicem
1398 2990 1758 3066 tonsuram.
1790 2985 1889 3048 De
1914 3001 2043 3069 quo
2063 2985 2510 3068 probationem

279 3118 365 3163 ex
405 3097 671 3166 laudato
715 3101 1014 3184 Fagnano
1062 3096 1503 3164 desumemus.
1561 3099 1912 3182 Postquam
1961 3117 2203 3183 nempe
2240 3098 2515 3163 clarissi-

278 3229 428 3275 mus
464 3209 693 3277 doctor
731 3213 1018 3279 rationes
1048 3210 1389 3295 congessit,
1430 3228 1572 3295 quae
1611 3209 1931 3275 minorum
1963 3208 2266 3275 ordinum
2297 3227 2518 3274 neces-

270 3328 537 3393 sitatem
563 3328 869 3393 evincere
903 3325 1236 3405 videntur,
1263 3326 1354 3392 sic
1381 3324 1608 3392 addit:
1658 3350 1692 3387 α
1721 3326 1957 3410 Negari
1988 3333 2210 3391 tamen
2243 3343 2377 3390 non
2404 3342 2516 3409 po-

276 3466 314 3502 «
353 3447 485 3506 test
514 3442 667 3525 quin
706 3442 775 3506 in
817 3444 1105 3524 practica
1143 3450 1447 3507 servetur
1478 3442 1870 3525 oppositum.
1908 3442 2070 3507 Nam
2108 3438 2511 3524 parochiales

277 3581 313 3617 c<
354 3555 788 3621 conferuntur
815 3558 1007 3621 etiam
1038 3558 1287 3622 clericis
1314 3557 1537 3640 primae
1563 3564 1873 3622 tonsuras.
1902 3535 1983 3622 Et
2008 3557 2202 3622 Sacra
2227 3555 2514 3639 Congre-

275 3696 315 3732 «
350 3673 523 3755 gatio
559 3670 825 3738 Consilii
873 3673 1029 3738 alias
1072 3673 1387 3752 consulta,
1440 3693 1523 3738 an
1573 3665 2051 3738 matrimonium
2100 3679 2509 3740 contractum

277 3812 316 3850 α
352 3806 571 3853 coram
597 3788 907 3872 parocho,
937 3785 1153 3854 adhuc
1175 3788 1345 3854 intra
1376 3807 1617 3854 annum
1646 3786 1733 3853 ad
1762 3807 1979 3854 sacros
2023 3808 2151 3855 non
2180 3792 2503 3871 promoto,

276 3927 315 3966 a
350 3902 471 3969 sed
520 3905 730 3989 prima
782 3912 1037 3971 tantum
1089 3911 1356 3970 tonsura
1403 3904 1684 3980 initiato,
1746 3904 1832 3968 sit
1883 3903 2206 3982 validum,
2260 3922 2502 3988 necne;

280 4044 319 4082 α
353 4021 608 4086 censuit
638 4040 780 4087 esse
811 4018 1119 4086 validum.
1146 4020 1355 4101 Quam
1382 4021 1775 4086 sententiam
1807 4020 2108 4086 Clemens
2134 4020 2288 4086 VIII
2319 4017 2404 4086 ad
2433 4038 2505 4085 se

276 4160 314 4199 α
348 4137 621 4203 relatam
653 4137 1063 4220 approbavit.
1093 4160 1125 4197 a
1163 4136 1258 4223 (In
1287 4142 1484 4219 caput
1510 4141 1837 4215 Praeterea,
1861 4139 1936 4200 de
1961 4142 2169 4203 AEtate
2204 4144 2264 4202 et
2296 4139 2499 4218 qual„

270 4273 339 4318 n.
394 4255 460 4319 8.

369 4371 435 4432 5⁰
468 4250 746 4435 1))ωηίηο
775 4368 1132 4454 requiritur
1171 4375 1245 4433 ut
1278 4370 1392 4455 qui
1432 4369 1816 4453 parochiam,
1842 4369 2133 4435 nondum
2174 4366 2497 4448 sacerdos,
