3146 4973
1258 438 1581 487 Appmmlx
1627 440 1671 486 1.
2429 424 2547 488 661

334 560 723 629 monialibus
751 561 1082 642 amicitias,
1122 564 1299 631 eisve
1336 567 1601 633 mittant
1624 584 1931 651 munera3
1979 565 2086 632 vel
2124 566 2177 631 si
2217 583 2360 632 sese
2392 567 2564 650 iuge«

336 685 483 743 rant
510 678 683 746 ultra
718 697 946 745 eorum
969 678 1273 747 officium.
1319 680 1397 748 Id
1437 683 1601 769 (loco
1637 682 1778 762 cit„
1823 701 1889 746 ιι.
1933 679 1996 767 5)
2025 680 2244 751 firmat
2273 682 2564 749 Ferraris

332 797 527 862 variis
557 797 762 863 Sacrae
796 797 1328 884 congregationis
1362 802 1829 885 Episcoporum
1852 797 2421 866 declarationibus.

425 915 492 977 5⁰
511 913 870 997 Regulares
895 933 1037 981 esse
1067 924 1403 1001 nequeunt
1430 916 1798 1000 cappellani
1820 916 2214 993 monialium,
2236 916 2358 981 nisi
2388 915 2561 982 forte

332 1026 548 1094 desint
576 1029 949 1115 presbyteri
989 1031 1335 1097 soeculares
1370 1032 1486 1117 qui
1529 1050 1768 1098 munus
1796 1029 1963 1097 illud
1994 1032 2253 1098 obeant.
2307 1033 2407 1096 Ita
2454 1029 2565 1097 de-

333 1147 647 1213 claratum
696 1168 736 1212 a
785 1147 964 1216 dicta
1004 1149 1198 1217 Sacra
1257 1151 1775 1235 Congregatione
1833 1149 1983 1217 vide
2038 1149 2213 1234 apud
2275 1150 2564 1217 Ferraria

336 1260 553 1350 (ibid.‚
580 1282 647 1327 n.
685 1262 779 1348 6).

420 1382 490 1444 6⁰
519 1378 893 1464 Cappellani
915 1381 1286 1448 monialium
1319 1380 1569 1449 debent
1600 1401 1741 1448 esse
1765 1383 2165 1462 amovibileS,
2187 1402 2322 1449 non
2343 1389 2561 1449 autem

319 1496 648 1582 perpetui.
684 1496 873 1564 Sacra
907 1497 1341 1583 Congregatio
1370 1500 1860 1584 Episcoporum,
1882 1500 1950 1565 in
1981 1504 2316 1579 Brixiensi,
2357 1503 2437 1565 18
2463 1497 2564 1584 ju·

316 1612 393 1679 lii
437 1616 626 1681 1692.
668 1613 1001 1701 (Ferraria,
1044 1614 1236 1691 ibid.,
1265 1636 1331 1681 n.
1366 1613 1459 1699 7.)

410 1735 478 1795 7⁰
508 1729 786 1811 Quando
814 1732 1128 1798 moniales
1148 1739 1301 1798 sunt
1320 1739 1640 1817 exemptae
1669 1751 1707 1797 a
1725 1731 2178 1818 jurisdictione
2201 1730 2552 1809 Ordinarii,

321 1854 391 1913 et
427 1846 739 1933 subjectae
772 1848 1203 1932 regularibus,
1241 1866 1467 1915 earum
1499 1848 1919 1933 cappellanus
1949 1848 2356 1932 approbatur
2385 1867 2424 1913 a
2452 1867 2561 1913 su-

322 1964 564 2049 periori
584 1964 894 2049 regulari.
923 1965 1191 2031 Constat
1212 1984 1295 2031 ex
1325 1964 1768 2032 declaratione
1797 1967 2005 2031 Sacrae
2026 1964 2559 2050 Congregationis

322 2079 617 2159 Concilii,
662 2080 732 2144 in
779 2098 971 2145 causa
1018 2084 1400 2161 Hier-acensi,
1446 2087 1852 2161 visitationis,
1902 2084 1986 2146 26
2020 2080 2298 2165 januarii
2337 2082 2505 2146 1692
2533 2126 2549 2155 ‚

320 2194 409 2260 ad
446 2199 521 2279 93
554 2201 623 2261 et
650 2197 741 2261 ita
760 2201 945 2262 tenet
975 2197 1315 2263 Monacelli
1362 2196 1561 2283 (tomo
1593 2200 1652 2278 1,
1686 2198 1791 2263 tit.
1828 2201 1891 2277 2,
1927 2196 2210 2266 formula
2234 2198 2345 2273 23,
2367 2215 2433 2260 n.
2456 2194 2548 2279 4).

320 2310 557 2377 Caeteri
589 2319 808 2377 autem
847 2311 1226 2397 presbyteri
1246 2313 1610 2393 saeculares»,
1657 2321 1903 2397 praeter
1932 2312 2365 2397 approbatum
2396 2331 2432 2376 a
2456 2329 2557 2377 su-

319 2426 563 2512 periori
589 2426 895 2511 regulari,
915 2426 1040 2494 etsi
1073 2435 1395 2494 vocentur
1418 2447 1455 2494 a
1473 2428 1859 2496 monialibus
1890 2427 2208 2512 exemptis
2238 2445 2359 2512 pro
2386 2427 2555 2494 cele·

318 2544 619 2610 bratione
640 2544 999 2623 missarum,
1020 2552 1288 2628 possunt
1311 2543 1394 2610 ab
1416 2546 1735 2630 Episcopo
1750 2545 2083 2629 prohiberi
2102 2565 2185 2610 ne
2204 2542 2543 2610 accedant.

319 2662 414 2728 Ex
451 2679 760 2745 responso
790 2658 874 2726 ad
911 2659 1182 2726 dubium
1208 2662 1351 2740 VII,
1385 2663 1449 2727 in
1491 2660 1687 2728 modo
1723 2660 1898 2728 dicta
1927 2680 2118 2727 causa
2147 2660 2541 2727 Hieracensi.

406 2782 475 2844 8ο
505 2776 877 2863 Cappellani
907 2777 1277 2843 monialium
1310 2785 1767 2863 exemptarum
1799 2778 2085 2843 amoveri
2129 2795 2258 2841 nou
2301 2775 2551 2842 debent

316 2895 400 2962 ab
454 2893 774 2979 Episcopo
812 2894 949 2959 sine
995 2912 1210 2959 causa.
1259 2894 1383 2980 (Ita
1437 2892 1846 2960 declaratum
1882 2914 1919 2959 a
1958 2894 2146 2959 Sacra
2187 2892 2548 2976 Congrega·

314 3012 493 3078 tione
517 3011 980 3095 Episcoporum
1004 3018 1286 3076 testatur
1319 3012 1634 3091 Fen-aris,
1666 3010 1813 3075 loco
1849 3014 2074 3091 citato,
2109 3030 2174 3074 n.
2221 3008 2351 3094 15.)

407 3131 478 3194 9⁰
513 3126 944 3210 Cappellanus
999 3125 1371 3190 monialium
1415 3130 1891 3208 exemptarum,
1926 3125 2188 3191 excluso
2233 3124 2538 3208 parocho,

317 3245 530 3310 omnia
561 3249 986 3321 sacramenta,
1025 3242 1220 3308 ctiam
1237 3243 1304 3308 in
1333 3241 1613 3308 articulo
1641 3243 1891 3319 mortis,
1929 3242 2085 3326 ipsis
2111 3239 2539 3323 administrat3

311 3361 407 3427 ita
455 3368 532 3426 ut
560 3361 704 3427 loco
740 3359 1004 3445 parochi
1034 3357 1250 3445 quoad
1286 3361 1455 3443 ipsas
1484 3359 1824 3424 habeatur.
1848 3357 2260 3445 (Tamburini‚
2295 3361 2370 3421 de
2397 3362 2546 3420 ,lure

312 3478 628 3553 abbatum,
672 3473 916 3559 disput.
967 3477 1087 3554 36,
1126 3474 1377 3558 quaesit.
1413 3475 1491 3558 43
1542 3473 1986 3550 Pellizzarius,
2021 3476 2098 3538 de
2140 3476 2533 3550 monialibus,

314 3613 374 3660 c.
414 3602 476 3672 7,
514 3599 741 3678 quoest.
787 3596 851 3674 8,
896 3611 962 3657 n.
1018 3590 1151 3674 15.)

408 3711 488 3775 Et
508 3710 703 3775 etiam
728 3705 947 3793 quoad
964 3707 1274 3773 moniales
1295 3725 1425 3772 non
1461 3714 1801 3790 exemptas
1823 3706 2036 3772 solent
2063 3706 2360 3790 Episcopi
2391 3722 2544 3787 cap-

313 3825 647 3911 pellanum
685 3822 1030 3908 deputare,
1065 3823 1176 3908 qui
1211 3824 1425 3889 omnia
1453 3827 1876 3901 sacramenta,
1909 3823 2105 3889 etiam
2150 3824 2218 3887 in
2266 3821 2544 3887 articulo

312 3942 565 4022 mortis,
605 3940 701 4006 eis
740 3939 1087 4006 ministret.
1117 3939 1377 4005 seclusa
1422 3946 1642 4004 tamen
1692 3936 2186 4014 consuetudine,
2208 3938 2542 4021 pertinere

313 4057 400 4125 ad
428 4055 782 4141 parochum
804 4054 1189 4121 monialibus
1214 4073 1342 4120 non
1376 4054 1698 4137 exemptis
1729 4053 2035 4119 viaticum
2056 4060 2126 4118 et
2154 4060 2546 4119 extremam-

310 4178 688 4242 unctionem
733 4172 1121 4251 ministrare,
1155 4169 1306 4235 vide
1353 4169 1529 4254 apud
1576 4170 1866 4237 Ferraris
1908 4169 2075 4256 (loco
2125 4171 2266 4250 cit„
2298 4189 2363 4234 n.
2405 4167 2533 4254 18).

409 4293 519 4358 10⁰
558 4289 990 4374 Cappellanus
1043 4287 1420 4353 monialium
1478 4294 1699 4371 potest
1749 4287 2006 4352 missam
2070 4287 2409 4352 celebrare
2458 4286 2544 4353 de

311 4414 562 4486 sancto,
589 4404 775 4491 cujus
806 4403 1080 4470 officium
1112 4404 1197 4470 ab
1228 4404 1384 4490 ipsis
1410 4385 1802 4469 ‘monialibus
1826 4402 2202 4470 celebratur
2231 4403 2296 4467 in
2315 4401 2538 4480 choro,

312 4522 606 4592 adhibito
634 4529 855 4589 tamen
888 4523 1124 4589 missali
1145 4539 1433 4606 romano;
1468 4522 1534 4585 in
1559 4519 1690 4607 qu‘o
1720 4522 1773 4586 si
1800 4521 1986 4587 missa
2021 4519 2429 4609 particularis
2461 4518 2547 4587 de
