3146 4973
547 371 677 458 ‚²266
1215 385 1592 446 ‘rnAc‘rA‘rus
1650 389 1739 437 nr:
1782 387 2110 437 amoeno.

633 511 814 580 Hanc
856 507 1302 588 difficultatem
1337 529 1421 576 ne
1469 511 1934 597 introspexisse
1982 509 2248 598 quidem
2282 509 2592 578 videntur
2616 530 2783 578 non-

541 626 701 714 nulli
732 626 1097 703 canonistae,
1130 625 1316 694 verbi
1339 628 1570 717 gratia,
1610 629 1902 695 Ferraris
1923 627 2154 712 (verbo
2174 629 2512 704 Par-ochus,
2545 634 2672 693 art.
2704 630 2775 704 2,

545 764 611 808 n.
657 741 792 826 55).

632 858 884 939 Quibus
922 857 1299 940 praenotatis
1339 859 1516 928 circa
1556 858 1665 945 jus
1720 877 2096 936 commune,
2125 857 2339 944 quoad
2386 866 2779 941 praesentem

521 974 965 1059 ‚quaestionem
990 1020 1007 1049 ,
1065 980 1218 1042 ante
1263 972 1641 1042 Tridentina
1705 974 1972 1042 decreta
2015 975 2271 1059 vigens,
2331 961 2783 1058 expendamus

539 1107 712 1156 nune
742 1086 901 1174 quid
936 1086 1312 1158 Tfidentina
1348 1089 1641 1173 synodus
1672 1109 1756 1157 ex
1784 1090 1913 1156 hoc
1956 1089 2225 1173 antiquo
2249 1087 2399 1173 jure
2443 1095 2777 1155 servatum

523 1206 843 1285 ,voluerit,
866 1205 1110 1292 quidve
1141 1206 1613 1274 immutaverit.

623 1323 926 1403 QUAESTIO
971 1326 1063 1390 2·.
1082 1359 1175 1371 —-
1204 1329 1519 1404 Quisnam,
1545 1331 1688 1406 post
1719 1327 2036 1388 concilium
2058 1327 2510 1406 Iridentinum,
2537 1329 2619 1386 sit
2649 1343 2775 1387 mo-

536 1441 651 1522 dus
677 1445 996 1506 canonicus
1033 1443 1396 1521 procedendi
1429 1448 1643 1504 contra
1687 1443 1957 1506 absentes
1990 1446 2302 1506 canonicos
2332 1441 2773 1506 cathedralium

536 1555 633 1615 vel
670 1556 1125 1634 colleyiatarum
1167 1556 1571 1617 ecclesiarum.
1624 1590 1715 1602 ——
1756 1554 1856 1619 Sic
1905 1551 2191 1637 disponit
2242 1552 2422 1619 dicta
2486 1552 2774 1639 synodus

525 1668 841 1754 (sessione
875 1669 987 1746 24,
1017 1687 1162 1751 cap.
1193 1666 1294 1752 12)
1330 1689 1344 1733 :
1391 1691 1423 1730 «
1454 1669 1783 1736 Praeterea
1823 1668 2270 1738 obtinentibus
2301 1670 2371 1736 in
2406 1667 2633 1734 iisdem
2670 1689 2775 1735 ca-

542 1805 577 1843 «
607 1782 1016 1850 thedralibus
1056 1792 1171 1850 aut
1212 1784 1573 1868 collegiatis
1601 1785 1974 1870 dignitates,
2005 1786 2440 1864 canonicatuS,
2481 1785 2774 1868 praeben·

533 1920 575 1986 ⁴«
612 1897 730 1964 das
749 1908 863 1964 aut
899 1901 1248 1983 portiones,
1277 1918 1407 1965 non
1434 1901 1719 1967 liceat...
1749 1900 1925 1967 ultra
1960 1907 2099 1966 tres
2130 1918 2387 1966 menses
2409 1900 2492 1968 ab
2529 1898 2771 1966 eisdem

541 2036 575 2076 a
614 2014 904 2080 ecclesiis
933 2016 1228 2099 quolibet
1257 2034 1426 2081 anno
1450 2015 1764 2081 abesse...
1797 2015 2097 2100 Alioquin
2126 2016 2342 2098 primo
2369 2031 2537 2079 anno
2568 2015 2773 2098 prive-

542 2152 575 2191 «
607 2139 718 2198 tur
753 2133 1193 2217 unusquisque
1240 2130 1507 2197 dimidia
1552 2138 1744 2215 parte
1801 2130 2163 2197 fructuum.
2197 2129 2391 2211 Quod
2441 2130 2495 2194 si
2536 2130 2770 2198 iterum

531 2268 575 2320 ,«
608 2246 838 2313 eadem
868 2246 1070 2312 fuerit
1115 2265 1269 2312 usus
1305 2248 1718 2330 negligentia,
1754 2247 2053 2330 privetur
2095 2244 2395 2312 omnibus
2424 2244 2766 2321 fructibus,

536 2384 571 2425 «
607 2380 770 2446 quos
793 2361 1031 2427 eodem
1057 2381 1224 2428 auno
1245 2361 1538 2427 lucratus
1555 2360 2136 2428 fuerit.Crescente
2166 2376 2322 2425 vero
2343 2358 2764 2434 contumacia,

539 2499 576 2541 α
610 2485 838 2546 contra
861 2497 973 2544 eos
1004 2476 1192 2562 juxta
1212 2495 1547 2543 sacrorum
1577 2494 1901 2542 canonum
1930 2474 2426 2543 constitutiones
2458 2472 2773 2559 proceda·

543 2616 577 2656 (ι
613 2601 802 2659 tur.»
841 2594 972 2658 Per
1003 2592 1201 2659 hocce
1237 2590 1583 2658 decretum
1634 2591 1912 2657 multum
1955 2591 2373 2656 immutatum
2412 2572 2512 2655 est
2555 2589 2775 2674 quoad

539 2711 886 2775 canonicos
915 2706 1023 2792 jus
1054 2714 1205 2772 ante
1235 2706 1682 2772 Tridentinam
1713 2705 2037 2792 synodum
2069 2707 2313 2790 vigens.
2337 2705 2542 2773 Antea
2571 2707 2768 2780 enim,

529 2833 614 2897 ,ut
649 2825 714 2887 iu
750 2820 1071 2907 superiori
1098 2824 1449 2907 quoestioue
1485 2820 1712 2888 videre
1758 2829 1881 2897 est,
1917 2827 2179 2904 poterat
2226 2822 2583 2905 Episcopus
2619 2840 2773 2889 con-

533 2946 639 3005 tra
674 2959 803 3005 nou
827 2937 1224 3005 residentem
1249 2936 1617 3023 procedere
1668 2937 1755 3004 ad
1787 2938 2223 3021 privationem
2268 2934 2588 3013 beneficii,
2631 2938 2773 3004 sive

535 3062 684 3140 post
733 3062 1217 3138 competentem
1245 3054 1599 3123 terminum
1628 3053 1704 3141 (si
1744 3053 2177 3137 personaliter
2218 3052 2455 3118 citatus
2495 3052 2766 3137 fuerat),

537 3171 674 3239 sivc
704 3176 850 3254 post
874 3188 989 3236 sex
1023 3187 1279 3236 menses
1301 3168 1387 3254 .(si
1413 3170 1588 3234 trino
1608 3167 1833 3233 edicto
1866 3167 2040 3233 facta
2066 3167 2284 3233 fuerat
2314 3164 2587 3251 citatio).
2614 3169 2773 3233 Post

534 3285 977 3353 ‘tridentinam
1003 3294 1222 3352 autem
1255 3285 1743 3370 dispositionem
1771 3282 2067 3349 deveniri
2094 3282 2324 3369 nequit
2343 3282 2429 3348 ad
2456 3283 2771 3369 privatio-

537 3420 687 3471 nem
711 3402 831 3467 nisi
859 3409 1006 3485 post
1031 3408 1169 3467 tres
1187 3418 1408 3467 annos.
1444 3398 1639 3481 Quod
1665 3401 1757 3465 sic
1782 3397 2056 3467 adnotat
2086 3401 2424 3483 Fagnanus
2455 3399 2543 3485 (in
2571 3406 2773 3483 caput

537 3522 637 3605 Ex
665 3527 804 3596 tuce,
840 3520 915 3582 de
938 3520 1189 3581 Clericis
1217 3536 1338 3581 non
1360 3517 1782 3594 residentibus,
1818 3535 1884 3579 n.
1932 3512 2071 3598 14):
2116 3537 2147 3575 α
2183 3514 2393 3600 Atque
2423 3514 2511 3579 ita
2544 3514 2770 3581 absen-

542 3656 577 3696 α
609 3642 711 3700 tes
748 3633 920 3698 ultra
961 3639 1098 3698 tres
1135 3650 1391 3698 menses
1420 3630 1613 3699 hodie
1648 3629 1972 3696 beneficio
2010 3630 2256 3714 privari
2295 3649 2425 3696 non
2454 3636 2771 3717 poterunt

544 3774 579 3813 α
620 3749 933 3836 (intellige
996 3757 1270 3833 propter
1324 3748 1662 3814 defectum
1712 3742 2107 3831 residentiae)
2161 3746 2282 3813 nisi
2323 3755 2471 3831 post
2511 3746 2769 3831 lapsum

543 3890 579 3930 α
609 3869 808 3932 trium
837 3883 1177 3941 annorum,
1213 3873 1284 3932 et
1309 3872 1568 3931 servata
1606 3862 1815 3931 forma
1851 3864 1942 3931 ibi
1973 3862 2388 3948 praescripta,
2432 3871 2506 3931 ut
2535 3866 2771 3947 saepius

544 4006 578 4046 «
612 3982 975 4049 declaravit
996 3982 1188 4047 Sacra
1215 3981 1642 4065 Congregatio
1670 3978 1966 4065 ejusdem
1994 3978 2245 4045 concilii
2282 3980 2630 4062 interpres.
2660 3982 2769 4045 Mi-

545 4120 580 4161 «
615 4099 787 4164 nime
820 4098 994 4163 enim
1032 4116 1259 4164 verum
1296 4105 1398 4163 est
1430 4094 1607 4181 quod
1637 4095 1846 4164 refert
1872 4096 2260 4172 Mantica...,
2298 4095 2616 4163 videlicet
2646 4117 2767 4181 per

542 4237 575 4276 α
610 4214 1064 4281 illustrissimos
1093 4213 1300 4277 Sacrae
1329 4211 1860 4295 Congregationis
1888 4213 2287 4295 interpretes
2320 4210 2516 4277 fuisse
2549 4209 2766 4278 decla-

543 4352 577 4392 «
610 4337 845 4403 ratum,
884 4328 1231 4411 Episcopos
1279 4344 1465 4409 posse
1512 4326 1875 4410 procedere
1915 4326 1998 4392 ad
2041 4326 2469 4409 privationem
2513 4325 2598 4391 ob
2634 4346 2763 4392 nou

543 4469 575 4508 α
607 4441 1053 4518 residentiam,
1080 4441 1342 4508 tametsi
1386 4448 1755 4526 temporum
1782 4441 2148 4519 intervalla,
2186 4440 2273 4509 dc
2309 4440 2545 4527 quibus
2568 4442 2637 4507 iu
2666 4440 2761 4508 di·
