3146 4973
1214 349 1374 401 rsus
1416 347 1679 398 rimu.
2429 333 2547 397 431

331 476 671 561 deputatio
706 476 792 542 ad
836 475 1244 561 Episcopum.
1277 473 1419 540 Jam
1458 491 1622 540 vero
1658 465 1983 551 sacerdos,
2012 477 2374 538 auctomate
2407 465 2563 553 -Epi-

331 601 497 674 scopi
541 590 888 678 adjunctus
918 591 1205 677 parocho
1235 590 1322 657 ad
1357 594 1420 656 ei
1447 587 1912 666 auxiliandum,
1945 596 2047 654 est
2082 588 2208 654 hoc
2231 590 2396 673 ipso,
2431 605 2561 654 non

324 709 607 792 simplex
646 709 910 792 parochi
936 710 1239 786 vicarius,
1268 706 1385 772 sed
1418 707 1684 790 proprie
1721 705 1938 771 dictus
1974 703 2343 789 coadjutor.
2391 707 2563 789 Ergo

328 827 397 890 in
422 824 599 892 dicto
645 839 797 891 casu
836 825 1076 890 infirmi
1126 823 1415 908 parochi,
1446 823 1532 890 ad
1564 824 1963 907 Episcopum
1993 823 2330 907 pertinere
2360 821 2565 888 debet

332 941 550 1007 eidem
580 938 1028 1026 coadjutorem
1060 939 1260 1006 dandi
1287 946 1597 1023 potestas

418 1055 819 1124 Psorosrrio
847 1057 988 1122 111³.
1022 1093 1113 1105 —-
1138 1059 1346 1120 Potest
1368 1064 1615 1137 insuper
1644 1057 1786 1119 dari
1810 1057 2121 1137 coadjutor
2150 1057 2251 1118 im
2267 1055 2554 1137 parocho,

332 1181 438 1256 qm·
462 1179 795 1238 necessaria
840 1176 922 1238 ad
973 1173 1234 1254 officium
1273 1191 1447 1236 sicum
1483 1177 1732 1235 scientia
1768 1174 2096 1234 destitutus
2115 1177 2436 1252 reperitur.
2475 1201 2565 1217 -—·-

334 1291 601 1355 Constat
641 1310 724 1357 ex
775 1291 989 1375 capite
1036 1292 1078 1354 6
1132 1289 1431 1356 sessionis
1476 1290 1551 1352 21
1601 1285 1963 1353 Tridentini
2003 1286 2279 1364 concilii,
2329 1286 2446 1352 uhi
2499 1287 2564 1352 in

332 1406 507 1470 huuc
534 1404 804 1471 modum
846 1401 919 1469 id
960 1401 1344 1470 decernitur
1377 1426 1391 1469 :
1434 1425 1467 1464 a
1495 1403 1664 1485 Quia
1693 1401 2016 1468 illitterati
2043 1409 2113 1468 et
2144 1402 2429 1486 imperiti
2451 1417 2567 1486 pa-

338 1544 372 1584 «
409 1520 784 1587 rochialinm
814 1520 1236 1586 ecclesiarum
1263 1527 1558 1585 rectores
1585 1520 1785 1585 sacris
1823 1519 2036 1583 minus
2074 1519 2210 1601 apti
2258 1524 2412 1583 sunt
2439 1518 2566 1584 οῦ-

338 1660 372 1696 «
413 1638 647 1721 ciis;...
681 1635 1002 1720 Episcopi,
1038 1636 1234 1700 etiam
1270 1643 1576 1720 tanquam
1617 1633 1998 1717 Apostolicoe
2028 1631 2212 1699 Sedis
2243 1632 2555 1718 delegati,

343 1776 375 1814 t<
417 1750 662 1818 eisdem
691 1750 1046 1817 illitteratis
1086 1757 1155 1815 et
1197 1750 1533 1833 imperitis,
1590 1749 1647 1815 si
1687 1749 1841 1815 alias
1877 1748 2162 1815 honestae
2207 1750 2361 1814 vitae
2409 1749 2561 1828 sint,

347 1891 378 1929 α
410 1866 843 1953 coadjutores,
878 1873 992 1932 ant
1020 1865 1295 1931 vicarios
1327 1881 1450 1949 pro
1487 1872 1784 1949 tempore
1811 1863 2155 1947 deputare,
2181 1871 2566 1951 partemque

345 2008 377 2045 a
409 1984 746 2049 fructuum
789 1982 1036 2048 eisdem
1075 1997 1195 2066 pro
1241 1979 1583 2047 sufficienti
1629 1983 1804 2047 victu
1842 1982 2189 2064 assignare,
2233 1981 2344 2046 vel
2375 1981 2568 2048 aliter

344 2123 377 2161 α
412 2097 765 2182 providere
809 2098 1086 2181 possint;
1132 2114 1539 2182 quacumque
1579 2095 2016 2180 appellatione
2047 2104 2117 2162 et
2161 2095 2569 2181 exemptione

344 2239 377 2276 α
408 2219 677 2281 remota.
709 2237 742 2275 »
792 2215 929 2279 Hac
970 2213 1117 2297 lege
1172 2211 1554 2279 Tridentina
1607 2214 2018 2297 attinguntur
2060 2216 2255 2280 etiam
2297 2216 2569 2298 parochi

339 2330 649 2414 exempti,
687 2348 837 2395 cum
882 2329 1213 2413 Episcopis
1256 2327 1589 2394 tribuatur
1640 2327 1817 2393 dicta
1865 2336 2156 2416 potestas
2204 2337 2388 2394 etiam
2436 2339 2572 2394 tan-

339 2465 517 2529 quam
572 2445 747 2511 Sedis
801 2447 1148 2528 Apostolicoe
1194 2447 1486 2528 deleqofis
1506 2468 1536 2524 ‚·
1599 2444 1777 2530 quod
1830 2445 2123 2512 notatum
2169 2441 2332 2513 vide
2394 2447 2570 2532 apud

339 2563 692 2629 Barbosam
725 2562 820 2647 (de
854 2563 1144 2641 Par-ocho,
1184 2580 1333 2627 cnm
1364 2564 1581 2626 Addit.
1610 2559 1883 2640 flii-aldi,
1921 2583 1979 2628 c.
2019 2565 2127 2641 22,
2157 2584 2222 2628 n.
2270 2562 2357 2648 8).

430 2679 828 2744 Pnorosmo
844 2676 1078 2742 Iv·.-
1094 2678 1298 2742 Potest
1325 2680 1652 2759 Episcopus
1672 2679 1991 2759 parochos,
2024 2684 2143 2741 etsi
2151 2683 2291 2760 jam
2321 2698 2362 2743 a
2388 2698 2449 2742 se
2479 2686 2572 2745 vel

334 2797 864 2877 praezlecessoribus
902 2800 1302 2874 examinatos,
1356 2798 1438 2857 acl
1483 2812 1735 2857 examen
1781 2814 2012 2874 vocare,
2069 2801 2139 2857 ut
2184 2798 2389 2860 videat
2431 2814 2574 2861 num

342 2917 633 2992 requisita
655 2914 904 2974 scientia
932 2912 1372 2989 (testimonium
1398 2912 1571 2972 morlo
1614 2917 1812 2971 tamen
1842 2917 2050 2973 contra
2091 2930 2188 2973 eos
2225 2912 2460 2990 publice
2491 2919 2577 2975 vi-

344 3035 481 3108 qeat
520 3034 881 3108 iqmrantioe
920 3031 1202 3107 suspicio.
1236 3062 1327 3073 —
1360 3026 1453 3089 Ex
1492 3044 1572 3092 eo
1612 3024 1793 3109 quod
1842 3025 2156 3108 Episcopo
2200 3026 2574 3093 Tridentino

344 3142 633 3227 synodus
656 3148 1052 3226 potestatem
1084 3140 1399 3206 tribuerit
1441 3139 1862 3224 coadjutores
1909 3136 2115 3205 dandi
2157 3142 2453 3223 parochis
2490 3143 2575 3207 ob

346 3259 684 3342 imperitiae
734 3276 1016 3336 causam,
1067 3255 1361 3322 inferunt
1402 3253 1732 3335 doctoreS,
1786 3277 1818 3315 α
1848 3272 2035 3338 posse
2075 3254 2463 3339 Episcopum
2493 3258 2576 3324 ad

351 3399 387 3437 «
422 3394 692 3442 examen
721 3394 958 3441 vocare
1010 3372 1352 3458 parochos,
1415 3379 1491 3437 ut
1535 3374 1598 3438 ei
1641 3391 1765 3456 per
1798 3372 2274 3455 experientiam
2331 3374 2577 3441 innote-

354 3519 380 3551 α
420 3498 580 3570 scat,
615 3510 697 3556 an
740 3490 998 3556 illorum
1036 3490 1304 3555 scientia
1347 3490 1432 3554 sit
1481 3495 1855 3568 extenuata,
1890 3494 1959 3553 et
2003 3488 2152 3555 honi
2187 3508 2401 3555 mores
2439 3510 2579 3557 mu-

352 3632 387 3671 «
425 3610 578 3693 tati3
614 3625 763 3672 nam
793 3607 1085 3693 quamvis
1125 3626 1161 3671 a
1196 3607 1513 3690 principio
1550 3606 1916 3672 collationis
1959 3602 2347 3689 parochialis
2383 3608 2580 3674 bene-

353 3752 383 3785 «
422 3724 552 3790 ficii
605 3725 872 3789 scientia
931 3722 1362 3807 parochorum
1423 3723 1625 3789 fuerit
1678 3729 1857 3800 nota,
1921 3720 2204 3788 decursu
2265 3726 2582 3809 temporffi

355 3865 388 3902 cc
427 3839 693 3905 diminui
720 3846 1014 3923 potest.»
1046 3836 1371 3923 (Barbosa‚
1407 3841 1480 3901 de
1514 3838 1809 3914 Parocho,
1842 3856 1986 3921 cap.
2016 3841 2123 3915 22,
2155 3857 2222 3903 n.
2255 3836 2580 3925 ·10.>40um

348 3962 565 4022 tamen
595 3955 835 4021 durum
872 3952 1215 4020 videretur
1243 3952 1561 4038 parochos
1599 3953 1801 4019 semel
1840 3954 2236 4018 examinatos
2264 3961 2332 4020 et
2348 3972 2583 4040 appro-

346 4071 535 4137 batos
556 4070 647 4136 sic
666 4069 752 4135 ad
775 4084 1049 4137 examen
1070 4070 1315 4136 iterum
1346 4071 1565 4134 vocari
1587 4086 1775 4154 posse
1807 4086 1925 4152 pro
1958 4066 2226 4135 arbitrio
2255 4070 2576 4156 Episcopi,

352 4188 528 4251 varia
558 4194 705 4251 orta
732 4192 905 4263 sunt,
944 4193 1014 4250 et
1042 4183 1128 4249 ad
1159 4184 1417 4249 Sacram
1456 4184 2038 4268 congregationem
2072 4183 2337 4252 concilii
2374 4192 2585 4254 trans-

350 4303 540 4368 missa
576 4300 802 4385 dubia3
856 4317 1136 4386 quorum
1192 4299 1587 4366 decisionem
1631 4298 2134 4367 transcribimus
2185 4316 2269 4367 ex
2316 4298 2583 4370 Giraldo

352 4420 375 4507 ζ
378 4420 806 4485 Additamento
830 4419 914 4481 ad
946 4418 1299 4497 Βανῠοεανη,
1328 4421 1403 4481 dc
1426 4418 1718 4498 Paracho,
1745 4436 1887 4501 cap.
1922 4419 2031 4497 22,
2081 4434 2146 4483 n.
2201 4418 2303 4505 w)
2341 4441 2356 4485 τ
