3146 4973
633 388 755 454 684
1307 402 1684 453 TRAGTA‘ms
1733 407 1820 453 nn
1865 407 2191 458 ΡΔιιοαΗο.

718 536 820 598 Ita
861 535 1127 609 dimitto,
1157 535 1458 610 renuntio,
1498 536 1758 613 rasiano,
1802 552 1874 596 ac
1916 539 2077 598 insto
2116 554 2224 617 eqo
2255 539 2334 601 Ν.
2365 537 2670 618 parochus
2693 539 2856 599 eccie-

632 653 738 711 siae
771 652 850 713 N.

720 766 947 843 Quibus
984 765 1438 826 illustrissimus
1480 769 1540 826 et
1590 766 2127 827 reverendissimus
2175 770 2251 829 D.
2294 769 2373 829 N.
2404 769 2737 848 Episcopus
2771 773 2858 829 vi-

628 886 749 960 sis,
787 900 858 943 ac
903 887 1189 959 cons-tito,
1221 899 1335 961 per
1383 880 1567 958 fidem
1621 885 1822 943 cetatis
1865 881 2200 945 exhibitam
2245 902 2318 944 ac
2357 886 2506 945 aliis
2543 885 2846 964 pluribus,

627 998 702 1058 de
739 1001 998 1059 veritate
1043 1000 1453 1077 expositorum
1466 1045 1486 1074 ,
1527 1000 1766 1076 resiqna
1774 1000 1992 1059 tionem
2039 1004 2100 1059 et
2141 1002 2646 1060 renuntiationem
2682 1018 2857 1078 supra

627 1112 860 1189 factam
891 1110 1146 1171 admisit
1175 1116 1237 1171 et
1263 1113 1628 1189 acceptavit,
1662 1117 1894 1191 recepto
1924 1115 2103 1190 prius
2132 1129 2169 1171 a
2194 1113 2274 1173 D.
2303 1113 2377 1173 R.
2412 1114 2489 1174 Ν.
2523 1116 2859 1191 resignante

614 1229 963 1304 juramento
991 1226 1075 1287 acl
1107 1231 1317 1287 sancta
1345 1227 1460 1287 Dei
1485 1227 1823 1305 Evanyelia
1845 1227 2241 1307 corporaliter
2267 1232 2454 1305 tacta,
2484 1228 2644 1306 quod
2669 1231 2738 1289 in
2757 1226 2859 1289 hac

631 1311 1035 1422 resiqnatione
1087 1360 1209 1404 non
1258 1346 1585 1404 intervenit
1626 1344 1824 1421 fraus,
1863 1343 2060 1417 dolus,
2100 1361 2200 1403 seu
2229 1344 2358 1404 alia
2390 1344 2612 1404 illicita
2635 1348 2850 1422 padio,

627 1464 735 1519 aut
752 1462 1021 1519 simoniae
1045 1459 1237 1536 labes;
1263 1464 1323 1519 et
1336 1458 1644 1538 publicari
1666 1459 2005 1520 mandavit.
2028 1460 2538 1522 —Proesentibus
2553 1462 2635 1523 N.
2667 1466 2726 1523 et
2752 1463 2806 1522 N
2811 1507 2851 1537 .,

629 1575 899 1650 testibus,
956 1580 1069 1636 etc.
1118 1609 1206 1620 --
1252 1554 1476 1636 Datum
1528 1574 1642 1634 bac
1687 1575 1809 1652 die,
1847 1581 1971 1637 etc.
2010 1610 2099 1621 —
2131 1578 2240 1651 N.,
2287 1576 2689 1638 cancellarius
2737 1580 2860 1655 epi·

628 1689 905 1768 scopulis.

1653 1962 1819 2024 xw.

1044 2232 1354 2281 FORMULA
1398 2230 1891 2280 PUBLIGATIONIS
1934 2231 2452 2281 RESIGNATloms.

714 2497 822 2571 N.,
864 2496 1191 2575 Episcopus
1229 2496 1306 2556 N.
1348 2527 1436 2539 —-
1473 2494 1805 2571 Universis,
1837 2500 1949 2556 etc.
1984 2495 2290 2557 Noveritis
2326 2497 2482 2574 quod
2521 2498 2668 2558 Rev.
2690 2515 2858 2577 pres·

623 2611 792 2692 byter
855 2615 915 2672 et
978 2614 1171 2670 rector
1221 2607 1592 2688 parochialis
1639 2609 1896 2669 ecclesiae
1956 2611 2031 2670 N.
2092 2611 2205 2670 loci
2263 2613 2340 2672 N.
2398 2609 2576 2691 hujus
2631 2617 2857 2672 nostro

620 2727 884 2787 dioecesis
912 2723 1219 2785 ecclesiam
1255 2727 1472 2804 ipsam,
1496 2741 1678 2802 quam
1712 2723 2041 2801 obtinebat,
2072 2742 2151 2785 ex
2181 2728 2361 2786 certis
2392 2725 2860 2787 rationabilibus

621 2844 817 2901 causis
866 2843 1133 2901 animum
1174 2857 1346 2900 suum
1378 2840 1772 2917 moventibus,
1829 2846 1887 2901 et
1934 2843 2255 2919 proeciptoe,
2313 2844 2458 2919 quia
2507 2844 2672 2901 senio
2725 2857 2862 2900 con·

620 2957 833 3034 fectus,
865 2961 923 3017 et
972 2974 1215 3036 corpore
1262 2955 1611 3036 impeditus,
1649 2972 1768 3016 non
1791 2960 2059 3035 poterat,
2094 2972 2198 3016 nec
2238 2960 2435 3033 potest
2481 2960 2722 3016 muneri
2753 2974 2862 3016 suo

621 3073 989 3150 satisfacere,
1028 3077 1085 3135 et
1122 3075 1463 3133 animarum
1501 3088 1661 3132 curae
1690 3072 2047 3148 incumbere,
2093 3070 2313 3132 liabens
2341 3072 2612 3148 aliunde,
2646 3089 2767 3151 quo
2795 3074 2866 3132 in

620 3192 753 3248 vita
777 3192 971 3265 possit
998 3188 1296 3249 commode
1316 3191 1668 3262 sustentari,
1695 3193 1880 3268 prout
1914 3187 2098 3250 Nobis
2114 3188 2378 3266 leqitime
2401 3190 2700 3262 constitit,
2721 3206 2862 3248 cum

620 3304 890 3365 omnibus
924 3305 1170 3383 juribus
1207 3309 1266 3365 et
1303 3307 1695 3384 pertinentiis
1743 3306 1906 3380 suis,
1947 3307 2010 3363 in
2057 3304 2332 3364 manibus
2377 3307 2606 3365 nostris
2642 3311 2864 3381 sponte

620 3424 681 3480 et
733 3419 936 3494 libere,
963 3424 1157 3500 juxta
1207 3421 1463 3498 formam
1510 3422 1959 3481 constitutionis
2001 3423 2223 3480 sancta
2277 3422 2576 3481 memoria
2622 3421 2733 3481 Pii
2784 3422 2856 3492 V,

619 3540 845 3616 scripto
876 3539 1251 3597 renuntiavit
1280 3554 1301 3596 .·
1334 3540 1395 3596 ct
1437 3537 1556 3597 Nos
1585 3538 2050 3613 resiqnationem
2089 3552 2198 3614 per
2234 3552 2368 3596 eum
2394 3535 2622 3612 factam
2658 3535 2862 3597 admi-

618 3655 807 3712 simus
841 3658 1100 3732 tempore
1142 3652 1364 3729 debito,
1415 3658 1473 3712 et
1509 3652 1702 3712 denuo
1739 3652 1854 3731 μοι·
1899 3655 2223 3730 prce-sentes
2251 3651 2635 3713 admittimus
2681 3670 2704 3711 .·
2756 3671 2859 3712 re-

616 3771 784 3844 cepto
804 3783 918 3845 per
938 3783 1047 3827 nos
1083 3769 1255 3846 prius
1286 3765 1362 3826 ab
1390 3766 1592 3827 eodem
1621 3767 1700 3827 N.
1746 3767 2089 3843 resiqnante
2135 3765 2433 3844 corporali
2468 3769 2852 3845 juramento.

614 3884 773 3962 quod
818 3886 885 3943 in
912 3886 1312 3963 resignatione
1360 3881 1705 3962 hujusmodi
1747 3899 1868 3942 non
1913 3884 2238 3943 intervenit
2272 3882 2467 3958 dolus,
2499 3898 2606 3942 nec
2646 3883 2851 3960 fraus,

618 4017 723 4058 nec
753 4002 1022 4060 simonioe
1050 3999 1233 4060 labes.
1271 4000 1414 4062 Ideo
1437 3999 1603 4059 vobis
1632 3997 1904 4060 omnibus
1932 3997 2336 4075 notificamus,
2355 4003 2424 4058 ut
2459 4003 2515 4059 si
2541 4002 2704 4076 quis,
2733 4006 2852 4059 etc.

613 4149 704 4161 --
744 4117 1005 4191 Datum,
1060 4119 1172 4175 etc.
1207 4117 1432 4191 ——N.,
1488 4114 1816 4193 Episcopus
1863 4117 1940 4176 N.
1993 4147 2078 4159 —-
2118 4117 2228 4190 N„
2273 4114 2673 4178 cancellarius
2725 4118 2860 4193 epi·

614 4231 892 4310 scopalis.
