3146 4973
649 312 781 409 6330
1328 359 1704 407 ‘rueramus
1751 356 1838 406 nn
1881 357 2209 405 Panocuo.

646 480 1080 565 parochorum
1111 479 1351 558 vicarii,
1377 480 1488 565 qui
1518 486 1779 546 exstant
1806 481 1874 545 in
1898 478 2102 545 Gallia
2129 476 2609 562 quamplurimi,
2633 497 2671 543 a
2691 496 2853 563 paro-

645 599 780 664 chis
808 598 960 683 ipsis
988 615 1110 680 pro
1134 603 1302 662 nutu
1330 602 1820 662 assumerentur
1843 601 1913 662 et
1943 602 2471 672 removerentur,
2496 594 2853 679 frequenter

643 715 1050 797 contingeret
1097 713 1378 798 aliquem
1425 711 1892 797 presbyterum
1916 712 2093 778 omni
2140 728 2416 793 prorsus
2443 709 2854 776 ecclesiastico

641 847 936 908 munere,
974 835 1169 913 atque
1206 827 1373 893 adeo
1408 829 1881 894 sustentatione
1912 827 2085 892 omni
2115 846 2369 893 carere.
2412 825 2490 892 ld
2532 825 2684 892 olim
2721 844 2856 891 con-

639 947 895 1028 tingere
946 943 1256 1027 nequibat
1267 965 1283 1027 ;
1331 942 1653 1027 siquidem
1701 944 1973 1009 vicarius
2013 962 2051 1008 a
2103 942 2385 1026 parocho
2428 950 2736 1020 remotuS,
2766 949 2856 1005 ut-

637 1066 792 1144 pote
838 1061 951 1144 qui
992 1057 1317 1125 debuerat
1361 1057 1446 1123 ad
1491 1059 1759 1124 titulum
1785 1060 1893 1125 vel
1920 1059 2228 1142 simplicis
2267 1058 2590 1137 beneficii,
2621 1058 2723 1124 vel
2759 1077 2857 1141 pa·

635 1178 948 1256 trimonii,
987 1175 1308 1250 ordinari,
1349 1193 1538 1241 suum
1592 1174 1842 1254 adhuc,
1881 1175 2112 1241 relicto
2158 1176 2507 1242 vicariatus
2561 1193 2850 1253 munere,

635 1293 961 1361 retinebat
1001 1291 1391 1358 beneficium
1439 1292 1547 1358 vel
1586 1292 2064 1374 patrimonium.
2105 1292 2268 1356 Hinc
2311 1311 2396 1357 ex
2440 1293 2580 1376 ipsa
2627 1290 2856 1356 dictum

631 1407 1046 1493 praecavendi
1083 1407 1562 1474 incommodum
1616 1407 2006 1474 necessitate
2059 1408 2501 1492 consequitur,
2543 1417 2623 1473 nt
2672 1426 2861 1492 penes

632 1525 1022 1608 Episcopum
1062 1542 1202 1589 esse
1236 1522 1479 1588 debeat
1526 1523 1799 1589 vicarios
1835 1522 1977 1588 illos
2021 1524 2358 1589 nominare
2413 1531 2482 1589 et
2527 1540 2853 1598 revocare,

631 1658 883 1706 necnon
934 1658 1055 1723 pro
1109 1638 1600 1722 opportunitate
1660 1635 1746 1703 ad
1794 1637 1921 1703 alia
1967 1638 2188 1704 munia
2237 1638 2627 1704 transferre.
2678 1634 2856 1718 Quod

631 1753 920 1839 quidem,
960 1753 1085 1820 etsi
1115 1773 1239 1837 per
1273 1772 1343 1818 se
1382 1759 1609 1819 contra
1639 1751 1749 1837 jus
1794 1771 2134 1819 commune
2183 1754 2293 1830 sit,
2318 1758 2382 1819 vi
2420 1760 2647 1819 tamen
2683 1752 2859 1818 dictae

629 1870 1031 1936 necessitatis
1066 1867 1149 1935 ad
1183 1867 1291 1955 jus
1321 1887 1663 1935 commune
1695 1867 1930 1935 reduci
1979 1867 2274 1954 videtur3
2323 1867 2648 1954 siquidem
2696 1887 2862 1932 sum·

631 2003 805 2051 mum
836 2004 1177 2053 commune
1204 1984 1308 2070 jus
1344 1985 1718 2051 necessitas,

1553 2279 1821 2345 CAPUT
1869 2281 1950 2343 11.

1246 2551 1331 2597 1)ss
1364 2548 1803 2598 CAPPELLANJS
1841 2549 1977 2597 MON
1986 2549 2222 2597 [Auum
2234 2581 2245 2594 .

726 2808 788 2866 1⁰
836 2802 1262 2885 Cappellanus
1317 2798 1686 2866 monialium
1739 2806 2008 2865 maturoe
2057 2801 2266 2865 aetatis
2320 2818 2460 2866 esse
2517 2798 2728 2865 debet
2759 2799 2860 2886 (dc

627 2937 757 3004 quo
793 2916 946 2986 vide
985 2915 1150 3002 juris
1175 2921 1397 2982 textus
1433 2935 1467 2980 a
1507 2915 1806 2981 Ferrario
1834 2913 2172 2992 indicatoS,
2216 2915 2424 2982 verbo
2455 2918 2861 2999 Cappeuamaes

626 3038 1005 3114 monialium,
1045 3052 1110 3098 n.
1155 3030 1243 3118 1).

717 3154 785 3216 2⁰
823 3151 966 3215 Non
1006 3148 1307 3214 obstante
1351 3145 1532 3231 quod
1586 3146 1898 3213 moniales
1945 3146 2052 3229 jus
2109 3145 2390 3212 habeant
2442 3165 2636 3212 suum
2669 3149 2861 3213 nomi·

626 3267 823 3336 nandi
868 3265 1344 3351 cappellanum,
1400 3271 1619 3347 potest
1666 3263 1848 3328 illum
1891 3263 2247 3347 Episcopus
2295 3283 2374 3329 ex
2438 3260 2614 3348 justa
2673 3283 2861 3329 causa

625 3382 922 3469 rejicere,
961 3388 1120 3464 puta
1150 3381 1203 3445 si
1239 3381 1321 3445 sit
1345 3378 1584 3464 junior.
1626 3380 1726 3445 Ita
1759 3377 2170 3445 declaratum
2194 3379 2392 3446 fuisse
2423 3399 2460 3445 a
2491 3380 2684 3445 Sacra
2707 3380 2863 3445 Con-

623 3499 997 3584 gregatione
1026 3498 1510 3581 Episcoporum,
1539 3496 1606 3560 in
1629 3499 1993 3559 Bononiensi
2027 3498 2102 3560 31
2141 3495 2287 3560 maii
2330 3496 2522 3572 1602,
2552 3503 2623 3561 et
2651 3498 2740 3561 20
2762 3514 2864 3560 no·

625 3612 911 3680 vembris
943 3614 1134 3690 1605,
1165 3612 1393 3677 asserit
1429 3612 1722 3677 Ferraria
1756 3610 1923 3696 (loco
1952 3612 2093 3687 cit.,
2123 3630 2191 3675 n.
2225 3609 2317 3694 2).

712 3731 782 3793 3⁰
818 3727 880 3792 Si
910 3727 1269 3811 Episcopus
1302 3728 1443 3808 ipse
1471 3723 1629 3791 dare
1661 3725 1821 3791 velit
1855 3726 2242 3792 monialibus
2271 3725 2737 3809 cappellannm
2759 3726 2863 3811 ju·

622 3861 882 3923 venem,
910 3851 1128 3927 potest
1154 3843 1475 3909 abbatissa
1499 3842 1682 3907 illum
1719 3861 1854 3907 non
1891 3842 2211 3925 recipere.
2247 3843 2346 3908 Ita
2376 3840 2791 3908 declaratum
2822 3862 2860 3907 a

620 3960 813 4026 Sacra
848 3958 1357 4042 Congregatione
1392 3957 1858 4041 Episcoporum
1878 4006 1895 4035 ,
1931 3958 1999 4022 in
2047 3962 2414 4022 Messanensi
2463 3961 2544 4023 10
2593 3956 2859 4024 decem·

621 4076 759 4142 bris
799 4078 990 4152 1602,
1021 4073 1175 4141 vide
1203 4072 1378 4158 apud
1406 4074 1699 4140 Ferraris
1733 4073 1898 4160 (loco
1937 4072 2080 4152 cit„
2128 4092 2191 4137 n.
2235 4070 2326 4157 3).
2356 4074 2420 4138 Si
2453 4080 2670 4139 tamen
2698 4072 2858 4141 defl-

623 4200 851 4259 cerent
902 4196 1095 4255 oetate
1150 4190 1478 4272 provecti,
1536 4197 1758 4272 posset
1806 4187 2048 4273 junior,
2088 4189 2484 4273 caeteroquin
2537 4191 2856 4273 gravitate

620 4325 877 4375 morum
900 4303 1194 4381 idoneus,
1229 4304 1571 4383 nominari,
1611 4313 1682 4374 et
1718 4302 2000 4373 deberet
2023 4305 2249 4389 recipi.

704 4425 775 4487 4⁰
806 4418 1205 4488 Removendi
1233 4426 1384 4484 sunt
1411 4420 1776 4504 cappellani
1808 4422 2180 4490 monialium
2209 4420 2264 4487 si
2295 4420 2682 4490 contrahant
2703 4439 2853 4488 cum
