3146 4973
1315 366 1474 416 rans
1514 367 1744 414 rama.
2524 353 2647 420 173

420 509 570 556 cum
599 492 796 559 variis
819 511 902 559 ex
927 510 1010 560 eo
1046 488 1403 559 fluentibus
1416 490 1583 578 juris
1611 490 2052 559 consectariis.
2086 491 2437 576 Etpariter
2465 491 2653 579 injus

422 607 930 674 ecclesiasticum
965 608 1241 687 transiit,
1298 615 1377 673 ut
1408 626 1582 674 verae
1618 605 1970 691 dignitates
2004 614 2225 672 essent
2269 604 2649 690 decanatus,

423 722 921 805 primiceriatus,
964 722 1158 788 aliive
1194 720 1567 808 hujusmodi
1601 722 1782 788 tituli
1821 721 2138 808 (quamvis
2170 723 2347 787 omni
2383 730 2654 790 externa

420 835 874 921 jurisdictione
917 836 1264 923 destituti),
1308 837 1502 905 modo
1550 844 1877 922 quatenus
1923 837 2088 905 tales
2127 836 2211 903 ab
2267 840 2655 907 auctoritate

425 950 858 1019 ecclesiastica
888 954 1466 1033 constituerentur,
1502 953 1610 1019 vel
1625 971 1750 1037 pro
1777 951 2017 1018 talibus
2047 972 2131 1018 ex
2159 954 2470 1037 regionali
2509 973 2656 1020 con-

425 1064 774 1132 suetudine
797 1067 1222 1148 haberentur,
1259 1076 1329 1135 et
1345 1070 1422 1133 in
1449 1067 1704 1132 actibus
1743 1067 2020 1150 publicis
2047 1068 2307 1151 agnosci
2334 1068 2647 1136 solerent.

429 1181 642 1262 Unde,
681 1191 760 1250 ut
788 1185 931 1269 quis
966 1183 1095 1250 dici
1125 1184 1326 1267 possit
1369 1183 1669 1269 dignitas,
1700 1181 1903 1251 debet
1942 1201 2177 1267 gerere
2206 1183 2506 1265 officium,
2549 1186 2655 1251 cui

426 1305 816 1364 annectatur
845 1298 1209 1383 jurisdictio
1237 1305 1530 1378 externa,
1569 1305 1685 1365 aut
1714 1298 1945 1365 saltem
1974 1296 2152 1383 quod
2185 1318 2308 1383 pro
2338 1298 2652 1383 dignitate

429 1412 770 1491 habeatur,
820 1415 962 1481 sive
989 1415 1202 1499 alege
1249 1416 1706 1492 ecclesiastica,
1769 1415 1905 1480 sive
1954 1433 2038 1480 ex
2074 1414 2337 1498 speciali
2382 1417 2654 1482 auctori—

428 1528 579 1593 tatis
612 1529 1095 1610 constitutione,
1124 1531 1262 1596 sive
1289 1550 1371 1597 ex
1401 1529 1661 1615 publice
1694 1530 2031 1615 recognita
2070 1529 2350 1614 regionis
2385 1548 2656 1598 consue-

431 1641 681 1710 tudine.

517 1759 659 1825 Jam
698 1779 858 1827 vero
899 1759 1183 1844 parochi,
1219 1778 1343 1826 uec
1374 1757 1892 1844 jurisdictionem
1922 1760 2051 1829 fori
2094 1762 2352 1828 externi
2382 1761 2649 1843 habent,

429 1893 553 1939 nec
599 1893 720 1959 pro
770 1875 1198 1959 dignitatibus
1257 1895 1294 1941 a
1342 1874 1490 1960 lege
1543 1876 1983 1943 ecclesiastica
2050 1883 2492 1961 agnoscuntur
2544 1889 2658 1945 aut

433 2008 717 2075 unquam
752 1992 952 2076 agniti
995 1997 1170 2071 sunt,
1228 2009 1351 2058 nec
1394 1991 1462 2057 in
1500 1989 1955 2074 parochiarum
2009 1995 2345 2059 erectione
2396 1994 2657 2079 speciali

432 2114 679 2174 statuto
707 2107 829 2173 hac
853 2108 1283 2192 praerogativa
1310 2106 1661 2186 donantur,
1687 2125 1900 2193 neque
1930 2107 2105 2173 illam
2129 2128 2210 2174 ex
2237 2108 2657 2175 ecclesiarum

433 2222 902 2290 consuetudine
927 2224 1377 2290 obtinuerunt.
1400 2223 1571 2308 Ergo
1588 2222 1848 2306 parochi
1874 2223 2244 2291 nullatenus
2271 2233 2424 2291 sunt
2450 2222 2658 2310 digui-

435 2346 605 2406 tates
624 2341 691 2405 in
717 2358 911 2406 sensu
938 2338 1125 2424 juris.
1207 2323 1212 2329 ¹

525 2456 896 2541 Expodtam
927 2463 1145 2523 autem
1164 2453 1553 2536 doctrinam,
1582 2462 1828 2522 certam
1851 2457 2113 2523 omnino
2142 2454 2297 2524 facit
2318 2456 2660 2525 doctorum

436 2575 793 2639 communis
841 2573 1166 2640 sententia
1218 2578 1289 2638 et
1333 2572 1758 2637 tribunalium
1810 2590 2224 2639 romanorum
2283 2575 2654 2640 auctoritas.

441 2710 476 2747 α
509 2688 826 2766 Asseram‚
863 2689 1072 2773 inquit
1101 2685 1303 2754 Nardi
1346 2687 1526 2773 (tom.
1580 2691 1637 2766 1,
1680 2706 1827 2770 pag.
1869 2685 2052 2771 401),
2102 2706 2252 2753 cum
2292 2689 2656 2769 canonistis,

446 2827 477 2865 a
513 2822 661 2870 cum
689 2822 871 2870 sacra
894 2802 1080 2881 Rota,
1113 2821 1263 2869 cum
1293 2802 1615 2886 theologis
1648 2804 1940 2900 pamelius
1964 2806 2201 2867 matam
2229 2806 2444 2869 habere
2468 2808 2667 2887 diyni-

444 2942 479 2979 «
513 2927 717 2984 tatem.
764 2942 797 2981 x·
830 2891 1017 2985 Idem
1047 2924 1233 2984 tenet
1262 2916 1549 2984 Sauchez
1586 2938 1601 2983 ε
1647 2941 1679 2979 c<
1716 2915 2011 2983 Officium
2041 2919 2328 3001 parochi,
2379 2921 2490 2998 ait,
2537 2939 2664 2986 uec

445 3058 481 3097 α
515 3040 616 3100 est
653 3034 967 3118 praelatio,
1004 3052 1126 3099 nec
1160 3032 1516 3117 dignitas.»
1557 3031 1770 3119 (Apud
1810 3031 2032 3111 Nudi,
2075 3033 2217 3099 loco
2245 3033 2495 3118 citato.)
2528 3036 2665 3102 Imo

439 3149 743 3216 laudatus
776 3148 1062 3215 Sanchez
1098 3146 1478 3215 disserendo
1514 3147 1601 3214 de
1635 3156 1791 3214 voto
1834 3147 2013 3233 quod
2052 3150 2361 3216 emittunt
2404 3151 2665 3217 Jesuitae

440 3261 529 3329 de
546 3282 677 3329 non
702 3260 1066 3328 ambiendis
1087 3259 1513 3345 dignitatibus
1538 3267 1609 3327 et
1630 3260 2134 3345 praelationibus,
2165 3262 2497 3330 concludit
2520 3282 2668 3330 con-

442 3387 547 3444 tra
569 3376 942 3463 hujusmodi
960 3384 1189 3443 votum
1221 3395 1352 3441 non
1373 3376 1540 3457 fore,
1578 3378 1633 3442 si
1655 3377 1694 3442 J
1696 3377 1921 3443 esuitae
1942 3384 2252 3460 optarent
2274 3386 2344 3444 et
2366 3397 2668 3462 procura-

439 3501 594 3560 rent
617 3513 761 3559 sese
787 3495 1090 3559 constitui
1121 3492 1467 3578 parochos3
1495 3512 1575 3559 eo
1599 3491 1774 3579 quod
1798 3510 1920 3558 nec
1941 3494 2294 3576 praelatura
2314 3513 2438 3561 nec
2459 3492 2666 3580 digui-

441 3615 566 3688 tas,
600 3607 719 3675 sed
754 3608 1027 3692 simplex
1075 3605 1352 3673 officium
1401 3608 1486 3672 sit
1539 3606 1910 3692 parochiale
1955 3625 2224 3694 munus;
2283 3608 2462 3676 uude
2501 3618 2569 3676 et
2601 3612 2669 3674 in

444 3724 646 3792 Indiis
673 3724 972 3809 praedicti
997 3724 1284 3807 religiosi
1315 3723 1654 3807 parochias
1682 3723 2079 3791 hahuerunt.
2101 3728 2439 3792 Plebanum
2466 3731 2674 3811 diyni-

448 3849 632 3907 tatem
667 3863 787 3906 non
813 3844 1028 3906 habere
1049 3839 1246 3907 docet
1271 3838 1555 3905 Barbosa
1594 3839 1691 3925 (de
1728 3841 1940 3920 Officio
1978 3849 2038 3905 et
2072 3849 2368 3922 potestate
2391 3846 2664 3924 parochi,

445 3966 621 4043 part.
664 3961 724 4037 1,
754 3977 811 4024 c.
855 3960 914 4036 l,
937 3978 1008 4022 n.
1037 3966 1072 4023 7
1105 3964 1175 4022 et
1207 3952 1297 4040 8).
1331 3953 1517 4020 Idem
1538 3957 1630 4020 sic
1651 3954 1986 4021 concludit
2008 3957 2205 4022 Macri
2225 3959 2295 4023 in
2325 3977 2443 4024 suo
2464 3963 2675 4025 Hiero-

448 4079 664 4155 ἱεαϊσο,
710 4073 795 4141 ad
831 4092 1060 4140 vocem
1087 4075 1353 4139 Curam
1382 4092 1404 4135 .·
1430 4075 1665 4154 Exque
1691 4080 1885 4153 patet,
1931 4092 2148 4137 nomen
2174 4095 2298 4138 esse
2318 4076 2524 4158 officii,
2554 4097 2675 4142 non

446 4196 796 4275 diqnitatis.
831 4190 1153 4257 Consonat
1181 4188 1482 4255 doctrina
1513 4188 1859 4273 Pignatelli
1884 4211 1898 4255 :
1927 4213 1960 4253 α
1988 4188 2148 4255 Cum
2177 4191 2517 4274 plebanus,
2551 4194 2666 4273 ait,

455 4332 491 4371 α
526 4315 945 4392 nuncupetur
969 4305 1272 4385 officium,
1302 4324 1431 4370 non
1467 4313 1690 4371 autem
1714 4303 2026 4390 dignitas3
2067 4329 2101 4368 n
2138 4325 2259 4390 pro
2285 4327 2415 4394 quo
2437 4309 2676 4393 allegat

451 4432 649 4507 caput
674 4426 831 4506 quod
857 4426 969 4487 Dei
996 4428 1289 4500 timorem,
1313 4424 1389 4486 cle
1407 4424 1593 4486 Statu
1616 4421 1918 4500 monach„
1952 4429 2023 4487 et
2052 4423 2265 4489 varios
2287 4424 2667 4492 canonistas.
