3146 4973
1121 383 1128 389 ’
1226 396 1386 447 PARS
1425 394 1657 445 mum.
2485 391 2562 449 77

339 539 372 581 α
393 526 565 595 rant,
617 536 696 585 ac
737 516 1086 604 nequidem
1116 519 1435 605 Episcopo
1481 519 1753 587 absente
1799 521 1938 591 sine
1988 519 2287 605 ejusdem
2316 519 2569 607 delega-

335 654 370 696 α
393 634 601 710 tione,
643 640 759 700 aut
813 642 1132 718 praesente
1182 634 1427 721 absque
1477 635 1620 720 ejus
1654 635 1939 721 jussione
2005 634 2359 723 quidquam
2416 656 2569 721 per-

333 772 367 813 «
399 768 642 835 agere3
677 749 745 816 hi
773 750 1076 836 profecto
1126 750 1501 837 presbyteri
1543 752 1723 821 nullo
1766 761 1959 841 pacto
2005 751 2274 840 parochi
2315 754 2567 821 censeri

329 888 366 929 α
389 873 700 952 possunt3
751 885 1029 953 quorum
1081 870 1386 954 primum,
1418 878 1496 936 ut
1521 869 1617 934 ita
1649 868 1862 935 dIcam
1891 870 2383 936 constitutivum
2408 887 2568 935 sem-

329 1005 366 1045 «
393 1000 518 1067 per
543 982 694 1062 fuit,
722 996 798 1049 ιιι
832 1002 1125 1051 seorsum
1155 984 1239 1051 ab
1270 985 1591 1071 Episcopo
1618 1003 1806 1051 sacra
1832 983 2161 1064 facerent,
2206 993 2274 1051 et
2316 979 2395 1051 ex
2432 984 2568 1051 offi-

327 1122 365 1161 α
392 1100 517 1177 cio,
553 1117 682 1165 non
720 1100 1034 1184 peculiari
1063 1100 1206 1187 ejus
1228 1099 1557 1179 mandate,
1593 1109 2000 1168 sacramenta
2020 1100 2479 1169 ministrarent.
2522 1122 2558 1162 »

325 1216 596 1303 (Marius
637 1217 880 1301 Lupus,
927 1220 1003 1283 de
1038 1222 1353 1297 Par-mdis,
1400 1216 1773 1285 dissertatio
1814 1221 1883 1297 3,
1918 1236 2062 1303 cap.
2124 1221 2183 1296 l,
2218 1236 2365 1305 pag.
2404 1219 2557 1297 273,

320 1331 491 1398 edit.
517 1330 869 1417 Bel-gomi.)

412 1447 527 1513 IV.
562 1447 884 1515 Parochos
911 1467 1040 1515 non
1084 1448 1282 1515 fuisse
1316 1457 1509 1515 vetus
1552 1447 2059 1534 presbyterium,
2097 1446 2418 1533 probatur
2460 1448 2561 1514 in-

319 1581 546 1647 super,
573 1583 656 1629 ex
687 1583 767 1631 eo
791 1562 972 1649 quod
1000 1564 1179 1630 nulla
1200 1564 1531 1649 supersint
1547 1571 1973 1633 monumenta
1995 1561 2081 1629 de
2111 1564 2559 1631 immutatione

316 1676 700 1763 disciplinae,
755 1698 885 1764 qua
931 1699 969 1745 e
1014 1680 1131 1764 tali
1179 1678 1390 1764 gradu
1429 1679 1811 1748 ceciderint.
1873 1678 1938 1743 Si
1991 1697 2227 1765 nempe
2290 1678 2558 1764 parochi

317 1794 811 1861 constituissent
865 1794 1351 1880 presbyterium
1394 1800 1465 1861 et
1505 1802 1808 1861 senatum
1846 1813 1962 1860 seu
2019 1794 2354 1860 consilium
2404 1794 2555 1877 Epi-

317 1910 504 1994 scopi
541 1928 748 1995 usque
781 1909 866 1976 ad
903 1909 1184 1977 mediam
1224 1918 1507 1991 aetatem,
1559 1929 1802 1976 nonum
1841 1927 2076 1994 nempe
2126 1910 2390 1977 circiter
2436 1927 2554 1975 sae-

318 2026 562 2105 culum,
594 2032 665 2091 et
713 2047 795 2093 eo
835 2034 1134 2113 tempore
1172 2026 1270 2113 (ut
1303 2026 1535 2093 volunt
1577 2024 1952 2111 parochisti)
1993 2024 2239 2110 dejecti
2279 2025 2554 2095 fuissent

317 2141 402 2209 ab
433 2161 512 2209 ea
542 2145 995 2228 praerogativa,
1028 2160 1220 2228 quam
1247 2150 1407 2208 tunc
1433 2144 1717 2226 primum
1741 2142 2127 2209 invasissent
2152 2139 2548 2207 cathedralia

317 2259 634 2343 capitula,
703 2258 789 2329 de
835 2265 1016 2325 tanta
1079 2258 1381 2349 profecto
1442 2258 1562 2325 bac
1612 2258 2062 2325 immutatione
2130 2263 2547 2325 monumenta

314 2374 792 2460 quamplurima
827 2382 1287 2460 remanerent;
1331 2375 1515 2461 atqui
1545 2374 1725 2440 nulla
1755 2381 2150 2460 supersunt3
2185 2391 2365 2457 ergo.

404 2490 602 2573 Quod
636 2500 1091 2576 argumentum
1119 2491 1264 2558 fuse
1294 2493 1543 2559 evolvit
1572 2491 1814 2558 Marius
1860 2491 2079 2575 Lupus
2112 2491 2207 2577 (de
2230 2495 2542 2567 Paroeciis,

311 2607 578 2675 dissert.
621 2611 688 2686 3,
741 2626 802 2674 c.
839 2606 903 2692 5)
971 2628 1010 2673 a
1072 2626 1204 2694 quo
1263 2626 1473 2692 pauca
1528 2606 1669 2673 haec
1728 2614 1985 2673 tantum
2048 2605 2541 2674 mutuabimus:

313 2745 348 2785 α
377 2726 541 2790 Esto
600 2722 777 2809 quod
829 2723 893 2788 in
935 2724 1264 2808 plerisque
1319 2722 1794 2808 episcopalibus
1851 2720 2223 2788 civitatibus
2281 2721 2547 2807 parochi

311 2863 348 2902 a
377 2839 818 2923 exstitissent3
862 2857 942 2906 eo
975 2841 1128 2924 ,ipso
1176 2837 1465 2904 dilucide
1511 2843 1698 2920 patet
1744 2836 2012 2904 eosdem
2047 2838 2547 2904 ecclesiasticum

313 2975 348 3014 α
374 2958 679 3017 senatum
714 2950 977 3018 minime
1028 2952 1319 3035 gentium
1371 2949 1803 3015 constituisse.
1866 2950 2122 3015 Etenim
2161 2950 2216 3014 si
2260 2969 2545 3035 unquam

310 3090 345 3129 a
377 3066 775 3150 contigisset,
821 3071 916 3144 ut,
980 3084 1101 3149 per
1149 3067 1532 3133 universum
1563 3062 1982 3130 christianum
2016 3062 2243 3129 orbem
2270 3064 2393 3129 hoc
2421 3064 2545 3148 pri-

311 3208 344 3240 a
381 3181 665 3266 migenio
688 3180 946 3265 dejecto
975 3186 1528 3264 exauctoratoque
1566 3187 1818 3256 senatu,
1857 3179 2021 3244 alius
2071 3178 2167 3264 (ut
2220 3179 2546 3263 excogita-

307 3322 346 3362 «
381 3304 526 3363 tum
579 3295 727 3381 fuit)
770 3295 1165 3381 subrogatus
1219 3295 1469 3372 fuisset,
1508 3295 1624 3381 qui
1672 3293 1865 3360 modo
1896 3294 2098 3377 viget,
2148 3293 2543 3378 parocbique

309 3437 346 3478 α
379 3412 618 3479 urbani
645 3431 870 3479 omnes
899 3433 940 3479 a
981 3411 1318 3496 praestanti
1357 3409 1477 3476 hac
1520 3407 1865 3493 dignitate,
1909 3408 2048 3474 aliis
2075 3426 2303 3474 eorum
2329 3409 2541 3474 locum

308 3549 345 3588 a
377 3526 875 3612 occupantibuS,
932 3522 1366 3608 excidissent3
1413 3520 1824 3600 incredibile,
1884 3520 2042 3607 quin
2088 3520 2199 3588 vix
2237 3498 2543 3604 possibile

312 3664 349 3704 α
377 3645 554 3708 esset
573 3688 591 3719 ,
647 3637 827 3725 quod
872 3638 1211 3723 complura
1258 3656 1389 3703 non
1432 3644 1855 3722 superessent
1904 3635 2301 3706 documenta
2320 3683 2336 3714 ,
2396 3654 2539 3721 quae

310 3781 346 3820 a
379 3757 731 3842 perspicue
761 3761 947 3821 certo
979 3752 1339 3839 proderent
1376 3758 1634 3819 tantum
1686 3753 1753 3816 in
1787 3752 2208 3819 ecclesiarum
2256 3752 2540 3817 omnium

308 3897 346 3936 α
375 3872 839 3958 episcopalium
876 3870 1339 3937 constitutione
1370 3867 1885 3936 immutationem
1927 3868 2293 3952 contigisse,
2339 3865 2540 3952 idque

312 4012 347 4050 a
373 3986 803 4054 inferioribus
851 3984 1128 4062 saeculis,
1177 4003 1458 4070 quorum
1528 3990 1631 4051 tot
1679 3989 2034 4067 supersunt
2082 3987 2533 4066 monumenta3

309 4129 344 4168 α
371 4103 683 4191 quodque
713 4101 983 4188 parochi
1015 4102 1140 4185 ipsi
1183 4103 1436 4167 nullum
1481 4100 1842 4167 emisissent
1870 4099 2246 4180 clamorem,
2283 4098 2537 4164 nullum

305 4244 342 4284 α
369 4219 736 4288 edidissent
757 4225 1082 4295 conatum,
1116 4218 1286 4283 utin
1312 4218 1657 4301 pristinum
1690 4216 2204 4282 restituerentur
2222 4212 2532 4298 gradum3

307 4359 343 4398 a
371 4335 647 4402 concilia
673 4350 857 4412 vero,
908 4331 996 4399 ad
1039 4333 1316 4418 antiquoe
1354 4333 1833 4420 reparationem
1880 4329 2237 4414 disciplinoe
2279 4346 2538 4414 semper

306 4476 342 4517 α
367 4454 647 4530 intenta,
700 4446 770 4515 id
815 4465 1083 4536 prorsus
1132 4448 1565 4536 neglexerint.
1601 4448 1900 4540 Attamen
1948 4447 2015 4512 in
2052 4453 2192 4515 tota
2231 4442 2534 4511 ecclesia-
