3146 4973
653 383 775 449 304
1330 398 1703 446 raAc‘rA'rus
1749 400 1836 445 na
1881 399 2208 446 Paaocuo.

650 521 768 588 sed
790 528 1009 605 potest
1034 522 1228 587 etiam
1249 520 1481 587 absens
1508 521 1714 587 valide
1739 523 2140 605 praesentari.
2170 521 2570 606 (Leurenius,
2596 519 2866 597 ibidem,

650 656 714 722 q.
745 635 920 720 125.)
941 640 1012 703 8⁰
1029 637 1253 721 Neque
1283 637 1642 721 requiritur
1669 645 1744 702 ut
1769 638 2182 720 praesentatio
2202 635 2319 701 fiat
2345 654 2468 719 per
2488 637 2872 719 scripturam

655 753 1015 836 publicam;
1054 752 1174 818 sed
1200 751 1347 817 fieri
1379 761 1599 835 potest
1624 761 1954 830 oretenuS,
1980 754 2085 817 vel
2112 771 2233 836 per
2274 753 2564 836 privatas
2589 753 2869 818 litteras.

656 870 1054 954 (Leurenius,
1085 867 1350 945 ibidem,
1381 886 1448 953 q.
1484 866 1659 952 126.)
1690 867 1760 935 9⁰
1789 870 1852 933 Is
1879 868 1965 933 ad
1984 887 2181 954 quem
2210 870 2499 951 pertinet
2527 869 2873 934 instituere

650 983 850 1049 debet
881 985 1447 1068 praesentationem
1474 983 1714 1048 factam
1738 992 2078 1067 acceptare
2102 1006 2117 1067 3
2153 1003 2282 1049 non
2306 992 2524 1049 tamen
2547 984 2868 1066 absolute;

651 1099 766 1165 sed
796 1118 947 1165 cum
978 1099 1257 1164 formula
1294 1097 1713 1163 conditionali
1739 1106 1795 1161 si
1822 1108 1880 1164 et
1915 1106 1980 1163 in
2007 1108 2329 1181 quamam,-
2356 1099 2429 1164 id
2460 1109 2583 1178 est,
2622 1100 2676 1164 si
2705 1108 2775 1165 et
2809 1102 2873 1164 in

650 1224 965 1301 quantum
998 1214 1083 1280 de
1111 1214 1260 1299 jure
1301 1215 1558 1280 admitti
1591 1213 1853 1289 debeat,
1892 1235 1968 1280 ac
2004 1217 2425 1299 praesentanti
2462 1214 2567 1300 jus
2614 1233 2874 1298 compe-

647 1338 767 1409 tat,
796 1341 865 1398 et
888 1338 1277 1415 praesentato
1309 1331 1467 1395 nihil
1498 1330 1582 1396 de
1611 1330 1758 1415 jure
1790 1331 1980 1415 objici
2003 1334 2227 1415 possit.
2266 1333 2330 1396 Si
2358 1352 2516 1398 vero
2547 1331 2876 1415 rejiciatur

651 1447 1062 1529 praesentatio
1084 1446 1368 1528 legitime
1399 1444 1591 1522 facta,
1622 1451 1893 1528 possunt
1922 1454 2320 1530 praesentans
2345 1454 2415 1512 et
2446 1455 2875 1529 praesentatus

653 1569 879 1626 contra
909 1560 1314 1644 rejicientem
1353 1579 1545 1643 agere
1589 1559 1766 1642 apud
1815 1561 2015 1643 ipsius
2066 1563 2491 1643 superiorem.
2550 1564 2657 1625 10⁰
2695 1563 2874 1626 Intra

648 1675 827 1760 quod
864 1684 1120 1759 tempus
1149 1694 1186 1739 a
1222 1674 1328 1740 die
1374 1675 1721 1739 vacationis
1766 1674 2071 1740 beneficii
2120 1675 2265 1740 fieri
2312 1674 2553 1740 debeat
2593 1694 2874 1758 praesen-

649 1794 811 1859 tatio
842 1799 917 1857 ut
951 1792 1034 1856 sit
1062 1789 1299 1868 valida,
1334 1790 1482 1856 vide
1514 1810 1552 1855 a
1576 1792 1897 1857 Leurenio
1928 1791 2072 1856 fuse
2105 1793 2473 1875 expositum
2500 1791 2742 1876 (Forum
2778 1795 2874 1854 be-

650 1910 943 1987 neficiate,
974 1914 1159 1990 parte
1192 1910 1256 1985 2,
1295 1924 1361 1991 q.
1400 1905 1578 1990 135).
1623 1912 1731 1971 11⁰
1758 1908 1824 1971 Si
1855 1915 2168 1991 patronus
2195 1909 2366 1972 intra
2395 1915 2654 1990 tempus
2692 1907 2877 1974 dehi-
2905 1894 2908 1897 “

652 2034 795 2091 tum
823 2044 953 2089 non
982 2030 1355 2107 praesentet,
1415 2024 1520 2088 vel
1564 2023 1618 2087 si
1660 2032 2012 2106 praesentet
2059 2023 2419 2107 indignum,
2478 2024 2738 2090 collatio
2793 2022 2874 2089 ad

650 2143 1054 2225 superiorem
1081 2139 1478 2205 devolvitur.
1515 2140 1669 2203 Haec
1734 2139 1818 2204 de
1863 2143 2363 2223 praesentatione
2402 2143 2640 2207 cursim
2672 2139 2876 2207 adno-

649 2260 929 2323 tavimus
963 2280 976 2321 :
1014 2275 1163 2321 cum
1200 2257 1371 2321 enim
1401 2255 1619 2321 multis
1649 2257 1717 2320 in
1748 2257 2121 2339 regionibus
2153 2256 2346 2323 hodie
2383 2259 2576 2323 nullae
2615 2266 2874 2325 exstent

651 2373 970 2457 parochiae
1011 2371 1181 2456 juris
1214 2379 1619 2455 patronatus,
1652 2372 1862 2437 minus
1894 2373 2123 2438 utilem
2168 2372 2474 2439 duximus
2513 2374 2873 2456 pleniorem

650 2489 916 2573 hujusce
947 2489 1233 2554 materiae
1265 2488 1805 2553 enucleationem.

738 2608 825 2672 11.
850 2611 940 2671 De
958 2611 1292 2669 necessaria
1319 2610 1728 2685 institutione,
1763 2614 1832 2668 ut
1864 2611 2002 2686 quis
2013 2608 2320 2688 parochiae
2323 2612 2490 2689 juris
2509 2614 2874 2689 patronatus

652 2727 914 2805 leqitime
935 2723 1335 2805 praeficiatur.
1374 2755 1465 2767 —-
1505 2725 1571 2784 1⁰
1601 2744 1632 2781 a
1670 2722 1997 2786 Institutio
2033 2728 2132 2787 est
2177 2723 2509 2789 concessio
2538 2721 2867 2798 beneficii,

657 2864 687 2900 α
726 2839 900 2904 facta
940 2836 1227 2919 legitima
1256 2837 1643 2902 auctoritate
1691 2838 2010 2921 Episcopi,
2067 2840 2179 2904 vel
2212 2840 2500 2918 alterius,
2553 2838 2794 2904 clerico
2837 2857 2874 2902 a

658 2978 691 3015 ι(
728 2961 999 3037 patrono
1057 2958 1470 3034 praesentato.
1522 2949 1756 3016 Differt
1787 2971 1824 3015 a
1853 2955 2173 3017 collatione
2216 2954 2478 3036 proprie
2521 2953 2658 3030 tali,
2696 2949 2875 3036 quod

618 3102 627 3106 -
656 3096 689 3130 a
727 3074 1048 3153 supponat
1077 3067 1662 3151 praesentationem,
1691 3068 1903 3152 sitque
1936 3068 2263 3134 concessio
2294 3068 2670 3151 obligatoria
2692 3067 2876 3152 (ohli-

658 3212 691 3249 «
728 3194 917 3270 gatur
944 3186 1116 3249 enim
1154 3183 1459 3266 praelatus
1494 3182 1797 3248 conferre
1844 3182 2234 3248 beneficium
2263 3184 2346 3260 ei,
2383 3184 2498 3266 qui
2536 3202 2570 3247 a
2601 3190 2874 3264 patrono

660 3329 692 3365 (ι
734 3311 835 3368 est
860 3295 1340 3385 proesentatus);
1376 3298 1640 3362 collatio
1667 3305 1889 3363 autem
1942 3300 2206 3382 proprie
2238 3298 2386 3363 talis
2415 3299 2499 3362 sit
2525 3302 2873 3363 voluntaria

660 3446 692 3481 «
731 3416 1029 3486 beneficii
1072 3414 1419 3489 concessio,
1478 3432 1597 3477 seu
1639 3430 1781 3496 quae
1829 3412 1907 3478 fit
1958 3413 2313 3495 superioris
2351 3413 2693 3492 arbitratu,
2735 3416 2874 3480 sine

658 3562 689 3599 α
729 3534 857 3600 ulla
914 3532 1251 3606 electione,
1309 3528 1765 3610 postulatione,
1822 3535 1936 3592 aut
1980 3528 2497 3611 praesentatione.
2557 3527 2788 3595 Differt
2837 3550 2874 3593 a
2941 3509 2948 3515 ⁴

656 3678 687 3712 a
720 3649 1193 3726 confirmatione,
1225 3643 1404 3728 quod
1426 3644 1510 3708 sit
1546 3644 1801 3709 collatio
1827 3643 1933 3708 vel
1956 3645 2236 3726 provisio
2259 3643 2434 3709 illius
2461 3646 2574 3727 qui
2592 3663 2879 3727 praesen·

659 3791 692 3828 a
726 3772 903 3830 tatus
941 3769 1042 3828 est
1068 3781 1107 3826 a
1133 3768 1445 3844 patron03
1481 3759 1889 3826 confirmatio
1924 3760 2010 3826 sit
2054 3759 2224 3825 illius
2251 3761 2363 3845 qui
2398 3761 2649 3827 electus
2687 3768 2812 3827 est.
2835 3784 2871 3821 »

656 3880 1057 3970 (LeureniuS,
1096 3883 1315 3942 Forum
1352 3878 1715 3957 beneficiale,
1749 3883 1936 3960 parte
1967 3881 2029 3954 2,
2064 3896 2128 3962 q.
2155 3875 2251 3960 6.)

743 4001 812 4061 2⁰
847 3995 1123 4062 Omnino
1158 3992 1521 4059 necessaria
1561 3999 1663 4057 est
1690 3993 2038 4070 institutio,
2079 4000 2156 4057 ut
2185 3995 2330 4077 quis
2379 3991 2619 4060 evadat
2657 4001 2882 4060 rector

651 4115 977 4199 legitimus
1004 4109 1321 4195 parochiae
1350 4109 1515 4193 juris
1550 4116 1961 4192 patronatus3
2000 4127 2151 4174 nam
2183 4128 2306 4192 per
2350 4110 2552 4175 solam
2593 4127 2882 4192 praesen-

654 4232 967 4297 tationem
998 4226 1238 4291 nullam
1284 4226 1348 4288 in
1378 4225 1683 4307 parochia
1729 4223 2243 4308 jurisdictionem
2286 4226 2563 4308 acquirit
2592 4242 2880 4306 praesen-

650 4354 856 4427 tatus;
891 4360 1015 4408 nec
1042 4340 1120 4405 fit
1144 4339 1463 4424 parochus
1494 4340 1614 4404 nisi
1648 4339 1909 4424 quando
1951 4341 2334 4419 instituitur,
2373 4347 2443 4405 et
2472 4340 2749 4424 ipsomet
2786 4340 2880 4404 in·

655 4459 1005 4528 stitutionis
1043 4463 1215 4519 actu.
