3146 4973
1251 395 1409 449 PARS
1453 397 1683 445 rama.
2466 389 2593 454 179

372 541 406 578 α
443 518 680 587 nistret
716 526 1136 596 sacramenta,
1168 520 1291 589 nisi
1326 523 1525 589 etiam
1555 519 1859 589 ostendat
1883 521 2061 613 quod
2092 521 2177 590 de
2202 529 2589 599 necessitate

372 657 406 695 α
440 632 867 712 administret,
895 641 965 700 et
991 636 1273 721 populus
1303 635 1386 704 ab
1417 637 1653 707 eodem
1684 636 1769 704 de
1806 638 2197 707 necessitate
2217 641 2508 727 recipiat.
2551 667 2585 707 »

373 751 702 839 (Barbosa,
731 755 807 817 de
842 753 1153 830 Par-ochis,
1182 762 1366 837 parte
1394 757 1454 832 1,
1486 772 1630 838 cap.
1669 757 1728 833 1,
1767 773 1833 818 n.
1866 752 2004 837 27.)

457 867 827 950 Expositam
856 867 1159 935 Leurenii
1212 876 1280 933 et
1337 867 1641 935 Barbosae
1696 867 2082 949 doctrinam,
2121 871 2415 940 eamdem
2450 873 2593 943 fere

367 984 658 1068 reperies
685 1002 724 1049 a
759 984 1013 1049 caeteris
1041 983 1330 1068 probatis
1352 983 1731 1053 doctoribus
1760 983 2092 1053 traditam.

456 1097 825 1167 Notandum
861 1106 1103 1178 autem,
1130 1101 1361 1169 nullibi
1390 1109 1649 1169 exstare
1675 1101 1840 1188 juris
1872 1110 2129 1173 textum
2172 1104 2345 1173 clare
2377 1110 2594 1195 expri-

369 1225 676 1294 mentem,
719 1216 789 1280 in
834 1234 963 1303 quo
1019 1219 1451 1284 essentialiter
1509 1220 1819 1287 consistat
1868 1218 2240 1303 parochiale
2283 1220 2585 1291 officium.

368 1333 596 1399 Nullus
619 1335 685 1399 in
723 1340 867 1399 toto
892 1353 1135 1419 corpore
1151 1340 1320 1417 juris
1352 1336 1647 1400 occurrit
1678 1335 1975 1420 specialis
2006 1336 2239 1405 titulus
2275 1341 2352 1405 de
2380 1340 2595 1420 Officio

357 1450 633 1532 parochi.
684 1446 874 1515 Unde
912 1450 1258 1515 canonistae
1289 1450 1355 1515 in
1402 1448 1725 1516 tradenda
1754 1448 1839 1516 de
1872 1450 2153 1534 parocho
2185 1455 2454 1546 praecisa
2482 1476 2596 1523 no·

367 1567 563 1643 tione,
600 1565 929 1633 communi
955 1564 1302 1632 doctorum
1339 1568 1795 1645 aestimatione,
1829 1586 2085 1635 necnon
2125 1566 2308 1635 Rotae
2343 1578 2413 1636 et
2445 1589 2596 1638 con-

366 1682 813 1766 gregationum
848 1683 1283 1751 Romanarum
1319 1682 1520 1748 variis
1552 1681 1997 1749 decisionibus
2033 1684 2154 1753 niti
2189 1685 2422 1753 solent.
2461 1689 2593 1755 Nec

368 1800 626 1877 mirum,
662 1817 812 1867 cum
859 1797 1292 1884 parochorum
1318 1800 1644 1869 institutio
1685 1799 1943 1867 nonnisi
1972 1800 2284 1887 paulatim
2325 1801 2593 1871 inducta

369 1916 474 1993 sit,
511 1922 584 1980 et
623 1914 1099 1983 recentioribus
1126 1914 1471 1981 dumtaxat
1496 1913 1909 1998 temporibus
1944 1916 2327 1985 universalis
2371 1938 2596 1987 evase·

367 2030 476 2097 rit.
520 2029 939 2098 Essentialem
978 2049 1215 2116 nempe
1245 2029 1522 2095 formam
1557 2047 1739 2095 suam
1785 2049 1867 2094 ex
1908 2032 2095 2113 praxi
2148 2039 2217 2097 et
2254 2042 2594 2105 consuetu-

368 2144 545 2223 dine,
568 2146 980 2231 potiusquam
1009 2165 1092 2212 ex
1126 2146 1278 2213 ullis
1315 2142 1400 2211 de
1426 2144 1547 2210 bac
1580 2164 1654 2210 re
1688 2144 2103 2229 generalibus
2135 2146 2431 2214 Ecclesiae
2477 2147 2595 2215 de-

370 2259 562 2331 eretis
580 2259 816 2327 sensim
835 2257 1071 2327 induit.
1103 2260 1217 2327 His
1240 2260 1617 2349 praenotatis
1638 2259 1744 2338 sit,

457 2375 855 2442 Pnoposmo
880 2374 958 2440 1⁸.
993 2413 1084 2423 —
1103 2378 1197 2439 Ad
1218 2382 1536 2439 essentiam
1554 2377 1949 2457 parochiatus
1966 2382 2237 2460 pertinet
2262 2385 2332 2441 ut
2361 2384 2443 2443 sit
2470 2382 2597 2462 offi-

364 2499 522 2557 cium
540 2494 914 2578 procurandi
944 2496 1158 2558 bonum
1198 2495 1522 2574 spirituale
1549 2498 1920 2573 animarum,
1944 2514 2054 2578 per
2082 2497 2249 2558 verbi
2276 2499 2389 2564 Dei
2415 2504 2474 2560 et
2503 2518 2597 2560 sa·

367 2616 803 2674 crementorum
830 2613 1360 2674 ministrationem.
1379 2644 1470 2657 ·—
1489 2608 1823 2676 Probatur
1854 2629 1937 2676 ex
1956 2611 2283 2676 communi
2306 2615 2595 2678 omnium

369 2724 817 2794 aestimatione.
875 2724 1037 2790 Nam
1098 2728 1163 2788 1⁰
1209 2723 1508 2808 parochis
1581 2724 1965 2791 incumbere
2031 2728 2280 2808 aliquod
2327 2726 2597 2810 explen-

369 2837 527 2906 dum
555 2840 840 2921 officium,
899 2845 1088 2908 extra
1123 2840 1633 2908 controversiam
1681 2845 1782 2906 est
1818 2861 1832 2905 :
1893 2858 2106 2930 neque
2161 2849 2436 2908 vocatur
2482 2851 2596 2908 aut

368 2956 751 3040 intelligitur
786 2954 1128 3040 parochus,
1166 2956 1280 3041 qui
1319 2955 1575 3021 nullum
1605 2954 1803 3022 habet
1845 2955 2243 3041 explendum
2286 2955 2589 3024 officium.

370 3075 442 3140 2⁰
473 3071 668 3154 Quod
696 3077 915 3138 autem
948 3071 1227 3138 officium
1262 3071 1530 3156 parochi
1559 3080 1863 3139 versetur
1915 3079 2075 3137 circa
2141 3076 2355 3137 bonum
2410 3083 2597 3158 spiri-

370 3191 533 3253 male
557 3194 900 3254 auimrmn
922 3188 1136 3273 aliquo
1167 3184 1364 3256 modo
1393 3186 1903 3270 procurandum,
1940 3207 2072 3255 non
2102 3189 2313 3255 minus
2342 3188 2597 3256 indubi-

365 3313 577 3374 tatum
611 3310 735 3371 est.
783 3307 924 3371 Imo
968 3301 1250 3371 officium
1303 3323 1463 3367 σανα
1511 3308 1855 3368 animarum
1905 3304 2125 3370 vocari
2180 3304 2389 3389 solet;
2452 3323 2594 3392 quae

369 3419 637 3498 locutio,
684 3420 810 3488 etsi
845 3419 1174 3504 propriam
1205 3400 1594 3502 parochialis
1635 3414 1824 3481 officii
1851 3424 2151 3483 naturam
2178 3436 2310 3482 non
2337 3421 2597 3484 omnino

369 3534 773 3604 determinet
821 3535 992 3622 (cum
1039 3534 1266 3618 plures
1320 3533 1605 3602 existant
1657 3552 1830 3599 curae
1878 3534 2239 3600 animarum
2292 3532 2588 3620 species),

371 3670 637 3735 prorsus
662 3658 883 3717 tamen
918 3650 1225 3735 supponit
1259 3668 1381 3734 pro
1417 3647 1704 3733 parocho
1748 3669 1880 3718 non
1927 3650 2155 3717 haberi
2208 3650 2329 3718 nisi
2380 3650 2588 3728 illum,

369 3770 475 3836 cui
515 3768 838 3836 incumbit
884 3767 1128 3834 bonum
1171 3765 1550 3844 animarum,
1591 3785 1709 3832 seu
1742 3764 1941 3853 (quod
1986 3765 2165 3833 idem
2195 3765 2344 3851 est),
2385 3769 2597 3831 bonum

372 3888 693 3968 spirituale
738 3884 955 3969 aliquo
1000 3881 1199 3950 modo
1239 3901 1475 3948 curare
1509 3889 1580 3947 et
1608 3899 2024 3964 promovere.
2064 3885 2134 3946 3⁰
2164 3879 2295 3950 Sed
2337 3890 2406 3946 et
2447 3900 2599 3965 pro-

373 4001 585 4084 prium
635 4018 776 4066 esse
833 3996 1214 4083 parochialis
1264 3995 1488 4075 officii,
1527 4004 1602 4061 ut
1656 3995 1899 4062 bonum
1956 3997 2314 4062 animarum
2367 4015 2601 4062 curare

375 4116 616 4188 debeat
647 4117 877 4186 saltem
902 4136 1018 4200 per
1051 4119 1219 4180 verbi
1258 4119 1368 4180 Dei
1403 4122 1461 4178 et
1502 4120 2010 4178 sacramentorum
2065 4119 2593 4194 ministrationem,

375 4240 474 4302 est
509 4233 758 4319 pariter
795 4234 1084 4300 unanimi
1135 4234 1427 4299 omnium
1481 4249 1801 4296 consensu
1856 4229 2225 4295 admissum.
2272 4229 2604 4298 Parochus

375 4351 544 4418 euim
588 4367 1002 4436 nequaquam
1041 4348 1548 4433 intelligeretur,
1588 4348 1700 4433 qui
1745 4365 1824 4412 ex
1856 4343 2060 4414 officio
2094 4364 2226 4416 non
2260 4350 2606 4411 teneretur

373 4467 616 4529 verbum
646 4469 758 4530 Dei
783 4463 1170 4545 ministrare,
1212 4461 1280 4529 id
1307 4471 1428 4540 est,
1467 4463 1894 4529 instructione
1932 4461 2233 4544 religiosa
2267 4468 2337 4526 et
2366 4477 2606 4543 oppor-
