3146 4973
1206 346 1363 391 mus
1410 347 1694 405 QuAnrA.
2446 331 2572 394 465

360 495 388 530 α
425 470 799 545 desim-um,
860 489 983 534 nou
1044 470 1287 550 poterit
1334 468 1653 551 parochus
1705 468 2046 535 celebrare
2092 472 2156 532 in
2215 478 2512 553 utruque.
2538 493 2570 529 »

442 588 619 649 Nota.
654 621 744 635 --
764 586 994 649 Utrum
1025 583 1437 649 nihilominus
1461 585 1530 647 in
1558 583 1739 649 dicto
1763 603 1917 648 casu
1945 583 2233 666 indigeat
2255 584 2582 668 parochus

354 701 607 765 licentia
646 701 965 783 Episcopi,
996 697 1395 782 expenditur
1429 697 1621 763 infra.

440 816 838 880 Pnorosrno
873 816 975 878 V‘.
1005 850 1094 861 ——
1126 818 1331 878 Etiam
1351 821 1420 877 in
1454 817 1660 877 eadem
1689 818 1935 878 ecclesia
1963 818 2054 880 bis
2082 819 2284 880 eodem
2311 821 2409 880 die
2436 821 2578 880 cele·

358 932 528 991 brare
555 932 789 992 licitum
837 949 959 992 esse
998 937 1199 1010 potest
1236 930 1500 1011 parocho
1538 950 1557 989 :
1592 936 1648 992 si
1676 949 1883 1011 nempe
1915 935 2107 994 unicoe
2133 938 2332 994 missae
2360 952 2580 1015 magma

352 1063 496 1124 pars
530 1047 747 1126 populi
781 1048 986 1108 adesse
1032 1052 1305 1125 nequeat.
1340 1080 1431 1091 --
1476 1046 1576 1109 De
1616 1043 1740 1108 hoc
1787 1064 1939 1109 cusu
1988 1045 2279 1129 synodus
2304 1048 2584 1112 Nemau-

358 1158 575 1235 sensiS,
603 1160 985 1236 ann01284,
1018 1158 1316 1224 decrevit
1350 1160 1415 1222 in
1447 1159 1620 1223 hunc
1649 1158 1913 1224 modum
1948 1180 1961 1221 :
2006 1183 2039 1220 α
2068 1162 2131 1224 Si
2152 1180 2372 1226 omnes
2395 1181 2582 1245 paro-

364 1297 393 1332 «
425 1273 635 1338 chiaui
678 1273 763 1338 ad
809 1293 1004 1338 unam
1056 1274 1310 1338 missam
1364 1274 1556 1338 simul
1600 1293 1730 1339 non
1775 1275 2020 1358 possint
2072 1276 2443 1351 convenire,
2501 1297 2581 1340 eo

362 1412 392 1447 α
430 1388 607 1474 quod
648 1391 714 1454 in
759 1388 1033 1454 diversis
1073 1389 1231 1454 locis
1272 1387 1586 1466 habitant,
1623 1388 2013 1455 distantibus
2047 1391 2130 1456 ab
2178 1391 2478 1468 ecclesia,
2515 1399 2582 1456 et

363 1528 393 1562 «ι
433 1504 720 1580 remotiS,
761 1504 929 1568 sicut
974 1510 1076 1568 est
1124 1505 1187 1567 in
1255 1505 1594 1579 montanis,
1633 1522 1754 1568 nec
1798 1510 1951 1568 sunt
2005 1505 2072 1568 in
2125 1505 2400 1570 ecclesia
2452 1504 2582 1570 duo

364 1643 393 1678 α
435 1618 845 1696 sacerdotes,
879 1626 947 1683 et
991 1618 1164 1684 dicta
1214 1617 1423 1702 prima
1477 1619 1703 1696 missa,
1746 1617 2160 1702 postmodum
2210 1620 2581 1703 parochiani

364 1758 395 1796 α
438 1733 775 1799 venientes
804 1734 1133 1816 postulent
1162 1734 1417 1798 missam
1454 1733 1643 1797 aliam
1686 1732 1807 1798 sibi
1848 1731 2006 1810 dici,
2041 1736 2285 1817 poterit
2313 1742 2453 1798 tum
2487 1753 2586 1800 sa-

367 1873 397 1907 «
434 1849 661 1914 cerdos
691 1851 945 1914 missam
975 1850 1162 1914 aliam
1205 1848 1564 1915 celebrare.
1597 1872 1629 1909 »
1673 1847 1870 1929 Quod
1907 1857 2149 1926 autem,
2179 1858 2391 1916 stante
2424 1850 2587 1933 ejus-

362 1962 534 2029 modi
591 1984 810 2041 causa‚
873 1964 1155 2047 parocho
1202 1965 1400 2029 liceat
1449 1964 1583 2040 bis,
1624 1966 1691 2028 in
1737 1963 1968 2029 eadem
2019 1966 2218 2030 etiam
2267 1965 2577 2039 ecclesia,

359 2077 716 2156 celebrare,
756 2088 858 2145 est
905 2081 1153 2162 pariter
1179 2077 1732 2146 concludendum.
1773 2079 2141 2162 Utrumque
2166 2097 2382 2143 casum
2411 2087 2586 2162 post-

356 2211 550 2277 quam
579 2197 967 2260 memoravit
997 2193 1395 2260 Benedictus
1446 2194 1592 2257 XIV
1642 2192 1740 2257 his
1770 2191 2011 2269 verbis,
2046 2198 2188 2256 Sive
2221 2199 2406 2256 missa
2435 2196 2583 2257 cele-

361 2314 592 2375 branda
632 2318 800 2376 sitin
832 2314 1064 2376 duabus
1108 2313 1370 2374 ecclesiis
1392 2316 1551 2373 inter
1589 2330 1650 2372 se
1675 2312 2072 2389 distantibus,
2107 2318 2176 2372 ut
2203 2313 2269 2372 in
2293 2330 2480 2392 supra
2502 2318 2590 2373 ci-

362 2434 491 2491 tata
527 2430 751 2510 synodo
794 2431 1074 2506 Limam,
1126 2432 1253 2491 sive
1289 2446 1413 2491 una
1443 2433 1680 2489 tantum
1709 2431 1795 2489 sit
1846 2428 2112 2504 ecclesia,
2158 2431 2224 2489 in
2255 2446 2372 2507 qua
2403 2423 2588 2491 missa

356 2546 710 2621 celebratur,
759 2550 818 2605 et
863 2546 946 2606 ad
985 2562 1165 2623 quam
1204 2544 1453 2605 insimul
1484 2547 1800 2605 universus
1826 2543 2083 2622 populus
2118 2547 2429 2604 convenire
2470 2562 2608 2605 non·

350 2667 572 2741 potest,
610 2666 678 2721 ut
703 2664 769 2722 in
796 2661 1022 2740 synodo
1058 2662 1467 2736 Nemausensi,
1504 2657 1599 2723 sic
1626 2654 1813 2721 addit
1842 2676 1855 2720 :
1893 2659 1980 2719 Hi
2017 2662 2232 2737 quippe
2271 2660 2392 2719 duo
2417 2676 2589 2720 casus

357 2779 557 2838 eodem
572 2781 717 2857 jure
758 2776 1034 2839 censendi
1060 2782 1223 2853 sunt,
1267 2779 1366 2835 uti
1401 2777 1697 2854 praecipue
1729 2775 1997 2835 advertit
2044 2773 2402 2853 Theophilus
2445 2775 2588 2835 Rai-

356 2893 615 2954 naudus.
651 2890 745 2974 (ln
773 2891 971 2954 citata
1004 2888 1185 2953 bulla
1212 2892 1576 2965 Declarasti,
1623 2889 1701 2952 16
1732 2888 1944 2951 martii
1988 2885 2207 2970 1746.)

446 3004 766 3069 Consonat
818 3002 1173 3068 Cardinalis
1210 3001 1443 3068 Zelada
1476 3024 1489 3066 :
1526 3024 1558 3061 α
1594 3002 1905 3081 Quamvis
1957 3009 2176 3066 autem
2213 3003 2469 3087 (inquit)
2518 3006 2582 3067 in

359 3143 391 3179 «
429 3137 623 3201 supra
670 3120 865 3183 citata
925 3115 1179 3202 synodo
1212 3118 1331 3182 VII
1368 3117 1649 3193 Limane,
1695 3113 2241 3200 quemadmodum
2291 3117 2486 3183 etiam
2517 3119 2584 3182 in

357 3259 389 3293 «ι
428 3235 698 3300 concilio
729 3233 1181 3317 Burdigalensi
1241 3233 1391 3297 anni
1455 3234 1648 3308 1583,
1696 3230 1969 3295 facultas
2022 3231 2137 3295 fiat
2184 3232 2467 3314 parocho
2518 3233 2580 3295 in

359 3375 391 3409 «
428 3350 742 3433 praedicto
777 3368 931 3414 casu
972 3347 1106 3413 duo
1144 3346 1530 3430 perficiendi
1555 3365 1742 3411 sacra
1771 3346 1840 3410 in
1868 3349 2100 3409 duabus
2129 3346 2581 3412 tantummodo

358 3481 390 3517 α
425 3461 682 3521 ecclesiis
704 3459 878 3522 inter
908 3476 977 3521 se
1009 3454 1417 3530 distantibus
1468 3474 1598 3519 non
1649 3460 1868 3518 autem
1899 3454 1964 3515 in
2013 3451 2245 3518 eadem
2283 3453 2577 3530 ecclesia,

360 3596 394 3631 α
427 3571 788 3656 eodemque
828 3570 1109 3654 oppido;
1144 3569 1489 3635 fatendum
1542 3577 1764 3634 tamen
1802 3576 1902 3633 est
1941 3567 2254 3650 expedire
2295 3575 2370 3632 ut
2398 3587 2580 3650 paro·

359 3712 394 3747 κ
433 3687 556 3752 cho
596 3688 710 3751 fiat
762 3693 1052 3769 potestas
1100 3683 1456 3749 secundum
1505 3682 1824 3749 offerendi
1872 3682 2276 3759 sacrificium,
2322 3686 2578 3748 tametsi

357 3830 391 3864 α
438 3823 564 3868 una
594 3809 845 3868 tantum
878 3803 959 3867 sit
990 3800 1260 3867 ecclesia
1286 3800 1351 3862 in
1379 3817 1507 3883 qua
1536 3799 1726 3863 missa
1749 3796 2143 3872 celebratur,
2171 3804 2240 3862 et
2267 3796 2353 3862 ad
2382 3816 2576 3882 quam

357 3942 391 3978 c<
434 3917 689 3982 insimul
720 3918 1062 3981 universus
1098 3913 1377 3998 populus
1415 3913 1766 3977 convenire
1793 3930 1920 3974 non
1947 3918 2182 3993 potest.
2222 3912 2303 3976 Hi
2334 3913 2575 3996 quippe
2611 3956 2618 3963 -

357 4058 392 4093 «
436 4033 566 4098 duo
604 4051 788 4097 casus
816 4030 1051 4097 eodem
1077 4031 1225 4113 jure
1259 4026 1564 4093 censendi
1597 4033 1772 4103 sunt,
1807 4033 1882 4091 ut
1916 4032 2130 4107 potest
2157 4026 2574 4111 Theophilum

359 4174 390 4204 α
428 4144 827 4213 Rainaudum
856 4145 1313 4211 animadvertit
1342 4140 1739 4208 Benedictus
1770 4141 1997 4219 xlv„‚.
2035 4142 2168 4206 Nec
2200 4140 2437 4207 desunt
2465 4162 2577 4209 ve-

359 4288 394 4321 α
432 4261 779 4327 iustissima
811 4259 1003 4344 hujus
1029 4262 1129 4325 rei
1158 4265 1659 4325 monumenta....

451 4400 484 4440 α
520 4378 745 4461 Itaque
774 4383 849 4442 ut
876 4376 1068 4441 liceat
1091 4374 1372 4459 parocho
1406 4372 1570 4438 duas
1599 4374 1916 4455 paroecias
1951 4371 2233 4451 habenti,
2280 4373 2380 4438 vel
2412 4371 2578 4439 duos

2303 4484 2375 4543 30
