3146 4973
555 376 681 440 538
1234 394 1613 443 raam-uus
1658 395 1747 441 na
1791 393 2117 442 Panocflo.

554 532 710 580 cura
741 514 1242 595 defraudentur,
1280 526 1351 584 et
1397 516 1592 602 hujus
1622 534 1798 583 curae
1828 518 2211 583 exercitium
2248 537 2376 584 non
2409 528 2666 602 spectet
2700 520 2783 587 ad

554 626 868 709 parochos
889 635 955 692 in
975 630 1187 694 habitu
1205 678 1221 708 ,
1262 648 1675 716 nequaquam
1705 628 2021 696 censendi
2053 637 2207 695 sunt
2242 629 2364 696 sub
2406 629 2583 696 dicta
2628 634 2785 697 resi-

553 740 755 807 dendi
793 742 938 827 lege
956 791 972 821 ,
1009 746 1259 812 ratione
1308 763 1438 810 suae
1491 744 2027 828 parochialitatis,
2073 742 2551 829 comprehensi.
2593 745 2783 812 Unde

553 865 894 943 postquam
935 861 1294 927 Leurenius
1344 861 1559 945 legem
1607 861 1785 926 illam
1836 859 2153 926 stabilivit
2198 859 2418 945 quoad
2467 859 2785 945 parochos

551 975 815 1055 proprie
853 973 1099 1051 dictos,
1134 978 1223 1040 sic
1264 974 1495 1042 addit:
1538 997 1571 1036 a
1604 976 1806 1040 secus
1846 980 1981 1052 est,
2034 974 2150 1040 ubi
2192 973 2279 1041 de
2324 994 2483 1041 cura
2533 984 2784 1041 tantum

557 1108 590 1145 α
623 1086 935 1155 habituali
980 1090 1220 1172 agitur,
1269 1108 1411 1175 quae
1466 1090 1746 1155 resultat
1780 1088 1865 1154 ab
1909 1090 2147 1155 unione
2201 1094 2559 1157 accessorie
2607 1090 2784 1156 sacta

556 1225 589 1262 α
628 1203 824 1270 alicui
871 1204 1170 1289 dignitati
1229 1206 1334 1271 vel
1384 1203 1734 1282 beneficio,
1792 1222 1942 1269 cum
2000 1202 2427 1288 deputatione
2490 1206 2712 1272 vicarii
2747 1227 2780 1266 ι»

555 1318 796 1404 (Forum
819 1321 1184 1398 beneficiate,
1219 1325 1408 1404 parte
1455 1323 1512 1397 l,
1537 1338 1607 1404 q.
1658 1317 1847 1402 366).

641 1433 1041 1501 Paorosrrlo
1084 1436 1193 1516 11⁸.
1231 1470 1323 1482 —-
1357 1439 1513 1517 Leqe
1548 1437 1861 1499 residendi
1905 1437 2363 1514 obscrinyuntur
2401 1436 2650 1515 parochi
2702 1438 2785 1499 ad

551 1555 764 1622 nutum
806 1551 1175 1612 amovibiles.
1212 1584 1302 1596 -—
1325 1548 1482 1613 Nam
1531 1555 1604 1613 et
1640 1547 1707 1612 hi
1746 1553 1900 1612 sunt
1933 1548 2151 1630 reipsa
2188 1553 2389 1612 mati
2432 1551 2783 1630 inferiores,-

553 1668 623 1727 et
653 1680 881 1728 eorum
918 1662 1338 1740 beneficium,
1366 1663 1490 1728 etsi
1515 1662 1834 1739 manuale,
1865 1669 1968 1727 est
1988 1668 2213 1729 tamen
2240 1681 2397 1729 vere
2424 1671 2497 1728 et
2518 1667 2783 1747 proprie

554 1783 880 1844 curatum.
924 1779 1118 1864 Atqui
1161 1778 1538 1844 Tridentina
1565 1777 1858 1863 synodus
1876 1826 1893 1855 ,
1921 1779 2066 1844 loco
2102 1778 2303 1845 citato
2318 1826 2336 1856 ‚
2371 1780 2586 1863 legem
2628 1783 2787 1846 resi·

552 1892 787 1959 dentiae
845 1892 1143 1972 edicens,
1195 1912 1503 1977 expresse
1545 1896 1837 1980 loquitur
1876 1898 1953 1959 de
1992 1901 2227 1958 wratis
2270 1897 2690 1975 infer-ierim,
2724 1906 2785 1959 ac

547 2012 694 2074 aliis
727 2013 1209 2092 quamtamque,
1243 2016 1351 2092 qui
1395 2010 1744 2088 beneficium
1780 2013 2028 2092 aliquod
2054 2013 2539 2088 ecclesiasticum,
2576 2031 2785 2076 curam

548 2130 892 2189 animarum
921 2127 1164 2205 habena,
1216 2129 1505 2190 obtinent.

638 2240 1035 2307 Paorosmo
1083 2241 1224 2307 111⁸.
1253 2277 1346 2290 ·--
1367 2246 1518 2323 αρε
1551 2245 1858 2306 residendi
1896 2247 2397 2324 conari-aquaem·
2442 2247 2659 2306 vicarii
2686 2263 2787 2308 cu-

551 2361 676 2419 rati
708 2363 833 2420 cam
862 2359 1215 2438 temporales
1238 2376 1421 2437 quam
1453 2362 1753 2438 perpetui.
1786 2393 1878 2406 -
1905 2355 2182 2437 Quando
2224 2354 2583 2422 cathedrali
2606 2357 2787 2440 capi·

548 2469 688 2539 tulo
734 2469 989 2538 adnexa
1042 2471 1172 2538 fuit
1211 2472 1567 2538 animarum
1612 2491 1799 2550 cura,
1830 2489 2034 2555 penes
2073 2471 2433 2555 capitulum
2484 2481 2788 2539 remanet

548 2585 891 2653 dumtaxat
919 2607 1080 2655 cura
1110 2590 1473 2668 hammaim
1501 2594 1572 2654 et
1610 2587 1702 2653 ad
1748 2587 2182 2654 exercendam
2230 2586 2533 2655 eamdem
2554 2607 2787 2654 curam

549 2698 967 2784 deputandus
997 2712 1099 2769 est
1146 2703 1452 2779 vicarius,
1487 2703 1601 2787 qui
1628 2700 1780 2769 ideo
1817 2711 2084 2768 curatus
2114 2701 2378 2769 dicitur.
2416 2704 2646 2769 Potest
2675 2722 2788 2769 au·

547 2824 686 2881 tem
723 2824 793 2882 et
840 2817 1009 2883 solet
1047 2815 1369 2903 ejusmodi
1406 2818 1685 2885 vicarius
1732 2818 1815 2884 ab
1844 2818 2164 2902 Episcopo
2206 2819 2517 2884 constitui
2552 2837 2785 2903 porpe-

548 2939 732 3015 tuus3
773 2951 857 2998 ne
907 2933 1160 2999 scilicet
1203 2933 1490 3018 alioquin
1536 2933 1625 2999 ad
1673 2940 1906 2999 nutum
1954 2932 2223 3017 capituli
2272 2934 2357 2999 sit
2394 2932 2777 3001 amovibilis.

551 3048 760 3115 Porro
791 3048 940 3115 talis
971 3049 1250 3116 vicarius
1283 3070 1320 3116 a
1345 3048 1496 3135 jure
1527 3048 1811 3116 habetur
1838 3056 2148 3133 tanquam
2176 3047 2523 3131 parochuS,
2554 3057 2623 3114 et
2640 3047 2784 3131 ejus

551 3161 789 3227 vicaria
833 3169 1139 3246 tanquam
1186 3161 1578 3228 beneficium
1631 3162 1858 3227 stricte
1908 3168 2280 3244 sumptum;
2338 3161 2428 3226 ita
2467 3167 2545 3226 ut
2585 3160 2781 3226 etiam

547 3279 752 3362 possit
775 3279 922 3364 quis
942 3277 1234 3345 ordinari
1265 3277 1350 3344 ad
1381 3254 1644 3345 tituluffn
1669 3278 1924 3343 vicariae
1952 3276 2343 3363 hujusmodi.
2368 3278 2534 3343 Hinc
2558 3282 2779 3343 autem

547 3399 733 3476 patet
768 3413 921 3459 eum
943 3394 1075 3478 legi
1105 3393 1439 3460 residendi
1469 3412 1608 3459 esse
1637 3392 2011 3470 obnoxium,
2052 3410 2205 3458 cum
2235 3401 2305 3458 et
2330 3393 2471 3475 ipse
2507 3410 2665 3458 vere
2693 3390 2782 3457 sit

548 3506 636 3575 de
659 3517 890 3575 cur-atis
907 3514 1317 3592 inferioribus,
1345 3517 1419 3576 et
1449 3508 1534 3575 de
1565 3510 1643 3574 iis
1672 3509 1787 3594 qui
1806 3508 2109 3575 obtinent
2128 3508 2476 3586 beneficium
2500 3510 2772 3590 aliquod,

548 3645 760 3690 curam
777 3633 1120 3690 animarum
1146 3627 1387 3689 habam.

641 3739 825 3807 Idem
856 3738 1209 3807 dicendum
1238 3738 1323 3806 de
1359 3739 1601 3805 vicario
1639 3738 2009 3823 temporali,
2031 3740 2143 3823 qui
2172 3745 2440 3805 vacante
2472 3737 2781 3823 parochia

553 3857 765 3945 (verbi
807 3855 1064 3942 gratia),
1096 3854 1183 3921 ad
1227 3874 1455 3923 curam
1499 3856 1591 3922 ibi
1630 3854 2095 3932 exercendam,
2128 3853 2341 3920 donec
2388 3852 2471 3921 de
2513 3862 2783 3921 rectore

551 3975 811 4058 provisa
839 3974 1063 4051 fuerit,
1099 3972 1492 4056 deputatum
1531 3980 1601 4038 et
1636 3971 2030 4055 generaliter
2070 3969 2153 4036 de
2200 3970 2491 4056 quolibet
2536 3971 2791 4039 vicario

549 4091 896 4174 temporali
925 4108 1081 4156 vere
1103 4098 1311 4154 curato
1342 4087 1432 4175 (id
1457 4097 1581 4165 est,
1618 4087 1723 4152 cui
1740 4089 2170 4169 principaliter
2198 4085 2515 4151 incumbit
2544 4087 2793 4153 anima·

551 4224 696 4273 rum
721 4204 928 4291 eura),
957 4208 1254 4290 quamvis
1279 4206 1361 4271 sit
1408 4203 1497 4271 ad
1547 4213 1779 4270 nutum
1826 4201 2207 4277 amovibilis,
2236 4209 2306 4267 et
2357 4203 2648 4287 quamvis
2692 4204 2793 4269 ad

551 4330 813 4405 tempus
855 4320 1197 4388 dumtaxat
1253 4322 1709 4385 constituatur.
1739 4318 1990 4383 Etenim
2023 4316 2090 4381 hi
2129 4316 2323 4382 etiam
2370 4316 2590 4383 vicarii
2623 4327 2797 4385 sunt.

553 4436 640 4507 de
671 4456 940 4507 numero
978 4445 1322 4499 curator-mn
1375 4436 1766 4512 inferiorum,
1805 4431 1890 4498 de
1942 4432 2180 4517 quibus
2226 4433 2361 4517 agit
2401 4430 2795 4503 ‘tridentina
