3146 4973
589 375 714 454 5‘8'2
1265 383 1639 455 rme-rarus
1682 387 1775 454 im
1816 403 2142 453 ranocno.

575 523 822 613 quartu,
853 526 1219 614 regulareS,
1260 517 1376 615 q'ui
1412 525 1677 614 parochi
1722 529 1829 595 vel
1870 529 2095 594 vicarii
2120 509 2332 595 ‘titulo
2369 525 2590 593 curam
2621 546 2815 594 exer·

584 651 758 710 cent.
824 642 1047 730 (1bid.,
1099 650 1130 723 5
1175 642 1269 729 4.)
1326 641 1405 710 In
1444 643 1824 728 particulari
1862 644 2079 730 quoad
2135 652 2396 710 curatos
2434 639 2817 709 amovibiles

585 759 743 826 vide
778 758 847 825 id
896 759 1191 826 decisum
1240 780 1276 826 a
1327 762 1521 826 Sacra
1569 760 2083 845 Congregatione
2126 759 2411 839 Concilii,
2447 757 2514 824 in
2551 760 2817 824 Ostiensi

579 880 673 945 29
693 876 972 962 januarii
1013 877 1177 941 1724
1220 875 1308 963 (in
1339 875 1662 956 Tltesaum,
1690 883 1868 943 tomo
1901 879 1965 955 3,
2002 893 2148 961 pag.
2189 873 2319 959 12).

672 991 863 1074 Quod
889 1000 1109 1058 autem
1149 996 1387 1076 urgeat
1410 991 1681 1077 praefata
1723 991 2052 1075 obligatiO,
2089 992 2338 1057 etiamsi
2370 987 2632 1074 parochi
2663 1006 2821 1053 con-

573 1110 760 1192 gruis
782 1107 1105 1174 reditibus
1128 1107 1599 1187 destituantur,
1627 1109 1985 1175 declaravit
2014 1109 2428 1173 Innocentius
2456 1108 2601 1179 XII,
2637 1104 2821 1169 hulla

586 1227 811 1306 Nuper,
850 1225 930 1289 24
963 1223 1182 1309 aprilis
1223 1227 1418 1291 1699.
1454 1223 1640 1311 (vide
1674 1225 1928 1302 Merati,
1959 1232 2148 1308 parte
2188 1228 2252 1302 3,
2282 1225 2387 1288 tit.
2424 1225 2525 1300 12,
2562 1222 2647 1288 ad
2679 1242 2747 1289 u.
2781 1227 2819 1288 5

584 1337 912 1422 Gavauti.)

667 1454 764 1519 Ad
811 1454 1198 1519 contrariam
1243 1451 1780 1520 consuetudinem
1831 1454 2008 1540 quod
2042 1457 2298 1533 attinet,
2344 1457 2434 1521 sic
2466 1455 2666 1523 habet
2698 1459 2823 1523 Be·

579 1568 878 1634 nedictus
907 1565 1055 1633 XIV
1085 1568 1154 1631 in
1188 1569 1383 1633 citata
1414 1568 1592 1634 hulla
1632 1575 1785 1633 Cum
1821 1589 2053 1650 semper
2090 1570 2175 1656 (n.
2222 1574 2339 1637 103
2376 1571 2576 1655 ipsius
2615 1572 2820 1640 bulla·

573 1684 680 1762 rii,
717 1690 748 1763 5
784 1682 888 1768 16)
935 1703 950 1747 :
992 1706 1024 1745 c<
1059 1683 1367 1749 Nonnulli
1414 1684 1735 1768 siquidem
1785 1686 2058 1751 obtenta
2089 1688 2427 1752 contrarIae
2464 1695 2814 1756 consuetu-

588 1823 624 1863 «
655 1800 846 1878 dinis,
890 1799 1085 1865 etiam
1112 1798 1661 1878 immemorabilis,
1705 1802 1770 1865 in
1804 1803 2065 1885 propria
2095 1801 2369 1868 eeclesia
2399 1804 2698 1887 vigentis,
2743 1824 2813 1870 se

581 1919 623 1978 ἀ
655 1913 1022 2000 hujusmodi
1054 1933 1254 1981 onere
1283 1917 1480 1982 eximi
1507 1935 1697 1999 posse
1736 1917 1858 1981 sibi
1879 1927 2365 2001 persuaserunt.
2400 1919 2649 1984 Verum
2680 1919 2814 2005 jam

581 2033 627 2093 ἀ
659 2032 904 2117 pluries
927 2048 1310 2114 responsum
1348 2033 1493 2108 fuit,
1527 2029 1897 2117 hujusmodi
1925 2009 2482 2112 consuetudinem,
2521 2036 2675 2100 licet
2698 2037 2815 2101 im-

592 2169 627 2211 «
660 2144 1341 2231 memorabilem‚'quae
1363 2147 1581 2231 potius
1608 2148 1849 2213 abusus
1872 2155 1942 2213 et
1968 2149 2342 2232 corruptela
2383 2146 2660 2214 dicenda
2688 2157 2811 2226 est,

594 2285 627 2327 a
662 2262 906 2330 nemini
955 2261 1314 2347 suffragari.
1358 2285 1389 2324 n
1445 2264 1728 2330 Notetur
1781 2271 2001 2329 autem
2048 2263 2212 2330 hanc
2273 2262 2613 2329 Benedicti
2669 2263 2815 2330 XIV

585 2379 859 2456 bullam,
896 2379 1019 2446 etsi
1053 2377 1137 2444 ad
1165 2375 1367 2445 Italiae
1402 2378 1742 2446 dumtaxat
1774 2379 2126 2463 Episcopos
2163 2379 2501 2458 directam,
2531 2377 2597 2444 in
2626 2399 2825 2466 quan-

583 2506 727 2563 tum
767 2506 992 2563 tamen
1037 2495 1147 2580 jus
1196 2514 1538 2563 commune
1575 2494 1889 2573 declarat,
1933 2497 2367 2562 universalem
2403 2497 2534 2562 vim
2575 2492 2820 2566 habere

588 2612 674 2679 ad
698 2611 806 2698 jus
855 2608 1018 2677 illud
1063 2609 1503 2695 probandum.
1559 2612 1723 2676 Hinc
1775 2608 2019 2696 absque
2065 2612 2357 2676 locorum
2405 2611 2820 2678 distinctione

589 2727 755 2793 solet
789 2728 982 2791 Sacra
1014 2722 1443 2809 congregatio
1471 2724 1739 2791 Concilii
1768 2724 1852 2791 ad
1877 2744 2020 2791 eam
2051 2725 2574 2792 constitutionem
2603 2730 2823 2792 remit-

585 2847 752 2918 tere,
797 2848 866 2904 et
905 2858 985 2905 ea
1027 2839 1169 2917 niti,
1214 2858 1334 2923 pro
1368 2836 1760 2906 declaranda
1793 2846 1973 2906 recta
2001 2838 2164 2925 juris
2194 2840 2549 2906 communis
2584 2840 2821 2907 intelli-

579 2957 826 3041 gentia,
862 2954 1078 3040 quoad
1110 2957 1448 3022 materiam
1483 2954 1566 3022 de
1603 2974 1729 3040 qua
1767 2954 2036 3039 agimus.

677 3074 1022 3139 Possemus
1065 3072 1337 3156 insuper
1379 3072 1664 3156 singulas
1694 3071 2118 3139 conclusionis
2146 3081 2381 3139 nostrae
2424 3081 2645 3157 partes
2670 3066 2824 3158 'plu-

587 3190 768 3255 rimis
799 3188 1002 3254 Saerae
1052 3187 1580 3271 congregationis
1628 3188 1895 3255 Concilii
1956 3186 2503 3255 declarationibus
2526 3188 2813 3255 firmare.

591 3307 764 3388 Quas
795 3305 848 3371 si
879 3324 915 3372 a
946 3298 1135 3370 nobis
1170 3302 1537 3392 (brevitatis
1572 3304 1751 3389 ergo)
1783 3306 2244 3389 praetermissas
2285 3302 2637 3383 desidereS,
2669 3302 2823 3371 vide

592 3420 895 3487 Zamboni
931 3420 998 3485 in
1035 3414 1243 3485 verbo
1273 3421 1581 3483 Parochus
1613 3418 1821 3504 (parte
1859 3423 1917 3496 1,
1958 3425 1990 3497 s
2025 3422 2085 3495 5,
2121 3427 2189 3484 ct
2224 3428 2411 3504 parte
2432 3423 2496 3497 3,
2532 3418 2680 3504 53).

681 3537 1080 3602 Pnoposmo
1122 3534 1233 3600 11⁸.
1298 3571 1390 3582 —
1460 3538 1765 3598 Remansit
1813 3536 2109 3614 proedicta
2147 3542 2491 3598 curatorum
2535 3536 2827 3616 obliqatio

592 3620 788 3733 quoad
814 3653 995 3730 festa,
1035 3668 1147 3730 per
1181 3650 1490 3713 indultum
1534 3653 1575 3716 9
1619 3652 1840 3728 aprilis
1890 3652 2057 3716 1802
2096 3656 2161 3713 in
2199 3654 2320 3713 tolo
2348 3653 2669 3731 qallieanoe
2707 3657 2829 3714 rei-

591 3768 847 3847 publicae
901 3770 1207 3829 territorio
1255 3746 1608 3846 suppressa.
1670 3803 1759 3813 —
1809 3764 2076 3830 Constat
2133 3784 2212 3831 ex
2263 3766 2556 3851 plurimis
2614 3766 2825 3832 Saerae

592 3881 1121 3965 Congregationis
1166 3880 1432 3946 Concilii
1484 3878 2057 3958 declarationihuS,
2100 3900 2260 3967 quas
2306 3879 2621 3946 indicatas
2671 3880 2816 3947 vide

592 3998 659 4062 in
696 3997 934 4063 eximio
981 4015 1185 4081 opere
1234 4002 1518 4062 Nouveau
1572 3998 1756 4059 traite
1797 3998 1902 4059 des
1951 4002 2145 4060 saints
2194 4000 2510 4079 Hystanes,
2554 4005 2823 4064 auctore

585 4108 1013 4179 ‘Richaudeau
1072 4112 1465 4197 presbytero
1522 4112 1775 4198 (pagina
1827 4112 1980 4188 361,
2035 4110 2192 4178 edit.
2265 4111 2525 4178 Parisiis
2598 4112 2817 4197 1853).

593 4230 804 4295 Unam
856 4228 1199 4295 dumtaxat
1242 4247 1279 4294 e
1327 4228 1808 4294 recentioribus
1850 4226 2234 4293 referemus
2271 4230 2319 4293 Α
2357 4226 2618 4293 domino
2660 4230 2827 4294 Ver-

591 4338 872 4421 hoeven,
905 4345 974 4409 in
999 4330 1426 4409 universitate
1461 4344 1844 4408 Lovaniensi
1870 4343 2036 4428 juris
2081 4345 2245 4408 sacri
2288 4343 2676 4427 professore,
2722 4344 2828 4407 Sa-

593 4477 718 4524 crae
739 4452 1236 4543 congregationi
1260 4456 1522 4525 concilii
1555 4456 1888 4542 proposito
1912 4454 2119 4525 dubio
2149 4480 2161 4522 :
2204 4462 2267 4522 1ο
2300 4460 2393 4523 An
2421 4458 2675 4540 parochi
2718 4458 2827 4520 de-
