3146 4973
1282 343 1441 392 mas
1484 343 1802 393 secunus.
2524 330 2648 394 277

426 489 530 533 seu
563 470 861 548 fructibus
887 474 1173 550 antiquae,
1217 471 1551 533 curandum
1582 475 1671 532 est
1702 475 1772 531 ut
1799 473 2016 531 rectori
2049 474 2313 550 antiques
2347 478 2654 535 remaneat

426 588 776 646 conveniens
821 589 1204 647 sustentatio,
1232 619 1322 633 --
1351 583 1694 667 Colligitur
1741 602 1823 648 ex
1874 590 2060 648 textu
2115 584 2257 667 ipso
2303 582 2652 651 decretalis

426 701 522 763 Ad
546 700 917 763 audientiam
955 697 1042 783 (3,
1094 699 1273 764 tituli
1297 700 1406 778 48,
1438 698 1596 765 libri
1627 701 1664 764 3
1700 697 2187 784 decretalium);
2219 698 2335 766 ubi
2359 700 2652 783 pontifex

426 830 609 878 novae
657 812 975 897 parochiae
1038 814 1438 880 erectionem
1490 834 1622 881 non
1667 813 1991 894 decernit,
2027 815 2150 879 nisi
2188 813 2255 879 in
2302 813 2652 898 hypothesi

426 927 602 1012 quod
646 928 967 1012 parochus
1014 930 1315 1015 antiquae,
1370 928 1542 994 facta
1595 927 2196 1007 dismembratione‚
2238 935 2652 994 convenienter

428 1046 624 1108 valeat
649 1051 1142 1109 sustentationem
1193 1047 1429 1108 habere.
1465 1042 1655 1110 Unde
1703 1044 2066 1110 Leurenius
2117 1045 2289 1110 inter
2335 1045 2649 1130 requisita

426 1160 703 1244 reponit,
741 1183 774 1222 ιι
796 1167 871 1226 ut
914 1166 1139 1225 curato
1168 1160 1402 1243 prioris
1446 1160 1834 1244 parochialis
1862 1167 2325 1243 compensetur
2356 1158 2427 1225 id
2472 1158 2649 1244 quod

431 1298 465 1337 «
496 1275 586 1340 illi
609 1274 1002 1353 detrahitur,
1045 1282 1116 1341 ut
1137 1273 1477 1340 commode
1503 1275 1718 1341 valeat
1748 1276 1815 1339 in
1853 1276 2061 1359 prima
2092 1275 2367 1341 ecclesia
2401 1274 2647 1340 habere

428 1414 464 1453 «
502 1391 1060 1469 sustentationem,
1079 1390 1267 1476 juxta
1305 1399 1503 1475 eaput
1528 1395 1626 1456 Act
1654 1395 2051 1457 audientiam.
2082 1415 2114 1454 z>
2160 1391 2406 1478 (Forum
2436 1392 2647 1469 benefi-

420 1511 592 1587 ciate,
623 1514 810 1591 parte
857 1510 914 1585 1,
953 1526 1018 1591 q.
1063 1510 1210 1586 157,
1240 1528 1308 1572 n.
1347 1506 1439 1591 5.)

505 1625 924 1702 REQmsl'ruM
969 1623 1146 1688 VIII.
1172 1661 1263 1672 —
1289 1629 1566 1688 Matr-icis
1599 1627 1854 1688 ecclesiae
1891 1630 2110 1687 rectori
2149 1630 2448 1688 reservari
2476 1626 2648 1688 debet

402 1744 512 1821 jus
524 1745 891 1820 patronatus
921 1743 989 1800 in
1022 1743 1258 1801 noviter
1287 1745 1568 1818 erectam,
1595 1743 1652 1801 si
1681 1740 1803 1801 Itoec
1830 1759 1909 1800 ex
1937 1742 2192 1802 alterius
2222 1741 2518 1802 reditibus
2545 1741 2646 1802 do-

420 1860 552 1917 tata
585 1856 732 1933 fuit.
765 1889 856 1900 -
889 1875 922 1914 ιι
955 1852 1021 1916 Si
1045 1870 1217 1917 nova
1256 1852 1533 1917 ecclesia
1566 1852 1768 1918 fuerit
1799 1851 2025 1919 dotata
2070 1873 2149 1919 ex
2199 1852 2522 1919 reditibus
2564 1852 2649 1919 ad

422 1990 456 2030 ιι
490 1967 826 2033 matricem
854 1965 1201 2032 ecclesiam
1232 1966 1741 2048 pertinentibus,
1779 1968 2043 2050 planum
2081 1966 2338 2051 eritius
2365 1986 2654 2051 praesen-

424 2106 457 2145 «
488 2082 671 2148 tandi
699 2079 1114 2148 sacerdotem
1165 2082 1497 2164 pertinere
1536 2078 1623 2145 ad
1657 2088 1977 2146 rectorem
2010 2082 2296 2147 matricis
2327 2081 2640 2160 ecclesiae,

423 2219 457 2259 ιι
494 2206 568 2263 ut
607 2196 844 2281 prohat
896 2196 1034 2262 haec
1071 2197 1297 2262 littera
1342 2196 1604 2282 (nempe
1642 2195 1991 2263 decretalis
2032 2201 2130 2261 Ad
2158 2201 2532 2261 audientiam
2573 2200 2638 2276 3,

426 2336 452 2372 ιι
483 2317 557 2377 de
603 2315 830 2377 Eccles.
878 2309 1077 2395 oedif.)
1110 2311 1202 2376 ibi
1236 2332 1252 2377 z
1283 2314 1367 2375 acl
1386 2318 1912 2393 proesentationem
1939 2319 2188 2377 rectoris
2231 2315 2484 2376 ecclesiae
2517 2334 2649 2377 ma-

421 2451 455 2492 ιι
470 2436 703 2514 jor-is.»
732 2428 1109 2515 (Fagnanus,
1132 2428 1199 2492 in
1226 2434 1425 2512 caput
1439 2431 1535 2493 Ad
1555 2431 1930 2494 audientiam
1946 2432 2012 2510 3,
2036 2432 2110 2493 de
2137 2433 2359 2494 Eccles.
2387 2430 2638 2508 oedifie„

415 2567 480 2612 n.
523 2543 662 2629 35.)
696 2543 885 2611 Unde
918 2552 1077 2610 tunc
1126 2544 1383 2628 quoties
1440 2542 1871 2608 nominandus
1922 2545 2051 2610 erit
2099 2564 2284 2609 novoe
2321 2544 2640 2627 parochiae

412 2659 755 2744 parochuS,
803 2658 911 2743 jus
952 2658 1220 2724 habebit
1270 2658 1598 2741 parochus
1641 2658 1918 2743 antiquae
1961 2659 2281 2743 parochiae
2312 2659 2490 2724 illum
2524 2660 2642 2723 eli-

410 2773 609 2859 gendi
655 2781 726 2840 et
772 2771 1242 2857 praesentandi3
1290 2779 1363 2839 et
1415 2772 1690 2838 debebit
1736 2775 2095 2859 Episcopus
2138 2775 2345 2852 illum,
2393 2781 2465 2840 et
2510 2792 2640 2839 non

410 2889 605 2955 alium
633 2886 1007 2973 proeficere3
1054 2888 1175 2953 nisi
1222 2887 1395 2954 forte
1439 2906 1590 2953 eum
1633 2906 1764 2952 non
1802 2889 2091 2973 reperiat
2125 2887 2456 2984 idoneum,
2506 2907 2636 2972 quo

415 3024 569 3071 casu
617 3010 836 3070 rector
874 3003 1153 3088 antiquae
1195 3001 1516 3085 parochiae
1561 3002 1852 3068 alterum
1899 3011 2295 3087 praesentare
2333 3002 2626 3068 debebit.

500 3119 791 3185 Diximus
827 3124 1069 3194 autem,
1100 3122 1158 3180 si
1192 3122 1446 3198 antiqua
1472 3118 1759 3198 parochia
1800 3137 1880 3180 ex
1928 3120 2223 3181 reditibus
2262 3124 2388 3181 suis
2417 3137 2633 3181 novam

408 3238 665 3299 dotavit.
705 3231 799 3297 An
846 3249 1006 3297 vero
1036 3229 1143 3315 jus
1168 3230 1332 3296 illud
1383 3236 1769 3312 patronatus
1797 3231 2093 3315 acquirat
2121 3230 2399 3314 antiquae
2438 3250 2630 3314 paro-

407 3349 564 3415 chiae
590 3353 832 3425 rector,
874 3344 1129 3412 etiamsi
1166 3345 1433 3431 antiqua
1463 3344 1768 3428 parochia
1811 3344 1969 3411 nihil
1998 3345 2347 3411 contulerit
2391 3344 2473 3411 ad
2525 3345 2633 3411 do-

402 3464 667 3532 tandam
685 3480 940 3541 novam,
965 3462 1119 3528 olim
1144 3460 1546 3544 disputatum
1567 3461 1716 3526 fuit.
1744 3460 1858 3526 Ast
1873 3459 2265 3546 jamdudum
2283 3461 2630 3544 praevaluit

400 3581 702 3665 negativa
727 3577 1070 3655 sententia,
1113 3593 1309 3662 quam
1338 3583 1407 3643 et
1446 3575 1734 3643 firmavit
1773 3577 1965 3642 Sacra
1999 3577 2426 3661 congregatio
2465 3576 2626 3642 Con·

398 3697 555 3792 αᾈῇ,
593 3701 790 3779 prout
807 3700 1088 3759 testatur
1119 3694 1456 3777 Fagnanus
1477 3693 1575 3758 his
1599 3693 1816 3758 verbis
1851 3716 1865 3759 :
1908 3717 1938 3755 «
1970 3694 2166 3759 Sacra
2190 3695 2619 3778 congregatio

408 3839 439 3874 ιι
481 3812 745 3881 Concilii
792 3810 1154 3877 declaravit
1203 3811 1543 3875 matricem
1591 3809 1926 3875 ecclesiam
1968 3828 2102 3875 non
2144 3811 2481 3895 acquirere
2515 3809 2624 3895 jus

407 3953 439 3989 «
474 3933 858 4011 patronatus
893 3926 958 3990 in
996 3924 1273 3990 ecclesia
1309 3922 1585 4014 fundata
1623 3924 1791 3989 intra
1825 3923 1990 3989 fines
2025 3942 2194 4002 suOS,
2223 3925 2345 3988 nisi
2382 3923 2468 3990 de
2501 3944 2620 3990 suo

404 4066 437 4103 ιι
478 4039 723 4127 aliquid
772 4040 1145 4118 contulerit,
1209 4057 1339 4103 non
1389 4038 1691 4105 obstante
1732 4037 1913 4123 quod
1959 4038 2316 4104 oblationes
2374 4038 2614 4105 futurae

407 4182 440 4218 ιι
481 4155 784 4222 dicantur
827 4173 969 4222 esse
1016 4154 1163 4221 loco
1207 4152 1380 4219 dotis
1401 4175 1434 4214 i>
1471 4153 1557 4240 (in
1603 4160 1801 4237 caput
1844 4156 1940 4218 Ad
1987 4157 2365 4218 audientiam
2417 4157 2483 4234 3,
2539 4158 2616 4219 cte

406 4274 686 4337 Ecclesiis
701 4274 869 4351 oedif.
884 4289 977 4346 ,n.
999 4268 1136 4353 39).
1161 4270 1442 4337 Notetur
1467 4277 1712 4348 autem,
1731 4276 1977 4353 praeter
1999 4272 2275 4355 antiquoe
2298 4270 2618 4353 parochiae

398 4394 723 4456 rectorem
742 4432 759 4464 ,
809 4404 998 4470 posse
1042 4386 1234 4451 simul
1273 4385 1431 4452 alios
1469 4403 1612 4452 esse
1661 4389 1973 4469 patronos
2022 4403 2204 4452 novae
2259 4385 2616 4470 parochioe;
