3146 4973
565 365 687 427 ⁴0⁴
1244 377 1620 426 ‘raac‘m‘rus
1669 377 1756 425 nr.
1801 374 2127 422 ranocno.

562 503 744 571 videt
774 507 965 589 q'uam
994 499 1277 587 practica
1299 503 1384 568 sit
1408 509 1711 585 suscepta
1741 497 2149 583 disceptatio,
2177 503 2374 581 atque
2407 494 2574 562 adeo
2593 511 2790 579 quam

559 620 909 704 diligenter
937 618 1289 685 devitanda
1317 620 1399 684 sit
1431 617 1550 684 bac
1589 619 1656 682 in
1699 635 1775 683 re
1807 614 2120 701 quoelibet
2142 633 2181 679 a
2219 620 2425 689 recta,
2477 618 2546 676 et
2585 628 2623 675 a
2651 628 2797 694 pro-

560 735 727 801 batis
754 735 1126 802 auctoribus
1155 735 1586 803 communiter
1622 740 1887 816 recepta
1918 730 2238 806 doctrina,
2277 725 2634 793 aberratio.

1621 1000 1754 1075 51.

660 1223 899 1272 Nonnulla²
925 1223 1268 1286 praemittuntur
1297 1221 1510 1269 notiones
1553 1219 1613 1268 de
1653 1219 1894 1268 beneficiis
1921 1219 2236 1280 manualibus,
2268 1235 2294 1270 a
2323 1219 2497 1283 quibu«
2531 1229 2695 1278 nempe

1154 1316 1409 1365 beneficiati
1436 1321 1636 1377 possunt
1663 1314 1722 1363 ad
1754 1321 1918 1365 nutum
1944 1316 2192 1365 removeri.

655 1547 716 1610 1⁰
748 1549 940 1612 Posse
976 1546 1119 1612 dari
1153 1545 1469 1611 beneficia
1504 1549 1841 1623 manualia,
1903 1561 2045 1629 qnoe
2100 1544 2348 1608 scilicet
2398 1560 2527 1606 non
2571 1539 2790 1606 confe-

557 1669 787 1727 rantur
826 1663 895 1725 in
945 1666 1361 1745 perpetuum,
1424 1659 1542 1727 sed
1579 1659 1665 1725 ad
1696 1669 1952 1736 nutum,
2002 1667 2104 1724 est
2130 1658 2447 1724 unanimis
2490 1664 2560 1721 et
2608 1662 2789 1719 certa

556 1775 903 1841 doctorum
934 1776 1289 1859 sententia3
1349 1777 1645 1859 quamvis
1684 1776 2093 1860 aliquatenus
2131 1773 2509 1855 disputetur
2541 1789 2694 1836 num
2727 1771 2790 1833 in

556 1896 770 1954 stt-icto
789 1910 963 1954 semu
991 1889 1303 1956 beneficia
1331 1890 1460 1955 sint
1501 1898 1572 1956 et
1607 1892 1823 1957 vocari
1867 1894 2132 1975 queant.
2186 1888 2530 1953 Notionem
2570 1893 2795 1951 autem

557 2003 641 2069 de
694 2002 1062 2089 hujusmodi
1134 2004 1535 2072 manualibus
1602 2003 1939 2070 beneficiis
2006 1999 2208 2069 tradit
2280 2002 2603 2068 Gonzalez
2672 2000 2792 2065 boc

565 2118 764 2187 modo
795 2143 810 2185 ε

653 2261 685 2298 α
721 2238 1119 2304 Beneficium
1152 2237 1452 2304 manuale
1495 2244 1600 2304 est
1629 2236 1796 2303 illud
1840 2235 2020 2322 quod
2056 2253 2186 2301 non
2226 2235 2572 2301 confertur
2606 2233 2797 2299 alicui

565 2377 597 2412 α
632 2355 697 2416 in
722 2360 1138 2437 perpetuum,
1176 2351 1294 2418 sed
1324 2351 1409 2417 ad
1435 2360 1668 2418 nutum
1692 2352 2093 2419 conferentis
2120 2351 2227 2416 vel
2257 2350 2553 2428 alterius,
2593 2349 2684 2413 ita
2719 2355 2794 2413 ut

567 2497 592 2525 n
629 2483 751 2552 pro
781 2464 968 2532 libito
998 2467 1172 2534 illius
1206 2466 1496 2533 amoveri
1530 2463 1737 2550 possit
1772 2463 2314 2552 quandocumque
2341 2472 2413 2531 et
2439 2461 2795 2551 quomodo-

564 2607 598 2647 «
635 2601 915 2669 cumque
957 2583 1259 2649 voluerit.
1290 2606 1323 2643 n
1368 2582 1742 2667 (Gronzalez‚
1793 2583 1858 2646 in
1912 2583 2204 2666 regulam
2256 2587 2295 2648 8
2350 2581 2787 2657 cancellatim.

560 2702 774 2785 glossa
806 2704 867 2778 5,
905 2705 936 2778 5
966 2702 1033 2776 6,
1068 2720 1134 2764 n.
1173 2698 1267 2783 2.)

656 2839 689 2876 a
721 2814 984 2898 Talique
1010 2813 1202 2879 modo
1222 2822 1492 2898 possunt
1515 2815 1602 2881 ad
1622 2815 1879 2881 libitum
1910 2816 2219 2894 amoveri,
2255 2814 2431 2901 quod
2457 2833 2589 2880 non
2618 2815 2796 2880 valet

568 2955 601 2991 a
635 2938 897 3014 pactum
930 2930 1173 2996 factum
1215 2930 1301 2996 ab
1353 2930 1602 2996 Abbate
1648 2931 1734 2997 de
1772 2933 2134 3016 contrario;
2173 2939 2241 2998 et
2280 2952 2360 2999 eo
2398 2930 2635 3018 (pacto)
2667 2950 2795 2996 non

569 3070 601 3107 α
641 3045 962 3125 obstante,
994 3048 1286 3132 quamvis
1332 3047 1795 3113 intervenisset
1845 3046 2310 3131 juramentum,
2357 3054 2575 3131 posset
2620 3064 2798 3111 amo·

570 3188 603 3226 κ
642 3183 819 3232 vere.
867 3188 901 3227 ι»
937 3163 1162 3252 (Ibid.,
1189 3183 1257 3232 n.
1284 3163 1378 3249 3.)

661 3305 693 3341 α
728 3283 809 3345 Et
845 3281 1061 3345 omnia
1092 3279 1407 3346 beneficia
1439 3282 1764 3365 regularia
1793 3289 2277 3365 proesumuntur
2301 3280 2386 3347 de
2418 3300 2532 3349 sua
2565 3288 2797 3346 natura

573 3421 605 3458 a
650 3397 986 3462 manualia.
1025 3418 1058 3456 n
1096 3393 1318 3482 (lbid.,
1356 3415 1420 3460 n.
1466 3395 1561 3479 6.)

665 3536 696 3572 α
730 3513 928 3577 Secus
952 3518 1172 3575 tamen
1199 3517 1302 3576 est
1329 3511 1397 3575 in
1426 3510 1759 3577 beneficiis
1781 3512 2228 3580 saecularibus:
2267 3531 2414 3578 nam
2448 3516 2792 3597 perpetua,

576 3650 608 3686 «
649 3634 719 3690 et
747 3644 876 3692 non
906 3625 1247 3704 manualia,
1285 3633 1790 3707 praesumuntur.
1833 3648 1864 3686 »
1905 3626 2125 3713 (Ibid.,
2154 3646 2219 3691 n.
2255 3632 2349 3710 7.)

664 3764 695 3801 «
738 3737 1076 3806 Interdum
1123 3746 1338 3807 tamen
1393 3739 1718 3823 regularia
1765 3749 1918 3808 suut
1963 3749 2307 3826 perpetua,
2360 3749 2429 3806 et
2468 3740 2796 3807 saecularia

577 3878 610 3916 α
638 3862 789 3919 sunt
839 3855 1194 3938 manualia3
1243 3856 1415 3939 quia,
1464 3853 1570 3920 vel
1607 3853 2013 3936 fundatione,
2069 3858 2173 3922 vel
2221 3862 2468 3943 statuto
2503 3855 2586 3922 ab
2636 3856 2800 3938 Apo·

574 3992 609 4031 a
641 3971 866 4037 stolica
914 3968 1082 4036 Sede
1127 3970 1528 4049 confirmato,
1580 3971 1674 4035 ita
1718 3972 2032 4037 sancitum
2070 3974 2176 4038 sit.
2223 3996 2254 4031 n
2317 3968 2539 4057 (Ibid.‚
2581 3989 2648 4034 n.
2701 3972 2796 4051 8.)

578 4083 738 4151 Vide
767 4086 983 4163 etiam,
1025 4083 1241 4170 quoad
1290 4086 1620 4151 notionem
1657 4085 1742 4152 de
1795 4085 2130 4153 beneflciis
2167 4084 2596 4159 manualibus,
2631 4084 2797 4149 Ana-

573 4200 813 4266 cletum
846 4198 1270 4265 Reiffenstuel
1307 4200 1393 4285 (in
1424 4202 1527 4266 tit.
1570 4202 1632 4278 5,
1661 4199 1813 4266 libri
1845 4204 1882 4266 3
1917 4200 2204 4278 decret..
2240 4222 2304 4267 n.
2344 4198 2476 4284 43).

662 4319 730 4382 2·
765 4317 961 4380 Posse
1006 4312 1148 4379 dari
1186 4314 1498 4398 parochos
1532 4314 1620 4381 ad
1659 4325 1891 4382 nutum
1939 4317 2338 4395 amovibiles‚
2372 4337 2487 4383 seu
2518 4334 2797 4402 quorum

572 4431 930 4517 parochiale
974 4430 1363 4506 beneficium
1409 4432 1708 4499 manuale
1745 4436 1858 4513 sit,
1899 4435 2315 4519 probavimus
2359 4437 2568 4523 (parte
2612 4439 2670 4513 1,
2703 4454 2799 4499 se·
