3146 4973
579 347 699 412 104
1248 363 1625 413 mern-us
1667 364 1757 412 ns
1800 362 2126 412 panocno.

567 489 763 566 soluS,
789 488 926 553 sive
949 485 1258 573 adjuncto
1279 488 1402 555 sihi
1425 490 1696 556 concilio
1721 489 2123 556 oecumenico
2142 484 2538 572 procedens;
2566 493 2792 569 utpote

570 605 706 681 cui,
758 622 842 669 ex
885 601 1103 668 divina
1151 604 1289 687 ipsa
1332 605 1780 683 institutione,
1835 603 2151 687 competit
2191 608 2398 668 totam
2446 601 2793 667 Ecclesiam

570 716 875 802 pascendi
895 716 1176 801 ‘regendi
1204 724 1399 804 atque
1432 718 1843 802 gubernandi
1870 719 2063 804 plena
2094 724 2403 801 potestas.
2431 717 2592 781 Post
2615 716 2795 780 Sum-

568 851 744 898 mum
775 832 1159 900 Pontificem
1175 880 1192 912 ‚
1236 841 1305 900 et
1342 836 1647 918 generale
1684 828 2022 901 concilium
2038 881 2054 911 ,
2103 832 2317 898 altiori
2354 830 2795 897 demissiorive

565 949 708 1014 loco
757 954 932 1013 stant
972 951 1195 1014 caeteri
1240 969 1497 1027 omneS‚
1543 955 1742 1033 prout
1787 951 1880 1017 eis
1938 947 2147 1034 major
2192 948 2486 1013 minorve
2539 943 2799 1032 jurisdi-

565 1064 797 1129 ctionis
833 1072 1145 1148 potestaS‚
1179 1067 1315 1131 sive
1359 1087 1397 1131 a
1438 1066 1692 1132 Christo
1736 1067 1899 1149 ipso,
1929 1067 2067 1132 sive
2107 1083 2190 1131 ex
2227 1063 2664 1130 ecclesiastica
2700 1080 2799 1127 or-

566 1177 916 1258 dinatione,
954 1198 1257 1247 concessa
1295 1188 1417 1246 est.

654 1296 754 1359 De
800 1296 1132 1379 Episcopis
1190 1297 1459 1382 quaestio
1507 1297 1756 1362 institui
1804 1295 1974 1363 solet
2016 1304 2241 1360 utrum
2282 1293 2798 1380 jurisdictionem

566 1410 848 1501 habeant
876 1429 960 1475 ex
989 1412 1391 1477 institutione
1427 1410 1679 1489 divina,
1715 1432 1799 1477 an
1830 1429 1990 1477 vero
2029 1410 2374 1477 dumtaxat
2416 1430 2505 1476 ex
2542 1428 2802 1475 conces-

566 1528 742 1592 sione
788 1526 1058 1592 Romani
1097 1527 1452 1594 PontificiS.
1496 1527 1625 1593 Ubi
1671 1525 2127 1611 distinguenda
2174 1527 2437 1591 omnino
2480 1533 2581 1591 est
2621 1532 2801 1591 certa

564 1637 864 1726 quaedam
910 1639 1276 1726 jurisdictio
1324 1660 1518 1726 quam
1577 1641 1776 1708 habet
1824 1641 2100 1726 quilibet
2151 1641 2514 1725 Episcopus
2561 1640 2630 1705 in
2665 1641 2805 1705 uui-

567 1756 887 1822 versalem
924 1756 1301 1834 Ecclesiam,
1337 1757 1420 1822 ab
1461 1757 1581 1824 alia
1621 1775 1816 1843 quam
1860 1755 2104 1822 habere
2146 1763 2363 1839 potest
2396 1756 2462 1819 in
2500 1754 2806 1822 determi-

565 1878 779 1937 natam
815 1870 1094 1957 aliquam
1126 1871 1480 1939 dioecesim.

654 1985 950 2065 Quilibet
991 2005 1230 2070 nempe
1274 1988 1629 2071 Episcopus
1648 2035 1665 2065 ‚
1704 1986 1812 2071 ius
1847 1986 2047 2053 habet
2097 1985 2374 2055 sedendi
2420 1987 2486 2050 iu
2540 1988 2809 2053 concilio

567 2102 1001 2179 oecumenieo‚
1052 2108 1122 2167 et
1153 2102 1243 2167 ibi
1263 2149 1280 2178 ‚
1327 2102 1520 2167 simul
1563 2121 1711 2167 cum
1762 2119 2038 2184 corpore
2079 2103 2549 2185 Episcoporum
2594 2111 2664 2167 et
2691 2104 2810 2168 Ec-

566 2217 771 2282 clesiae
818 2218 1064 2301 capite,
1113 2214 1453 2301 judicandi
1498 2224 1567 2283 et
1604 2215 2006 2283 decernendi
2053 2216 2140 2283 de
2183 2214 2317 2282 fide
2353 2223 2423 2281 et
2456 2216 2807 2282 universali

563 2329 919 2415 disciplina.
958 2333 1043 2397 Et
1073 2333 1369 2416 quamvis
1406 2333 1705 2417 Episcopi
1752 2340 2037 2414 tanquam
2064 2336 2293 2415 sinmali
2310 2382 2331 2412 ‚
2366 2332 2610 2398 nullam
2634 2331 2805 2418 ejus-

565 2443 742 2511 modi
788 2446 1217 2512 universalem
1260 2445 1779 2531 jurisdictionem
1820 2446 2138 2528 habeant,
2191 2466 2337 2514 eam
2375 2453 2595 2514 tamen
2645 2466 2800 2513 vere

561 2561 805 2627 habent
836 2569 1159 2647 quatenus
1188 2582 1400 2645 corpus
1428 2561 1841 2630 efformantes
1863 2571 2105 2627 unitum
2129 2569 2342 2645 capiti.
2373 2565 2585 2630 Porro
2612 2563 2802 2649 juris·

439 2756 444 2761 .
564 2675 764 2741 dictio
793 2676 964 2755 hmo,
999 2696 1129 2743 nou
1164 2677 1497 2756 humanae,
1532 2676 1654 2744 sed
1700 2677 1935 2743 divinae
1977 2677 2403 2744 institutionis
2430 2686 2569 2763 est3
2605 2696 2800 2763 quam

565 2810 801 2876 nempe
837 2791 1128 2858 Christus
1157 2794 1296 2877 ipse
1325 2793 1676 2878 episcopali
1713 2794 2182 2860 consecrationi
2212 2793 2537 2877 alligatam
2565 2794 2792 2859 voluit.

565 2909 646 2972 Et
672 2908 793 2973 hoc
821 2926 1016 2974 sensu
1043 2916 1293 2975 certum
1325 2917 1446 2988 est,
1475 2928 1607 2974 non
1634 2910 1717 2975 ab
1747 2908 1961 2995 aliqua
1988 2908 2272 2975 humana
2298 2914 2651 2993 potestate,
2681 2907 2798 2973 sed

562 3045 602 3091 a
629 3024 874 3108 Spiritu
902 3024 1135 3088 Sancto
1155 3030 1388 3104 positos
1423 3028 1477 3087 Ε
1468 3031 1749 3106 piscopos
1777 3044 1978 3106 rcqerc
2008 3026 2337 3088 Ecclesiam
2367 3027 2503 3087 Dei.

650 3138 1069 3204 Particularia
1120 3145 1341 3205 autem
1399 3119 1766 3223 jurisdictio
1820 3140 1888 3202 in
1942 3139 2223 3223 aliquam
2277 3137 2613 3204 dioecesim
2638 3185 2655 3218 ,
2717 3157 2798 3202 au

563 3255 878 3338 Episcopo
909 3253 1253 3319 derivetur
1294 3253 1668 3321 immediate
1714 3273 1753 3318 a
1796 3252 2072 3332 Christo,
2122 3272 2206 3318 an
2249 3271 2409 3320 vero
2440 3272 2477 3318 a
2510 3253 2797 3319 Romano

561 3368 900 3448 Pontifice,
926 3377 1026 3434 est
1045 3369 1315 3454 quaestio
1339 3369 1750 3453 aliquatenus
1772 3367 2122 3451 disputata,
2148 3387 2343 3454 quam
2363 3367 2467 3434 hic
2487 3369 2797 3435 intactam

560 3485 1006 3572 relinquimus.
1052 3484 1376 3549 Permissa
1427 3490 1650 3548 autem
1699 3490 1979 3568 utraque
2028 3484 2360 3567 opinione,
2418 3482 2636 3550 adhuc
2676 3484 2797 3548 hoc

561 3617 753 3666 sensu
782 3599 1015 3666 divinae
1043 3599 1460 3664 institutionis
1484 3596 1615 3665 dici
1642 3606 1862 3682 posset
1889 3598 2300 3682 particularis
2328 3599 2796 3684 Episcoporum

559 3717 625 3780 in
656 3714 942 3799 singulas
981 3732 1127 3779 suas
1156 3712 1471 3780 dioeceses
1512 3712 1905 3800 jurisdictio,
1957 3713 2137 3800 quod
2178 3714 2469 3779 Christus
2497 3715 2638 3798 ipse
2670 3722 2796 3779 sta·

558 3831 765 3897 tuerit
790 3838 865 3896 ut
891 3828 977 3895 ad
1002 3829 1462 3915 gubernandas
1487 3831 1772 3914 singulas
1799 3830 2113 3898 dioeceses
2142 3830 2469 3897 Romanus
2495 3829 2797 3895 Pontifex

558 3946 836 4013 deberet
867 3949 1233 4028 rcyularitcr
1263 3947 1615 4031 Episcopos
1644 3944 1994 4029 deputare.

647 4063 811 4129 Hinc
830 4112 847 4142 ‚
901 4070 1153 4128 attenta
1188 4062 1548 4128 hierarchia
1597 4060 2065 4146 jurisdictionis
2101 4060 2412 4126 divinitus
2460 4060 2753 4126 instituta
2772 4107 2788 4136 ‚

557 4175 912 4244 dicendum
976 4178 1328 4260 Episcopos
1391 4194 1716 4260 occupare
1785 4180 2107 4241 sectandum
2176 4174 2370 4261 hujus
2423 4173 2791 4242 hierarchiae

554 4290 854 4378 gradum.
882 4292 1041 4356 Nam
1058 4289 1545 4375 jurisdictiones
1568 4290 1974 4358 intermedias
1996 4309 2140 4376 quae
2165 4296 2521 4358 occurrunt
2546 4291 2791 4372 Papam

556 4407 725 4472 inter
763 4412 832 4469 et
870 4422 1086 4469 meros
1136 4404 1484 4488 Episcopos
1523 4405 1776 4491 (quales
1828 4414 1980 4472 sunt
2023 4406 2389 4492 jurisdictio
2442 4421 2798 4490 congrega-
