3146 4973
1190 353 1346 400 rans
1398 354 1684 414 quanm.
2433 341 2556 404 ⁴63

324 482 722 549 necessitatis
773 453 857 544 ab
912 477 1374 543 innocentiana
1427 475 1743 542 decretali
1795 487 2105 563 excepto,
2169 483 2257 546 sic
2325 483 2562 565 probat

322 596 720 663 Benedictus
770 594 919 659 xlv
980 593 1076 678 (cle
1120 597 1320 655 Μίδεω
1362 592 1683 670 sacrificio,
1723 592 1770 656 l.
1805 595 1869 668 3,
1903 611 1962 656 c.
2005 596 2065 669 5,
2103 613 2171 658 n.
2207 593 2274 678 3)
2310 619 2323 660 :
2386 621 2416 656 ι
2477 598 2566 661 Ut

330 738 360 774 α
395 719 618 779 autem
666 709 753 776 ad
801 710 957 774 alios
1003 706 1351 773 redeamus
1396 726 1613 784 casus,
1666 708 1730 772 in
1779 707 2017 792 quibus
2065 717 2340 776 veteres
2378 712 2566 778 theo-

330 853 361 888 α
396 829 527 912 logi
556 826 877 911 putabant
908 843 1093 908 posse
1117 823 1525 891 sacerdotem
1556 824 1778 907 plures
1810 823 2044 890 eodem
2070 823 2177 890 die
2201 827 2424 892 missas
2459 847 2566 893 ee-

331 969 363 1005 «
399 943 678 1019 lebrare,
705 942 980 1027 quilibet
1011 948 1228 1023 potest
1257 939 1625 1022 intelligere
1670 958 1783 1005 eos
1821 939 2196 1006 nullomodo
2241 944 2564 1010 contineri

334 1083 365 1120 α
400 1059 523 1125 snb
552 1064 925 1122 necessitatis
952 1075 1138 1133 voce,
1174 1073 1365 1139 quam
1404 1054 1647 1121 diserte
1676 1056 1983 1138 exprimit
2021 1056 2439 1123 Innocentius
2470 1062 2568 1127 111

336 1202 359 1230 α
399 1176 465 1239 in
498 1173 689 1239 allata
738 1170 1073 1238 decretali.
1114 1169 1448 1256 Ejusmodi
1497 1179 1600 1236 est
1647 1190 1833 1237 casus
1879 1171 2205 1255 hospitum
2238 1180 2308 1239 et
2339 1193 2566 1241 eorum

336 1311 367 1350 α
403 1289 515 1373 qui
542 1288 672 1352 iter
699 1286 977 1367 faciuut3
1011 1290 1206 1368 atque
1237 1282 1466 1348 itidem
1498 1284 1608 1349 ille
1638 1283 1723 1349 de
1750 1286 2044 1368 principe
2082 1296 2197 1352 aut
2221 1290 2556 1374 Episcopo,

334 1427 366 1464 α
402 1404 512 1488 qui
541 1402 650 1468 die
690 1402 859 1467 sesto
889 1402 1142 1465 missam
1176 1419 1305 1464 non
1338 1398 1700 1476 audierint,
1736 1420 1858 1465 uec
1891 1401 2055 1466 alius
2097 1403 2434 1488 quisquam
2467 1425 2565 1470 sa-

341 1543 369 1580 s
405 1518 638 1585 cerdos
681 1518 798 1594 sit,
837 1518 949 1600 qui
985 1516 1186 1599 possit
1223 1516 1475 1580 missam
1523 1514 1861 1581 celebrare
1899 1538 1912 1581 ε
1948 1521 2123 1595 Quod
2168 1525 2326 1582 enim
2361 1526 2565 1584 incon-

338 1659 369 1695 α
403 1642 645 1698 veniens
689 1641 811 1710 cst,
856 1638 913 1694 si
944 1635 1272 1713 Episcopus
1318 1635 1408 1693 vec
1449 1635 1579 1694 alia
1605 1652 1866 1713 persona
1905 1635 2126 1696 nobilis
2168 1641 2412 1700 missam
2447 1658 2565 1701 non

342 1775 372 1809 α
406 1754 643 1829 audiat,
678 1755 821 1830 quia
851 1749 1059 1810 nullus
1087 1750 1259 1811 adest
1294 1750 1590 1825 sacerdus,
1622 1754 1727 1828 qui
1739 1754 1885 1830 jure
1909 1755 2101 1830 possit
2135 1754 2308 1815 illam
2338 1755 2556 1832 dicere,

342 1892 371 1925 ι
411 1867 501 1931 ait
546 1865 782 1930 Suarez
836 1863 923 1949 (in
967 1867 1005 1929 3
1055 1871 1226 1947 part.
1273 1865 1356 1927 D.
1391 1863 1668 1939 Thomae,
1727 1871 1886 1928 tom.
1941 1868 2006 1942 3,
2048 1884 2113 1949 q.
2161 1871 2266 1943 73,
2319 1877 2445 1934 art.
2496 1872 2559 1944 2,

341 2004 373 2042 α
410 1980 577 2063 disp.
612 1983 720 2056 8⁰,
756 1987 920 2044 sect.
956 1977 1048 2061 3).
1084 1977 1419 2062 Ejusmodi
1444 1986 1545 2042 est
1575 1980 1766 2043 etiam
1800 1999 1984 2045 casus
2012 1980 2096 2047 de
2127 1985 2390 2066 nuptiis,
2425 2003 2570 2069 qum

340 2121 370 2157 α
409 2095 659 2162 differri
686 2115 818 2160 non
844 2096 1089 2177 possint
1120 2116 1134 2158 ε
1172 2111 1323 2157 uam
1350 2092 1510 2177 quid
1547 2090 1934 2159 incommodi
1966 2095 2116 2161 inde
2149 2106 2559 2182 sequeretur,

342 2241 371 2272 α
411 2214 494 2286 si,
533 2231 681 2277 cum
711 2212 950 2293 nuptiae
982 2208 1236 2274 differri
1268 2227 1399 2273 non
1430 2209 1711 2291 possint,
1758 2213 2232 2277 matrimonium
2268 2214 2572 2279 condicta

345 2353 374 2388 α
412 2326 521 2393 die
548 2326 1021 2402 celebraretur,
1062 2342 1339 2408 eumque
1373 2343 1503 2388 uon
1534 2332 1707 2389 esset
1734 2327 1848 2409 qui
1879 2329 2136 2392 missam
2167 2328 2563 2408 celebraret,

345 2471 373 2506 α
410 2444 521 2512 die
558 2446 847 2530 proxime
882 2444 1183 2528 sequenti
1225 2441 1614 2507 sacrificium
1655 2441 1881 2519 ficret,
1922 2450 1991 2509 et
2027 2446 2268 2529 nuptioe
2305 2445 2573 2513 benedi-

342 2588 375 2622 «
408 2563 765 2629 cenentur?
794 2563 965 2624 Adde
983 2578 1205 2641 panem
1236 2562 1482 2638 referre,
1517 2560 1674 2639 quod
1700 2561 2028 2639 differatur
2057 2567 2121 2623 in
2143 2563 2300 2624 diem
2331 2582 2572 2645 sequen-

344 2699 377 2734 α
412 2684 529 2740 tam
568 2676 938 2737 benedictio:
965 2676 1117 2737 sunt
1148 2670 1350 2735 verba
1391 2668 1749 2735 cardinalis
1785 2671 1870 2737 de
1899 2673 2098 2755 Lago,
2123 2697 2155 2735 n
2191 2673 2384 2755 Quod
2421 2695 2572 2742 vero

339 2792 576 2858 attinet
611 2788 694 2854 ad
726 2807 944 2853 casum
978 2806 1111 2873 quo
1158 2785 1587 2851 moribundus
1632 2787 1934 2853 viaticum
1985 2790 2183 2872 petit,
2229 2809 2443 2876 neque
2475 2812 2573 2858 sa·-

346 2907 662 2972 cramenti
709 2904 895 2987 copia
941 2911 1074 2979 est,
1130 2921 1253 2967 nec
1281 2900 1589 2966 sacerdos
1633 2903 1806 2967 ullus
1833 2914 2311 2971 sacramentum
2357 2915 2574 2990 potest

344 3021 701 3098 conficere,
736 3020 854 3083 nisi
898 3019 1009 3104 qui
1052 3016 1183 3102 jam
1232 3019 1483 3081 missam
1533 3016 1934 3095 celebravit,
1977 3019 2248 3084 adnotat
2297 3020 2573 3087 Benedi-

344 3146 489 3204 ctus
509 3139 676 3211 ΧΠ,
701 3154 919 3201 casum
948 3134 1283 3217 respicere
1314 3150 1503 3215 posse
1529 3131 1869 3198 dumtaxat
1894 3153 2098 3216 pauca
2125 3135 2237 3199 illa
2263 3141 2575 3219 temporis

342 3261 699 3330 monienta,
755 3271 897 3336 quoe
931 3252 1445 3316 communionem
1478 3250 1651 3315 inter
1693 3257 1763 3314 et
1807 3251 2208 3315 ablutionem
2241 3251 2576 3318 celebrau-

344 3371 432 3435 tis
464 3369 878 3449 interfluunt3
916 3368 971 3432 si
1002 3385 1241 3450 nempe
1276 3366 1397 3433 hoc
1434 3366 1784 3431 intervallo
1832 3367 2076 3432 certior
2110 3367 2226 3431 fiat
2273 3368 2577 3434 saceidos

347 3485 431 3552 de
453 3487 687 3551 viatico
715 3482 1101 3549 deferendo.
1146 3484 1306 3547 Nam
1350 3483 1404 3547 si
1429 3489 1582 3547 ante
1623 3483 2175 3547 consecrationem
2206 3482 2275 3548 id
2303 3485 2569 3559 resciat,

348 3602 727 3685 particulam
760 3598 1164 3665 consecrabit
1201 3620 1214 3661 :
1256 3599 1309 3663 si
1346 3606 1493 3681 post
1532 3599 2078 3663 consecrationem
2121 3607 2190 3665 et
2218 3604 2370 3665 ante
2403 3618 2578 3664 eom-

350 3715 754 3792 mnnionem,
797 3735 835 3780 e
878 3732 1110 3797 magna
1152 3713 1361 3778 hostia
1414 3712 1792 3795 particulam
1840 3713 2189 3797 abrumpet
2243 3737 2256 3778 z
2319 3715 2381 3780 si
2431 3724 2580 3799 post

348 3831 781 3911 ablutionem,
832 3838 1084 3896 certum
1128 3836 1230 3893 est
1274 3846 1405 3891 non
1451 3845 1642 3910 posse
1684 3846 1837 3892 eum
1885 3830 2125 3893 iterum
2174 3830 2511 3898 celebrare
2557 3854 2569 3894 ε

351 3949 573 4011 Nullus
588 3953 745 4010 enim
769 3947 944 4032 (suut
968 3944 1167 4009 verba
1192 3943 1351 4007 dicti
1376 3940 1724 4024 Pontificis)
1752 3949 1859 4022 qui
1881 3963 1999 4007 non
2021 3950 2103 4006 sit
2115 3950 2363 4027 jejunus
2382 3954 2575 4028 potest

350 4069 591 4127 missam
622 4065 949 4140 celebrare,
980 4066 1166 4123 ctiam
1196 4067 1266 4122 ut
1296 4064 1582 4121 viaticum
1629 4061 1981 4122 moribundo
2020 4066 2346 4123 ministret.
2389 4060 2575 4127 Unde

352 4196 499 4245 cum
537 4196 721 4245 casus
752 4176 1056 4261 respiciat
1090 4171 1499 4239 solummodo
1536 4190 1812 4256 parvum
1847 4172 2013 4238 illud
2048 4175 2498 4254 intervallum,
2543 4198 2602 4242 a·

352 4294 800 4361 communione
837 4308 1041 4376 usque
1089 4287 1175 4354 ad
1222 4288 1618 4354 ablutionem
1661 4288 2081 4367 nitet-fluens,
2120 4288 2260 4355 fere
2308 4298 2408 4355 est
2449 4292 2580 4357 chi-

355 4411 655 4476 mericus.
