3146 4973
553 339 638 403 98
1227 349 1605 399 TRACTATUS
1648 350 1739 403 DE
1782 349 2114 407 Pmocno.

551 499 586 543 ς(
621 481 756 541 tam
785 495 822 541 a
864 493 1050 542 sacro
1097 472 1349 555 ordine,
1399 476 1725 559 triplicem
1756 495 1896 544 esse
1922 474 2401 551 hierarchicum
2428 472 2725 543 ordinem
2753 494 2771 559 3

549 614 582 652 «
621 611 753 657 non
809 590 1003 659 modo
1042 591 1381 659 Summum
1429 591 1839 672 Pontificem,
1891 592 2011 663 sed
2055 594 2251 669 etiam
2311 592 2664 676 Episcopos
2715 598 2787 655 et

552 729 587 773 α
625 707 946 791 parochos
974 726 1115 773 esse
1153 727 1192 772 a
1229 707 1483 774 Christo
1505 707 1884 777 immediate
1922 709 2296 794 institutos;
2338 726 2552 792 neque
2581 724 2783 790 eppo⁴

548 843 581 885 a
617 821 814 886 situm
844 841 1032 906 posse
1071 821 1505 905 probabiliter
1540 822 1866 901 sustineri,
1907 841 2056 901 cum
2073 831 2329 893 certum
2362 823 2447 889 sit
2472 821 2544 891 id
2574 820 2785 891 refra-

549 960 583 1000 «
622 937 763 1020 gari
801 937 1191 1021 evangelicae
1228 934 1576 1003 veritati.»
1612 938 1847 1007 Postea
1889 940 2176 1009 occurrit
2216 940 2285 1007 in
2326 936 2561 1013 iisdem
2596 954 2782 1020 rege-

540 1053 657 1117 stis
699 1053 1076 1137 propositio,
1127 1052 1388 1137 qualem
1441 1053 1768 1131 sustinere
1815 1062 1885 1120 et
1936 1053 2300 1125 defendere
2359 1058 2628 1123 coactus
2678 1059 2783 1127 est

538 1169 955 1253 supradictus
984 1170 1465 1248 DominicanuS,
1523 1178 1755 1255 estque
1795 1171 2038 1239 tenoris
2074 1171 2443 1255 sequentis:
2480 1171 2781 1250 Quemad-

537 1288 779 1349 modum
816 1290 1037 1349 Petrns
1067 1305 1107 1348 a
1136 1286 1379 1349 Christo
1402 1288 1683 1357 Summus
1704 1289 1998 1367 Pontifex
2034 1289 2352 1355 ordinatus
2377 1289 2565 1367 fuisse
2591 1286 2780 1353 credi-

543 1407 666 1479 tur,
714 1408 775 1463 et
819 1402 1070 1483 quilibet
1110 1407 1459 1464 coeterorum
1491 1403 1911 1481 Apostolorum
1947 1404 2023 1465 ab
2053 1404 2254 1465 eodem
2299 1402 2563 1481 Christo,
2605 1402 2781 1463 nullo

536 1518 859 1596 mediante,
890 1520 1218 1599 Episcopus
1236 1524 1495 1597 creatus,
1525 1523 1585 1580 et
1615 1524 1965 1580 curatorum
1984 1519 2131 1581 ordo
2163 1522 2514 1598 institutus;
2544 1518 2778 1583 eodem-

533 1650 644 1712 que
676 1636 821 1714 jure
866 1634 1076 1697 divino
1134 1634 1431 1713 triplicem
1477 1634 1655 1695 illum
1701 1633 2142 1707 hierarchicum
2187 1636 2460 1699 ordinem
2504 1634 2775 1697 Ecclesia

537 1754 726 1826 tenet;
757 1766 862 1813 nee
889 1748 1101 1810 horum
1127 1753 1401 1839 opposita
1433 1746 1588 1832 (eum
1629 1756 1855 1813 certam
1885 1753 1969 1813 sit
2000 1751 2357 1830 evanyeliooe
2386 1753 2634 1817 veritati
2657 1751 2773 1817 illa

533 1860 860 1946 refraqari)
887 1870 1141 1946 possunt
1173 1864 1568 1944 probabiliter
1593 1868 1903 1928 sustineri.
1935 1862 2150 1950 (Apud
2185 1862 2594 1948 d'Argentre,
2628 1865 2773 1929 Col·

534 1977 707 2040 lectio
729 1980 1136 2060 judiciorum,
1173 1984 1332 2042 tom.
1369 1979 1433 2055 2,
1470 1984 1661 2060 parte
1702 1981 1766 2056 2,
1802 1996 1951 2062 pag.
2000 1975 2097 2062 5.)

621 2090 803 2157 Anno
862 2094 1057 2172 1664,
1114 2090 1223 2158 die
1266 2093 1347 2156 24
1377 2092 1549 2170 maii,
1603 2092 1845 2157 librum
1887 2092 2110 2159 Jacobi
2152 2094 2445 2159 Vernant
2474 2092 2767 2159 Sorbona

533 2208 917 2289 perstrinxit
969 2226 1243 2273 censura
1286 2204 1698 2291 hujusmodi:
1740 2230 1773 2269 a
1801 2208 1915 2274 11ae
1967 2227 2081 2274 sex
2127 2209 2604 2292 propositiones
2641 2206 2759 2295 (1),

536 2345 571 2384 a
607 2332 927 2408 quatenus
974 2330 1273 2389 asserunt
1301 2324 1412 2389 vel
1452 2323 1769 2402 inferunt,
1793 2332 2153 2406 potestatem
2177 2327 2630 2407 jurisdictionis
2659 2344 2766 2386 eu-

536 2463 570 2504 «
605 2447 876 2503 rator-um
893 2458 1014 2504 non
1033 2458 1156 2501 esse
1175 2430 1520 2502 immediate
1536 2459 1576 2502 a
1598 2440 1863 2521 Christ0‚
1888 2447 2189 2522 quantam
2218 2444 2302 2505 ad
2321 2445 2766 2504 institutionem

532 2578 567 2617 «
592 2560 986 2637 primariam,
1037 2554 1211 2618 falsae
1260 2560 1432 2632 sunt,
1465 2562 1534 2619 et
1573 2552 1862 2620 decretis
1892 2575 2091 2621 sacrae
2139 2555 2469 2621 facultatis
2507 2562 2765 2621 contra-

533 2694 567 2734 «
602 2673 754 2756 riae3
796 2670 971 2736 salva
1008 2688 1270 2754 semper
1315 2669 1689 2735 immediata
1719 2672 2182 2756 Episcoporum
2221 2675 2288 2737 in
2318 2673 2619 2756 praelatos
2644 2675 2766 2737 mi-

532 2808 567 2849 «
600 2804 794 2852 nores
823 2804 941 2851 seu
970 2791 1230 2850 curatos
1259 2792 1328 2849 et
1358 2784 1621 2867 plebem
1651 2785 1981 2852 subditam
2012 2787 2433 2854 authoritate.
2472 2811 2506 2852 »
2544 2787 2763 2876 (Apud

530 2902 940 2986 d'Argentre,
977 2903 1262 2964 Collectio
1304 2902 1681 2981 judiciorum
1732 2908 1893 2967 tom.
1932 2904 1996 2978 3,
2042 2909 2229 2985 parte
2272 2906 2333 2982 l,
2380 2922 2527 2987 pag.
2575 2901 2756 2988 104.)

528 3018 689 3082 Hinc
717 3023 901 3101 patet
920 3015 1274 3082 Sorbonam
1307 3013 1659 3095 admisisse,
1690 3037 1820 3082 non
1845 3023 2097 3082 tantum
2128 3016 2416 3084 divinam
2454 3019 2762 3101 parocho-

528 3152 677 3199 rum
728 3133 1223 3210 institutionem,
1272 3150 1630 3217 eorumque
1680 3153 1717 3196 a
1772 3135 1854 3197 72
1885 3132 2215 3219 discipulis
2243 3133 2753 3216 derivationem,

528 3245 647 3315 sed
696 3248 893 3314 etiam
919 3247 1243 3331 triplicem
1277 3245 1575 3311 ordinem
1602 3245 2080 3314 hierarchicum
2117 3269 2201 3314 ex
2232 3247 2452 3316 divina
2490 3250 2756 3320 ordina·-

528 3365 702 3430 tione
735 3363 1183 3440 constitutum,
1219 3361 1288 3426 in
1315 3379 1445 3447 quo
1473 3361 1743 3445 parochi
1763 3364 2033 3428 tertium
2061 3364 2281 3430 locum
2323 3373 2749 3458 occuparent,

524 3481 825 3566 Episcopi
854 3475 1235 3559 secundum,
1264 3477 1566 3543 Romanis
1594 3478 2018 3546 Pontificibus
2051 3480 2118 3544 in
2154 3483 2367 3565 primo
2403 3483 2748 3548 stantibus.

526 3597 641 3660 Est
666 3602 886 3660 autem
915 3600 1148 3658 notatu
1170 3592 1364 3677 digna
1393 3594 1718 3659 restrictio
1747 3593 1907 3674 haec,
1931 3598 2105 3661 salva
2137 3618 2366 3682 semper
2399 3602 2756 3663 immediata

523 3714 951 3793 Epist-oporam
967 3713 1034 3772 in
1055 3710 1348 3789 praelatos
1387 3714 1647 3772 minores
1678 3729 1781 3772 sea
1807 3719 2048 3774 curatos
2073 3720 2132 3777 et
2167 3715 2403 3795 plebem
2448 3716 2754 3780 subditam

523 3827 929 3890 authoritate:
967 3822 1206 3906 probat
1234 3824 1406 3888 enim
1427 3823 1805 3905 Sorbonam,
1836 3846 2005 3893 anno
2027 3828 2254 3894 saltem
2285 3831 2477 3908 1664,
2518 3829 2754 3906 immu-

522 3959 673 4007 nem
701 3940 898 4005 fuisse
922 3938 1238 4023 pestifero
1256 3938 1771 4022 parochistarum
1801 3961 2051 4021 errore,
2086 3962 2217 4029 quo
2243 3922 2656 4009 immediatam
2681 3946 2752 4011 in

520 4054 941 4140 parochianos
969 4052 1486 4139 jurisdictionem
1519 4055 1610 4119 ita
1641 4058 1880 4121 curatis
1909 4055 2286 4138 adcensent,
2329 4067 2407 4125 ut
2443 4059 2746 4128 eamdem

521 4172 849 4258 Episcopis
880 4168 1233 4256 denegent.
1264 4169 1510 4236 Atvero
1550 4170 1803 4248 nullum
1837 4171 2158 4260 ejusmodi
2187 4176 2613 4248 restrictionis
2642 4196 2750 4243 ve-

586 4439 657 4504 (i)
686 4435 852 4502 Agitur
874 4433 932 4488 de
958 4433 1357 4502 propositionibus
1379 4451 1405 4485 a
1431 4437 1555 4490 libro
1573 4439 1736 4496 Jacobi
1766 4438 1969 4496 Veniant
1996 4441 2245 4508 excerptis.
