3146 4973
571 357 596 417 1
620 354 696 417 16
1241 371 1616 420 moruus
1660 374 1748 419 ns
1791 372 2117 422 raaocno.

565 494 716 577 ipsis
746 493 1047 560 attribuit
1079 516 1094 559 ε
1127 497 1371 559 Iudices
1412 502 1600 559 etiam
1626 502 1769 579 ipsi,
1809 497 2017 582 inquit
2035 545 2052 577 ,
2092 505 2149 562 et
2176 500 2442 562 doctores
2475 499 2647 578 fidei,
2685 501 2788 562 de-

563 612 777 673 bebant
796 611 1049 692 parochi
1081 617 1384 694 praecepta
1417 613 1763 692 evanqelica
1794 615 2018 677 docere.
2055 613 2406 700 (Instructio
2423 617 2777 698 pastoralis,

560 742 705 808 pag.
745 729 854 803 81,
892 743 1085 810 quam
1107 724 1258 792 vide
1298 726 1367 790 in
1387 745 1589 810 opere
1617 728 1724 792 cui
1744 728 1975 794 titulus
2013 733 2420 795 Annotazioni
2444 734 2512 794 al
2542 735 2788 796 Vcscovo

556 844 628 904 αἱ
669 846 929 923 Pistqja,
966 859 1114 925 pag.
1156 843 1266 921 62,
1310 848 1541 927 quarta
1580 841 1837 927 editio.)
1870 845 1948 910 In
1984 847 2148 911 actis
2184 865 2344 914 vero
2382 847 2790 914 Pistoriensis

556 954 812 1041 synodi,
850 961 883 1035 ,ς
921 961 1024 1034 17,
1060 957 1404 1041 eriguntur
1430 958 1498 1024 in
1526 958 1931 1042 legislatores
1974 962 2144 1027 circa
2177 960 2603 1048 disciplinam.

642 1071 834 1155 Quod
861 1073 1103 1139 erroris
1130 1079 1491 1138 monstrum
1514 1075 1606 1139 sic
1637 1075 1933 1141 breviter
1963 1077 2291 1162 profligari
2318 1088 2537 1163 potest
2573 1102 2588 1145 ε

639 1190 693 1254 Ι.
735 1190 835 1254 Ex
859 1189 1040 1255 hulla
1075 1194 1390 1254 Auctorem
1412 1189 1592 1270 fidei,
1630 1191 1698 1254 in
1724 1206 1850 1276 qua
1886 1191 2205 1276 ejusmodi
2240 1193 2566 1261 aberratio
2593 1213 2786 1278 repe-

550 1305 720 1369 ritur
745 1322 1052 1388 expresse
1077 1303 1505 1372 condemnata
1544 1328 1559 1370 :
1604 1328 1637 1366 «
1675 1310 1745 1373 9⁰
1773 1308 2082 1374 Doctrina
2109 1327 2252 1393 quae
2289 1311 2537 1388 statuit,
2574 1310 2784 1375 refor-

553 1443 584 1481 «
616 1416 971 1484 mationem
1025 1418 1345 1487 abusuum
1407 1420 1583 1485 circa
1644 1420 2146 1489 ecclesiasticam
2211 1422 2615 1508 disciplinam
2632 1472 2649 1504 ,
2713 1425 2783 1490 in

551 1557 585 1595 α
618 1532 882 1620 synodis
911 1533 1309 1613 dioecesanis,
1341 1533 1424 1599 ab
1455 1535 1775 1619 Episcopo
1817 1541 1886 1601 et
1921 1537 2220 1620 parochis
2250 1540 2587 1624 aequaliter
2621 1559 2784 1624 pen-

549 1673 584 1712 «
618 1649 779 1715 dere
822 1670 898 1716 ac
934 1649 1210 1715 stabiliri
1251 1648 1536 1733 debere3
1587 1670 1662 1715 ac
1692 1652 1829 1717 sine
1863 1651 2167 1719 libertate
2212 1653 2554 1721 decisionis
2595 1653 2785 1722 inde-

548 1788 582 1828 α
616 1765 818 1832 hitam
846 1764 991 1830 fore
1027 1763 1500 1849 subjectionem
1531 1767 2052 1849 suggestionibus
2096 1776 2165 1834 et
2206 1768 2603 1853 jussionibus
2628 1771 2784 1854 Epi-

546 1905 582 1945 «
614 1901 981 1967 scoporum‚
1009 1918 1101 1930 -
1126 1884 1311 1962 falsa,
1344 1888 1690 1962 temeraria,
1720 1886 2084 1965 episcopalis
2124 1859 2509 1950 auctoritatis
2540 1890 2774 1965 loesiva,

547 2021 582 2063 a
614 2005 926 2081 regiminis
986 1998 1345 2062 hierarchici
1408 2000 1756 2061 subversiva
1773 2047 1795 2078 ,
1869 2002 2081 2078 favens
2138 2001 2352 2064 hoeresi
2415 2006 2691 2067 Aerianoe
2739 2023 2784 2066 a

546 2137 579 2179 α
613 2118 870 2179 Calvino
906 2119 1227 2178 innovatoe.
1274 2148 1365 2160 —-
1410 2114 1518 2176 10⁰
1548 2113 1719 2179 Item
1753 2111 2051 2178 doctrina
2088 2133 2216 2200 qua
2255 2116 2551 2199 parochi,
2586 2117 2783 2184 aliive

545 2254 578 2294 «
611 2229 987 2297 sacerdotes
1042 2230 1108 2293 in
1160 2227 1413 2313 synodo
1468 2231 1843 2312 congregati
1898 2232 2403 2312 pronuntiantur
2449 2252 2577 2298 una
2624 2251 2781 2298 cum

542 2370 577 2410 «
612 2347 931 2431 Episcopo
970 2343 1223 2430 judices
1249 2343 1439 2423 fidei,
1478 2351 1548 2409 et
1575 2345 1765 2410 simul
1801 2347 2097 2411 innuitur
2136 2346 2453 2430 judicium
2478 2349 2547 2413 in
2571 2349 2786 2415 causis

544 2484 578 2526 α
611 2461 771 2528 fidei
819 2462 975 2547 ipsis
1015 2468 1390 2546 competere
1440 2459 1590 2545 jure
1640 2463 1929 2546 proprio,
1977 2468 2047 2528 et
2096 2462 2364 2549 quidem
2411 2466 2607 2532 etiam
2654 2484 2787 2551 per

543 2604 575 2644 α
609 2577 1082 2646 ordinationem
1114 2586 1404 2662 accepto,
1434 2616 1523 2627 —
1544 2582 1731 2660 falsa,
1776 2587 2117 2661 temeraria,
2154 2585 2389 2646 ordinis
2416 2584 2789 2649 hierarchici
2884 2628 2895 2636 -

542 2718 577 2758 κ
609 2699 978 2774 subversiva,
1029 2695 1350 2759 detrahens
1391 2695 1686 2772 firmitati
1723 2696 2148 2773 definitionum
2180 2701 2629 2781 judiciorumvc
2667 2702 2789 2763 do-

544 2836 577 2874 «
610 2817 1003 2894 qmaticorum
1028 2812 1333 2888 Ecclesiae,
1362 2812 1445 2872 ad
1467 2816 1666 2874 minus
1688 2831 2058 2875 erronea.——
2083 2815 2105 2875 1
2129 2816 2193 2876 1⁰
2212 2813 2549 2879 Sententia
2570 2831 2789 2879 enun-

544 2949 578 2988 a
610 2926 777 2991 tians
805 2923 1018 2990 veteri
1047 2922 1365 3007 maiorum
1409 2922 1710 2987 instituto
1750 2922 1835 2988 ab
1877 2924 2244 3007 apostolicis
2276 2945 2482 3011 usque
2521 2933 2789 3011 tempo-

544 3066 578 3106 «
612 3042 795 3108 ribus
821 3040 1044 3118 ducto,
1077 3058 1201 3124 per
1223 3042 1495 3105 meliora
1522 3039 1824 3106 Ecclesiae
1853 3041 2085 3107 soecula
2115 3051 2399 3123 servato,
2435 3050 2789 3127 receptum

546 3184 578 3222 «
614 3159 847 3235 fuisse,
908 3163 982 3222 ut
1017 3155 1320 3233 decreta,
1362 3164 1479 3221 aut
1514 3155 1922 3223 definitiones
1941 3205 1958 3235 ,
2014 3163 2130 3222 aut
2187 3159 2524 3226 sententiae
2579 3161 2792 3227 etiam

544 3298 579 3338 «
613 3274 930 3360 majorum
953 3271 1206 3339 sedium
1236 3292 1367 3338 non
1403 3279 1923 3357 acceptarentur‚
1953 3273 2077 3338 nisi
2113 3275 2462 3359 recognitae
2498 3275 2793 3343 fuissent

547 3414 578 3449 a
615 3396 684 3455 et
732 3386 1107 3472 approhatae
1159 3405 1197 3449 a
1249 3384 1502 3469 synodo
1557 3384 1953 3462 dioecesana,
2010 3423 2101 3434 —-
2152 3390 2352 3468 falsa,
2411 3396 2780 3471 temeraria,

545 3529 579 3568 α
612 3510 907 3585 deroyans
927 3522 1044 3584 pro
1070 3521 1181 3564 sua
1205 3503 1599 3583 qeneralitate
1626 3504 1975 3565 obedientiae
2002 3504 2219 3566 debitos
2247 3508 2793 3570 constitutionibus

544 3645 578 3682 a
612 3621 977 3703 apostolicis,
1016 3625 1143 3681 tum
1185 3624 1244 3679 et
1273 3622 1588 3680 sententiis
1616 3620 1692 3679 ab
1728 3617 2098 3682 hierarchica
2150 3625 2454 3700 superiore
2499 3623 2793 3701 leyitima

545 3761 578 3798 ι(
608 3742 903 3820 potestate
939 3734 1359 3813 manantibus,
1396 3733 1654 3795 schisma
1677 3735 1885 3812 fovens
1911 3740 1969 3796 ct
1998 3734 2293 3798 haeresim.
2332 3757 2366 3796 υ

627 3853 714 3917 ΙΙ.
754 3853 851 3917 Ex
890 3856 1031 3915 tota
1071 3851 1339 3913 Patrum
1380 3846 1732 3915 traditione
1767 3856 1837 3914 et
1871 3848 2169 3915 Ecclesiae
2208 3852 2415 3934 praxi.
2447 3887 2538 3900 —-
2564 3851 2798 3937 Argu-

540 3975 837 4035 mentum
855 3963 1021 4030 illud
1046 3963 1189 4029 fuse
1210 3961 1544 4028 evolutum
1567 3964 1861 4047 reperire
1885 3971 1989 4030 est
2008 3963 2188 4047 apud
2209 3966 2448 4032 multos
2468 3975 2798 4038 auctores

539 4083 890 4151 catholicos
926 4077 1013 4166 (1)
1054 4099 1068 4144 ε
1102 4076 1283 4161 apud
1322 4076 1683 4143 Gerdilium
1715 4086 1933 4145 autem
1953 4127 1970 4159 ,
2004 4079 2294 4148 breviori
2338 4083 2494 4150 licet
2522 4084 2792 4166 forma,

604 4280 674 4343 (1)
703 4276 863 4326 videri
889 4283 1066 4339 potest,
1083 4276 1204 4324 inter
1226 4273 1367 4335 alios,
1390 4282 1551 4322 auctor
1570 4274 1728 4336 operis
1754 4275 1828 4323 cui
1858 4275 2023 4325 titulus
2044 4275 2323 4327 l'Autoritd
2349 4278 2439 4330 dcc
2465 4279 2607 4329 dm
2628 4283 2802 4342 puin-

534 4384 733 4434 sancet,
753 4384 782 4418 a
801 4369 968 4432 pagina
986 4369 1071 4430 24;
1099 4366 1178 4429 qui
1203 4374 1355 4416 tamen
1376 4366 1423 4414 in
1445 4366 1644 4430 caeteris,
1662 4368 1724 4415 ob
1743 4367 2052 4427 gallicanismi
2071 4368 2367 4432 offendicula,
2389 4379 2524 4420 caute
2544 4373 2802 4433 legendus

537 4475 627 4520 est.
