3146 4973
627 346 756 409 478
1301 358 1676 404 Tuscu-rus
1728 359 1810 404 m:
1856 358 2186 404 amoeno,

629 512 662 549 α
696 490 857 553 riam
905 484 1480 559 consuetudinem,
1536 483 1826 566 inspecta
1867 481 2326 548 oaeremonialis
2371 481 2677 557 clausula,
2717 498 2847 564 quae

627 624 659 661 a
695 604 909 666 irritat
938 600 1295 664 contrarias
1333 597 1838 662 consuetudines
1889 619 1902 661 :
1942 616 2016 661 ae
2048 597 2242 661 etiam
2286 594 2645 660 declaravit
2672 596 2852 660 Sacra

628 740 660 778 a
696 716 1127 800 congregatio
1151 716 1438 788 Rituum‚
1468 715 1531 777 in
1565 717 2030 790 Gerundinensi,
2068 714 2137 775 11
2174 711 2488 776 februarii
2518 713 2716 794 17023
2749 711 2852 775 ubi

626 854 658 893 α
692 850 1060 917 quanquam
1119 831 1515 913 allegaretur
1591 831 1916 894 contraria
1993 826 2426 904 consuetudo,
2487 828 2737 891 servari
2792 829 2852 890 in

623 970 656 1008 «
696 947 994 1012 omnibus
1021 946 1475 1012 caeremoniale
1511 944 1865 1010 mandavit.
1913 969 1943 1003 ι»

1532 1230 1802 1296 CAPUT
1852 1233 1956 1293 lx.

1147 1489 1257 1533 Jus
1307 1487 1585 1534 PARocffl
1638 1486 1862 1546 QUOAD
1911 1486 2334 1535 OBLATIONRS.

715 1743 1124 1822 Exponemus
1164 1743 1224 1800 1⁰
1256 1736 1413 1820 quid
1453 1735 1537 1800 de
1563 1736 1715 1820 ⁸jun-e
1744 1737 2069 1800 communi
2112 1736 2408 1818 parochis
2433 1735 2652 1819 quoad
2683 1735 2862 1800 obla-

622 1858 830 1922 tiones
861 1861 1225 1938 competat3
1264 1856 1332 1916 2⁰
1363 1850 1687 1937 quomodo
1717 1849 1910 1915 bodie
1944 1852 2008 1914 in
2050 1851 2254 1915 Gallia
2296 1852 2727 1933 praerogativa
2761 1851 2862 1915 illa

621 1972 1052 2054 parochorum
1095 1969 1457 2051 reguletur.

1678 2220 1810 2291 §L

932 2440 1051 2499 Quid
1089 2440 1146 2489 de
1177 2441 1282 2500 jure
1319 2441 1556 2489 communi
1593 2450 1824 2503 competat
1858 2442 2064 2504 parocho
2099 2440 2227 2488 circa
2261 2440 2543 2489 oblationes.

706 2671 1010 2750 Qumm
1047 2670 1131 2731 1·.
1175 2704 1258 2714 —
1303 2671 1466 2747 Quid
1513 2674 1637 2730 siat
1685 2671 2064 2731 oblationes?
2094 2703 2185 2715 —-
2226 2672 2284 2730 1⁰
2319 2666 2695 2732 Oblationes
2733 2667 2864 2730 lato

617 2803 808 2848 sensu
848 2791 1161 2847 vocantur
1190 2800 1298 2847 res
1330 2799 1577 2857 omnes,
1614 2783 1750 2847 sive
1784 2781 2077 2859 mobiles„
2115 2783 2254 2846 sive
2293 2781 2679 2859 immobiles,
2718 2798 2863 2864 quoe

617 2900 855 2963 intuitu
891 2898 1217 2981 religionis
1268 2899 1408 2961 Deo
1461 2896 1847 2973 offeruntur,
1889 2905 2001 2973 ut,
2039 2898 2143 2962 vel
2197 2899 2260 2960 in
2311 2916 2493 2962 usum
2534 2896 2859 2972 Ecclesiae,

619 3012 726 3077 vel
753 3014 818 3076 in
845 3031 1032 3078 usum
1066 3014 1267 3095 ipsius
1301 3015 1745 3078 ministrorum
1780 3012 2044 3078 cedant.

709 3130 775 3190 2⁰
811 3150 844 3189 a
881 3127 1295 3194 oblationum
1348 3135 1484 3192 tres
1534 3135 1687 3192 sunt
1732 3130 1980 3211 speeies
2023 3152 2035 3192 :
2077 3138 2277 3211 prima
2315 3129 2555 3196 dicitur
2591 3129 2862 3194 donatio

622 3265 656 3304 α
690 3245 785 3307 rei
813 3244 984 3308 inter
1007 3244 1189 3308 vivos
1217 3244 1388 3308 facta
1433 3246 1575 3309 Deo
1599 3251 1666 3308 et
1697 3245 2015 3327 Ecclesiae3
2045 3250 2305 3310 secunda
2329 3245 2572 3311 dicitur
2594 3243 2862 3309 donatio

610 3382 654 3421 a
693 3378 884 3423 causa
913 3360 1161 3435 moi-tie„
1199 3377 1342 3442 quae
1375 3358 1450 3422 fit
1473 3377 1594 3440 pro
1624 3359 1847 3424 animae
1895 3360 2372 3444 redemptione;
2408 3367 2589 3423 tertia
2615 3359 2864 3424 dicitur

622 3499 652 3534 «
691 3475 963 3555 usualis3
1019 3482 1087 3537 et
1124 3481 1223 3537 est
1265 3474 1390 3538 illae
1425 3492 1619 3557 quam
1667 3473 1912 3540 faciunt
1949 3475 2200 3552 fidelem
2246 3477 2404 3542 dum
2456 3475 2741 3541 offerunt
2777 3474 2860 3539 ad

618 3612 653 3650 «
685 3590 909 3663 altare,
967 3589 1072 3652 vel
1113 3586 1199 3653 ad
1237 3606 1497 3653 manum
1535 3589 1918 3654 sacerdotis,
1965 3616 1995 3651 υ
2053 3591 2393 3676 (Bai-bosa,
2447 3594 2523 3654 de
2557 3593 2850 3667 Paroelw,

616 3722 755 3786 oap.
798 3704 905 3777 24,
948 3721 1013 3766 n.
1049 3702 1144 3784 3.)

703 3822 773 3883 3⁰
811 3814 1138 3900 Restringi
1173 3825 1391 3882 autem
1428 3819 1595 3884 solet
1626 3822 1994 3884 oblationum
2029 3820 2422 3885 vocabulum
2461 3820 2545 3885 ad
2577 3819 2718 3883 illas
2748 3838 2858 3882 res

615 3934 886 3999 mobiles
917 3952 1058 4018 quae
1087 3954 1124 3999 a
1154 3933 1460 4000 fidelibus
1502 3937 1891 4011 offeruntur,
1939 3935 2024 4000 ad
2063 3937 2360 4001 Ecclesiae
2397 3936 2503 4001 vel
2535 3935 2858 3999 ministro-

613 4070 758 4115 rum
788 4070 1000 4126 usum,
1028 4059 1169 4115 tum
1194 4051 1280 4116 ad
1307 4053 1510 4117 altare
1540 4054 1711 4116 intra
1743 4053 2020 4127 missam,
2051 4057 2191 4115 tum
2217 4053 2552 4117 occasione
2583 4050 2858 4115 aliarum

612 4184 941 4231 sacrarum
973 4166 1407 4243 functionem,
1448 4176 1627 4249 puta,
1665 4186 1784 4250 pro
1811 4164 2270 4232 benedictione
2298 4166 2699 4247 nuptiarum,
2733 4180 2856 4246 pro

610 4279 1064 4345 benedictione
1113 4282 1458 4346 mulierum
1497 4290 1643 4364 post
1680 4290 1939 4365 partum
1964 4330 1978 4357 ‚
2017 4300 2137 4363 pro
2174 4281 2463 4366 exequiis
2491 4298 2611 4345 seu
2637 4278 2857 4362 sepul-

611 4396 794 4471 turis,
841 4404 908 4460 et
956 4396 1095 4459 aliis
1125 4396 1457 4459 similibus.
1501 4399 1580 4459 Et
1628 4398 1687 4460 in
1725 4397 1845 4461 boc
1893 4397 2200 4463 strictiori
2232 4415 2423 4461 sensu
2465 4393 2854 4460 vocabulum
