3146 4973
630 331 757 397 492
1309 345 1685 392 raam-arus
1731 346 1818 392 ns
1866 345 2190 392 amoeno.

634 492 666 530 α
697 468 923 554 januas
961 468 1252 533 ecclesioe
1298 467 1720 550 regularium,
1755 473 2106 532 teneantur
2144 466 2228 545 ab
2271 485 2350 530 ea
2395 465 2728 543 recedere,
2759 461 2860 532 vel

638 609 669 645 α
704 584 934 650 saltem
976 583 1206 649 stolam
1257 581 1615 661 dimittere,
1657 590 1724 649 et
1767 601 2029 648 manere
2073 582 2140 647 in
2167 582 2313 648 loco
2344 579 2610 646 distanti
2631 582 2715 648 ab
2737 580 2864 648 offi-

632 722 662 759 «
709 700 976 776 ciatura,
1016 698 1233 763 necin
1264 717 1340 762 ea
1369 717 1438 761 se
1471 697 1817 780 ingerere?
1853 701 1905 760 T
1900 702 2075 774 ertio,
2111 715 2190 760 an
2222 695 2483 779 parochi
2531 695 2686 760 dum
2717 715 2864 780 per-

631 838 663 873 «
690 813 991 878 venerint
1018 811 1103 877 ad
1134 812 1312 876 fores
1344 812 1628 877 ecclesiae
1658 812 2078 895 regularium,
2115 811 2178 875 iu
2209 811 2630 876 associatione
2674 810 2865 877 cada-

630 953 660 986 «
702 929 892 1004 veria,
930 934 1283 993 teneantur
1305 926 1644 1010 deponere
1682 945 1950 991 crucem
1975 929 2038 991 in
2077 927 2213 1010 ipsa
2237 925 2455 1010 janua,
2495 927 2602 992 vel
2636 927 2864 993 saltem

630 1067 662 1104 α
697 1061 839 1108 eam
869 1042 1195 1107 collocare
1222 1042 1290 1105 iu
1320 1028 1475 1107 loco'
1497 1040 1760 1106 distanti
1803 1041 1885 1106 ab
1923 1040 2327 1106 officiatum?
2359 1078 2448 1090 -
2472 1041 2664 1105 Sacra
2702 1041 2864 1106 Con·

628 1181 661 1217 a
696 1157 990 1241 gregatio
1024 1155 1365 1239 respondit
1405 1179 1418 1220 :
1456 1160 1551 1220 Acl
1580 1161 1619 1220 I
1650 1158 2040 1237 affirmative,
2090 1176 2260 1237 posse
2295 1163 2523 1219 voeatis
2549 1157 2855 1237 parochis,

629 1297 660 1332 α
694 1282 753 1337 et
789 1279 941 1356 ipsis
981 1276 1367 1336 renuentibus
1400 1279 1787 1352 intervenire,
1819 1276 1912 1335 vel
1950 1276 2208 1335 alterum
2243 1279 2502 1352 mittere,
2537 1281 2603 1334 ui
2642 1274 2863 1335 resolu-
2989 1272 2994 1277 ’

632 1412 663 1450 α
700 1399 825 1453 tum
857 1391 979 1468 suit
1005 1395 1071 1451 in
1102 1390 1543 1469 Senoqalliensi
1560 1392 1660 1452 die
1689 1391 1772 1453 22
1790 1394 1964 1471 junii
2013 1391 2204 1453 1675.
2240 1392 2334 1452 Acl
2363 1392 2438 1452 II
2467 1394 2657 1451 teneri
2691 1390 2766 1451 ab
2794 1408 2862 1451 ea

631 1528 662 1566 κ
695 1507 981 1583 recedere,
1010 1509 1132 1566 nisi
1154 1507 1321 1567 adsit
1353 1511 1662 1567 contraria
1691 1508 2052 1568 consuetudo
2080 1506 2569 1567 immemorabilis
2601 1506 2863 1585 leqitime

634 1645 658 1676 a
692 1622 1028 1701 probanda,
1076 1621 1170 1681 vel
1205 1621 1417 1682 saltem
1447 1622 1701 1682 admitti
1741 1639 1914 1700 posse
1940 1622 2195 1682 dimissa
2243 1621 2420 1683 stola.
2470 1621 2565 1681 Ad
2618 1621 2721 1683 ΙΙΙ
2757 1621 2862 1681 sub

630 1758 662 1795 κ
700 1741 879 1798 unica
906 1755 1074 1798 emtce
1103 1742 1244 1798 sunt
1267 1738 1590 1815 deserenda
1620 1739 1938 1811 cadavera,
1959 1744 2018 1799 et
2042 1739 2212 1798 debet
2234 1755 2356 1798 esse
2379 1737 2551 1798 illius
2575 1737 2852 1813 ecelesiae,

631 1873 662 1911 α
692 1854 777 1914 ad
803 1870 981 1931 quam
1018 1871 1230 1932 eorpus
1260 1854 1555 1930 defertur.
1606 1854 1691 1915 20
1735 1850 2106 1916 novembris
2156 1853 2346 1915 1677.
2384 1877 2411 1908 a
2445 1850 2852 1935 (Gardelliui,

627 1985 691 2028 n.
735 1965 963 2048 2694.)

717 2105 750 2142 α
783 2081 881 2146 An
913 2082 1109 2147 liceat
1131 2083 1411 2165 parocho
1447 2082 1850 2148 cathedralis
1874 2082 2363 2158 Camerinensis,
2402 2085 2734 2149 occasione
2762 2101 2863 2147 as-

631 2220 663 2257 «
698 2197 1061 2264 sociationis
1097 2195 1558 2263 defunctorum
1606 2197 1692 2262 ad
1738 2199 2082 2263 ecclesiam
2106 2198 2526 2281 regularium,
2566 2196 2860 2281 deposito

630 2335 662 2374 a
704 2312 955 2379 feretro
977 2320 1128 2378 aute
1166 2313 1382 2378 limina
1424 2313 1735 2389 ecclesiae,
1768 2332 1999 2396 preces
2027 2319 2372 2378 consuetas
2405 2313 2731 2379 recitare?
2772 2351 2861 2362 —-

630 2450 662 2488 «
694 2428 883 2494 Sacra
930 2428 1357 2513 Congregatio
1387 2429 1685 2496 censuit:
1731 2434 1867 2495 Non
1896 2433 2069 2494 licere
2087 2439 2145 2494 et
2167 2432 2454 2512 amplius.
2489 2455 2521 2490 n
2569 2427 2864 2514 (Gardel-

624 2543 758 2620 lini,
793 2564 856 2607 n.
893 2542 1121 2627 3644.)
1152 2543 1316 2609 Vide
1345 2545 1544 2609 etiam
1577 2562 1920 2611 numerum
1952 2549 2148 2611 3573.

712 2657 1234 2723 Communiorem
1260 2666 1481 2723 autem
1511 2660 1992 2725 canonistarum
2015 2658 2099 2726 de
2126 2660 2359 2727 eadem
2392 2680 2468 2727 re
2499 2658 2864 2727 doctrinam

623 2775 713 2838 sic
749 2774 1055 2857 exprimit
1099 2775 1457 2840 Leurenius
1499 2775 1744 2861 (Forum
1797 2777 2162 2854 beneficiate,
2226 2783 2410 2858 parte
2467 2780 2522 2853 1,
2570 2795 2635 2861 q.
2699 2778 2858 2855 453,

622 2909 686 2952 u.
715 2887 780 2972 3)
814 2910 828 2954 :
869 2912 901 2951 α
936 2887 1031 2955 Ad
1070 2889 1424 2972 parochum
1459 2897 1744 2974 spectat,
1781 2898 1911 2957 tam
1953 2891 2022 2955 in
2058 2889 2254 2956 domo
2291 2889 2626 2971 defuncti,
2663 2910 2862 2978 quam

630 3028 661 3065 α
696 3023 815 3089 per
855 3006 1042 3082 viam,
1072 3003 1284 3071 donec
1315 3004 1668 3071 accedatur
1705 3006 1788 3071 ad
1823 3007 2164 3072 ecclesiam
2207 3008 2602 3090 regularem,
2634 3010 2700 3073 iu
2731 3026 2865 3093 qua

629 3142 661 3175 α
692 3118 975 3185 cadaver
1006 3118 1454 3204 sepeliendum
1495 3128 1566 3186 et
1601 3123 1891 3205 exequiae
1941 3120 2354 3205 peragendae,
2393 3119 2670 3186 officium
2709 3141 2864 3206 per-

628 3257 658 3295 «
692 3253 918 3319 agere3
976 3236 1271 3320 quamvis
1319 3243 1622 3318 oporteat
1675 3255 1795 3320 per
1844 3236 2115 3302 aliarum
2176 3235 2630 3320 parochiarum
2695 3235 2866 3302 fines

629 3374 660 3411 a
694 3350 1005 3433 trausire3
1058 3348 1218 3415 dum
1265 3351 1356 3414 ita
1391 3348 1636 3415 dicitur
1681 3351 2060 3416 continuare
2097 3349 2206 3434 jus
2250 3368 2472 3427 suum,
2503 3349 2635 3434 jam
2684 3352 2866 3417 ince-

630 3490 663 3527 «ι
692 3474 876 3551 ptum
927 3466 995 3528 iu
1030 3483 1150 3530 suo
1190 3466 1472 3530 termino
1507 3484 1544 3529 a
1582 3482 1744 3550 quo,
1782 3484 1986 3549 usque
2024 3465 2110 3531 ad
2156 3467 2507 3531 terminum
2542 3465 2628 3531 ad
2664 3485 2866 3552 quem

628 3605 661 3641 κ
698 3579 1071 3667 (cardinalis
1097 3578 1182 3644 de
1210 3581 1403 3655 Luca,
1431 3585 1506 3643 de
1530 3584 1951 3662 Reqularibus,
1988 3580 2286 3647 discursu
2323 3587 2381 3660 1,
2415 3601 2481 3644 u.
2512 3581 2646 3665 53);
2676 3581 2872 3666 juxta

627 3722 660 3758 e<
691 3696 1194 3762 declarationem
1263 3696 1470 3760 Sacrae
1550 3697 2083 3780 congregationis
2155 3698 2516 3781 praepositae
2591 3698 2874 3782 negotiis

629 3836 661 3871 κ
701 3812 1184 3896 Episcoporum.
1224 3811 1313 3876 Ac
1347 3813 1433 3877 ita
1466 3818 1735 3878 tenetur
1771 3831 1974 3897 usque
2027 3811 2109 3877 ad
2139 3811 2401 3896 januam
2431 3814 2719 3879 ecclesiae
2765 3833 2876 3880 re·

628 3953 659 3993 α
693 3931 1037 4013 gularium,
1078 3931 1141 3995 in
1187 3950 1311 4015 qua
1364 3929 1782 4012 sepeliendus
1835 3929 2221 4007 defunctuS,
2270 3930 2566 3995 funerale
2616 3929 2870 3996 ducere

628 4069 660 4108 a
696 4053 764 4113 et
816 4046 1146 4131 prosequi,
1192 4045 1377 4130 juxta
1425 4043 1723 4111 eamdem
1785 4044 2395 4128 congregationem.
2448 4044 2574 4114 sed
2621 4063 2866 4130 neque,

631 4185 662 4222 «
696 4163 855 4230 dum
888 4167 1186 4230 mortuus
1211 4165 1276 4227 in
1302 4161 1603 4243 hospitali
1631 4160 1833 4244 elegit
1863 4160 2268 4242 sepulturam
2306 4161 2373 4224 iu
2407 4160 2532 4224 alia
2562 4160 2862 4231 ecclesia,

627 4302 661 4340 α
702 4299 779 4346 ac
819 4289 1167 4365 propterea
1207 4276 1358 4342 iude
1413 4275 1878 4360 asportandum
1928 4276 2144 4352 funus,
2185 4283 2452 4359 possunt
2491 4276 2858 4359 regulares,

633 4420 663 4455 κ
699 4415 975 4481 quorum
1014 4402 1112 4457 est
1160 4391 1499 4474 hospitale,
1540 4410 1609 4454 se
1656 4392 1716 4453 iu
1758 4392 1875 4454 hoc
1918 4390 2217 4474 ingerere
2255 4399 2441 4455 extra
2484 4398 2666 4474 septa
2715 4408 2868 4475 pro·
