3146 4973
1158 392 1317 442 rans
1360 390 1592 440 rama.
2376 379 2497 443 125

292 544 321 582 α
354 527 667 585 soumettre
696 522 780 583 les
814 520 1087 601 μωρίας.
1123 518 1206 582 Et
1251 518 1488 600 pagina
1534 518 1698 582 1674
1740 536 1756 582 :
1806 519 1971 581 Nous
2007 520 2064 580 le
2105 521 2311 582 discus
2356 540 2501 583 avec

290 658 319 699 α
349 638 615 715 dautem,
656 639 718 698 la
754 636 1215 697 subordination
1234 635 1579 713 s'affm‘blit.
1618 637 1701 695 Le
1733 634 1948 714 simple
1962 641 2171 714 pretre
2193 642 2391 699 semet
2419 655 2500 699 au

291 774 319 812 α
353 771 503 833 ranq
526 754 949 833 despremiers
975 757 1258 831 postem-s
1286 755 1347 811 et
1366 750 1562 829 prend
1589 750 1844 830 {aplace
1870 750 2168 830 desjuqes
2196 753 2272 813 de
2301 753 2364 813 la
2384 754 2494 831 soi.

289 890 318 929 α
349 873 464 933 Des
493 870 664 932 cures
691 872 767 933 de
816 871 879 931 la
907 869 1169 949 capitale
1195 869 1271 929 de
1299 873 1477 929 votre
1520 885 1803 948 royaume
1856 873 2022 928 osent
2075 869 2230 930 dans
2254 886 2340 930 un
2382 869 2503 930 md-

288 1006 316 1043 «
345 990 529 1047 moire
580 987 858 1065 imprime
911 990 1192 1063 ottoquer
1242 989 1645 1045 ouvertoment
1696 1001 1813 1044 une
1854 984 2231 1045 ordonnance
2285 989 2344 1045 et
2386 1002 2504 1046 une

292 1124 316 1158 α
351 1105 712 1163 instruction
727 1101 1046 1182 pastorale
1070 1101 1146 1162 de
1176 1101 1307 1161 leur
1326 1099 1723 1179 Ars-laevaque,
1747 1103 1853 1179 qui
1880 1106 2015 1162 sont
2045 1099 2187 1163 hors
2226 1100 2301 1163 dc
2340 1105 2503 1163 toute

289 1235 318 1276 α
355 1219 629 1278 atteinte.
694 1213 928 1279 Paucis
972 1213 1056 1278 ab
1106 1212 1267 1277 hinc
1319 1213 1501 1278 annis
1562 1211 1868 1297 Bel-gomi
1894 1211 2144 1297 prodiit
2201 1213 2503 1297 egregius

289 1352 317 1392 κ
344 1329 516 1396 liber
545 1330 730 1398 Marii
769 1330 934 1415 Lupi
960 1333 1035 1395 de
1060 1331 1376 1396 Paron-hiis
1400 1338 1542 1394 ante
1563 1350 1791 1394 annum
1821 1332 2056 1393 Christi
2081 1332 2491 1409 millesimum,

288 1470 317 1509 α
348 1466 480 1532 quo
521 1448 590 1511 in
621 1446 796 1512 libro
832 1445 1174 1512 evidenter
1215 1445 1585 1513 ostenditur
1614 1466 1807 1532 quam
1843 1464 1991 1512 sero
2018 1446 2288 1530 parochi
2320 1448 2501 1513 insti-

289 1587 318 1626 «
347 1566 478 1629 tuti
515 1564 579 1628 in
634 1563 923 1630 Ecclesia
979 1562 1265 1646 fuerint3
1306 1569 1384 1627 ut
1427 1560 1701 1645 proinde
1755 1561 1970 1629 audiri
2019 1570 2349 1647 nequeant
2389 1564 2501 1647 qui

286 1704 316 1741 α
344 1681 635 1747 d'winam
665 1698 896 1746 eorum
920 1679 1393 1745 institutionem
1411 1678 1740 1762 jactant.»
1778 1680 2060 1765 (Devoti‚
2086 1684 2362 1744 Instant.
2401 1700 2505 1743 ca-

280 1805 525 1878 nom‘coe,
564 1796 677 1862 lib.
721 1798 789 1875 4,
843 1797 949 1863 tit.
1006 1797 1072 1873 4,
1110 1815 1176 1860 ιι.
1237 1798 1307 1873 2,
1359 1801 1517 1859 tom.
1561 1795 1628 1872 4,
1680 1814 1826 1880 pag.
1871 1796 1957 1861 46
2001 1804 2071 1861 et
2126 1814 2294 1880 seq„
2334 1793 2494 1861 edit.

281 1915 495 1981 Romae
541 1911 764 1995 1794.)

1186 2150 1457 2215 CAPUT
1501 2150 1610 2215 lv.

289 2435 570 2484 pannem
603 2433 730 2482 NON
754 2432 1015 2479 mm
1051 2432 1135 2480 Ex
1171 2432 1433 2480 OFFICIO
1462 2433 1607 2496 SUO,
1645 2433 1772 2480 NEC
1801 2433 2197 2481 HABUERUNT
2226 2434 2505 2497 UNQUAM

548 2549 832 2598 PROPmE
866 2548 1116 2597 DICTAM
1149 2548 1744 2598 EXCOMMUMCARDI
1782 2549 2231 2599 POTESTATEM.

369 2826 803 2891 praenotanda.
828 2859 919 2870 —-
944 2827 1008 2888 1⁰
1032 2823 1303 2906 Proprie
1321 2821 1566 2889 dictam
1593 2822 2198 2890 excommunicandi
2227 2824 2511 2892 faculta-

289 2946 412 3006 tem
445 2961 589 3009 non
639 2957 946 3008 vocamus
973 2957 1120 3004 eam
1167 2956 1362 3023 quam
1409 2939 1554 3024 quis
1604 2938 1877 3006 haberet
1926 2959 2009 3006 ex
2056 2941 2506 3008 commissione

290 3058 551 3140 speciali
575 3057 894 3140 Episcopi.
924 3055 1018 3121 Eo
1037 3056 1208 3120 enim
1240 3054 1455 3132 modu,
1492 3074 1620 3120 non
1652 3061 1905 3120 tantum
1935 3055 2197 3139 parochi
2224 3055 2345 3122 sed
2368 3058 2511 3141 qui-

290 3169 443 3240 libet
469 3174 754 3239 clericus
782 3169 1343 3238 excommunicare
1380 3176 1630 3253 potest:
1654 3187 1804 3234 cum
1828 3179 2051 3236 autem
2069 3176 2230 3236 tunc
2256 3190 2511 3238 excom-

293 3291 637 3357 municatio
658 3289 936 3367 feratur,
992 3306 1124 3352 non
1163 3286 1312 3371 jure
1349 3287 1636 3370 propriu,
1687 3285 1809 3352 sed
1865 3306 1950 3352 ex
1997 3285 2411 3370 delegatione
2440 3295 2512 3354 et

294 3405 754 3482 commissione,
796 3404 1060 3470 minime
1113 3401 1245 3468 dici
1291 3408 1563 3487 possunt
1607 3399 1981 3486 hujusmodi
2037 3400 2326 3486 delegati
2371 3404 2510 3469 sive

296 3524 609 3589 commissi
661 3526 1053 3606 potestatem
1111 3516 1714 3585 excommunicandi
1760 3515 2154 3585 ordinariam
2218 3537 2304 3584 ex
2369 3537 2515 3603 pro-

296 3638 431 3719 prio
463 3659 588 3705 suo
625 3636 836 3704 officio
865 3654 1207 3702 exercere.

378 3757 447 3818 2⁰
507 3754 738 3838 Neque
805 3747 1409 3818 excommunicandi
1472 3756 1862 3833 potestatem
1940 3750 2203 3836 proprie
2273 3747 2513 3817 dictam

300 3870 632 3936 constituit
659 3868 938 3934 facultas
969 3866 1183 3950 alege
1222 3862 1374 3930 data
1405 3866 1599 3930 alicui
1631 3864 2020 3931 clericorum
2070 3865 2275 3943 classi,
2325 3866 2515 3932 verbi

299 3986 499 4066 gratia
559 3983 877 4068 parochis,
932 3979 1537 4048 excommunicandi
1580 3987 1648 4044 in
1688 3983 2047 4062 quibusdam
2095 3984 2514 4046 deternu'natis

301 4103 549 4165 casibus.
583 4102 760 4166 Tunc
788 4100 962 4165 enim
1004 4098 1252 4182 poterit
1310 4095 1580 4181 quidem
1630 4096 1971 4181 parochuS,
2016 4096 2139 4162 hoc
2175 4098 2315 4181 ipso
2334 4096 2514 4183 quod

301 4214 380 4278 sit
407 4216 748 4300 parochus,
783 4217 1175 4283 sententiam
1205 4215 1884 4281 excommunicationis
1910 4213 2087 4280 ferre
2110 4215 2178 4278 in
2207 4231 2517 4299 personas

305 4347 456 4414 quas
492 4335 819 4417 repererit
853 4329 1439 4399 determinatorum
1479 4349 1517 4395 a
1559 4330 1707 4414 lege
1747 4330 2141 4414 flagitiorum
2183 4349 2362 4414 reas3
2399 4330 2519 4397 sed

303 4446 409 4512 illa
463 4449 1060 4529 excommunicatio,
1120 4466 1251 4513 non
1298 4467 1337 4513 a
1381 4453 1708 4532 potestate
1760 4446 2040 4530 parocho
2077 4454 2148 4512 et
2185 4465 2267 4512 ex
2311 4444 2519 4512 officio
