3146 4973
543 432 672 495 232
1213 442 1589 491 moruus
1634 443 1722 489 nn
1766 439 2093 488 raaocno.

547 592 580 625 «ι
611 583 895 649 congrua
952 562 1168 648 portio
1215 561 1298 628 de
1361 560 1733 628 redditibus
1752 609 1769 639 ‚
1827 559 2150 626 fructibus
2193 570 2262 626 et
2315 563 2772 628 emolumentis

546 704 580 744 «
614 679 1148 764 provenientibus
1206 678 1496 744 ecclesiae
1542 679 1968 762 incorporatae
2016 679 2429 755 monasterio,
2472 678 2768 761 collegio,

547 818 581 858 «
609 794 1038 874 universitati,
1084 801 1154 859 et
1185 792 1581 878 hujusmodi.
1631 793 1796 858 Talis
1843 810 2130 875 congrua
2157 799 2258 856 est
2290 790 2573 857 taxanda
2605 791 2776 856 arbi-

547 932 583 971 «
613 910 741 974 trio
771 908 1090 992 Episcopi,
1134 906 1355 972 habito
1381 914 1690 990 respectu
1735 905 1823 972 ad
1856 906 2233 992 qualitatem
2262 925 2580 991 personae,
2622 906 2768 983 loci,

548 1046 582 1086 «
620 1023 948 1107 temporis,
986 1028 1055 1087 et
1092 1021 1176 1088 ad
1226 1019 1689 1087 abundantiam
1735 1039 1850 1086 seu
1895 1028 2351 1104 paupertatem
2398 1019 2774 1086 reddituum

550 1160 582 1201 «
615 1138 899 1204 ecclesiae
946 1159 960 1201 :
997 1136 1350 1203 dummodo
1394 1158 1524 1203 non
1562 1137 1646 1201 sit
1693 1137 1904 1201 minor
1960 1137 2065 1213 50,
2108 1155 2233 1201 neo
2278 1133 2484 1220 major
2513 1143 2776 1200 centum

548 1276 582 1315 «
619 1254 832 1318 aureis
853 1271 978 1335 pro
1015 1252 1308 1337 quolibet
1336 1272 1528 1317 anno.
1563 1251 1697 1316 Pro
1724 1252 1837 1317 tali
1867 1270 2151 1335 congrua
2180 1250 2486 1334 assignari
2507 1257 2778 1332 possunt

552 1391 587 1430 «
618 1368 822 1434 solum
864 1368 975 1433 illa
1015 1368 1456 1433 emolumenta
1491 1374 1743 1445 incerta,
1792 1384 1933 1450 quae,
1970 1366 2216 1431 habent
2250 1364 2591 1450 quamdam
2636 1383 2778 1430 cer-

551 1505 584 1545 «
613 1468 987 1561 titudinem,
1032 1488 1108 1551 ut
1140 1490 1292 1546 sunt
1323 1481 1591 1548 decimae
1631 1479 1971 1558 frumenti,
2011 1481 2159 1558 olei,
2196 1488 2353 1565 etc.;
2392 1500 2525 1545 non
2557 1487 2776 1545 autem

551 1620 587 1659 «
619 1596 1056 1663 emolumenta
1112 1597 1374 1663 omnino
1423 1596 1699 1673 incerta,
1746 1601 1822 1659 ut
1868 1601 2021 1660 sunt
2062 1595 2486 1680 eleemosynae
2530 1596 2771 1672 altariS,

552 1735 588 1774 «
621 1712 1012 1778 funeralium
1050 1720 1120 1776 et
1147 1712 1470 1776 similium.
1502 1711 1802 1793 Congrua
1830 1710 2031 1776 semel
2052 1711 2446 1777 sufficienter
2467 1714 2786 1796 assignata

553 1850 588 1889 «
619 1848 749 1894 non
786 1833 1002 1910 potest
1027 1826 1248 1903 minui,
1287 1825 1581 1910 quamvis
1619 1826 1895 1890 vicarius
1932 1826 2181 1890 electus
2217 1831 2285 1889 et
2311 1824 2663 1909 deputatus
2685 1825 2783 1889 di-

557 1965 592 2004 «
622 1942 965 2008 minutioni
991 1942 1372 2017 consentiat,
1404 1948 1471 2006 et
1495 1959 1618 2024 pro
1651 1942 1902 2005 minore
1932 1940 2294 2024 quantitate
2320 1938 2637 2024 spondeat
2667 1938 2783 2007 de-

558 2080 592 2118 «
627 2057 900 2122 servire.
965 2055 1155 2120 Unde
1216 2056 1491 2121 vicarius
1535 2062 1895 2138 perpetuus
1945 2056 2253 2120 canonice
2290 2055 2645 2132 institutuS,
2684 2064 2786 2120 est

559 2195 594 2235 «
629 2192 790 2238 vere
819 2171 1241 2237 beneficiatus
1278 2171 1439 2257 (cap.
1471 2174 1812 2235 Post-alasii
1844 2172 1954 2248 27,
1991 2173 2065 2233 de
2096 2174 2442 2252 Rescriptis,
2478 2169 2567 2235 ibi
2606 2192 2619 2235 ε
2653 2175 2788 2236 Non

560 2311 594 2351 «
627 2295 785 2352 enim
816 2290 1095 2367 beneficio
1147 2307 1348 2350 carere
1402 2290 1573 2350 debet
1624 2291 1770 2367 dici,
1808 2293 1909 2350 cui
1950 2294 2343 2368 competenter
2371 2290 2446 2351 de
2485 2294 2786 2368 perpetuoe

561 2425 595 2463 «
627 2408 872 2465 vicarioe
912 2405 1304 2484 proventibus
1332 2408 1421 2464 est
1451 2398 1811 2485 provisum).
1850 2401 2082 2485 Sicque
2119 2401 2398 2466 vicarius
2427 2409 2788 2484 perpetuus

564 2539 596 2578 «
627 2516 827 2583 habet
848 2535 1081 2582 verum
1108 2516 1400 2593 titulum,
1434 2524 1503 2581 et
1521 2523 1745 2598 potest
1765 2514 1849 2581 ad
1880 2515 2129 2580 dictum
2158 2516 2424 2580 titulum
2457 2514 2783 2600 ordinari;

564 2655 599 2695 «
633 2641 829 2718 atque
869 2630 1117 2697 idcirco
1166 2632 1368 2698 semel
1419 2633 1724 2698 canonice
1771 2633 2104 2697 institutus
2152 2632 2379 2716 nequit
2428 2632 2782 2708 removeri,

565 2770 599 2808 «
636 2746 742 2812 vel
772 2748 1068 2830 portione
1099 2765 1213 2811 sua
1256 2745 1570 2825 fraudari,
1592 2748 1715 2811 nisi
1744 2747 1962 2813 forsan
1992 2744 2252 2831 aliquod
2285 2746 2647 2812 committat
2676 2744 2793 2811 de-

565 2884 600 2921 «
635 2862 867 2927 lictum
900 2860 1167 2943 dignum
1201 2859 1609 2944 depositione
1639 2869 1753 2926 aut
1780 2862 2146 2943 privatione
2172 2859 2472 2927 beneficii
2487 2860 2651 2948 (cap.
2674 2866 2795 2926 Acl·

566 3002 599 3037 «
635 2980 757 3041 haec
808 2981 843 3045 3
867 3026 882 3055 ,
922 2980 997 3041 de
1045 2977 1255 3057 Officio
1292 2976 1558 3061 vicarii).
1609 2979 1813 3042 Immo
1859 2996 1980 3042 nec
2021 2985 2239 3060 potest
2280 2979 2641 3054 removeri,
2688 2978 2795 3043 vel

568 3118 601 3154 «
638 3094 939 3178 portione
978 3112 1095 3158 sua
1138 3093 1449 3171 fraudari,
1487 3093 1740 3159 etiamsi
1792 3100 2014 3159 rector
2063 3093 2435 3176 principalis
2477 3094 2794 3159 moriatur

568 3234 600 3271 «
644 3211 856 3296 (textu
896 3228 1204 3292 expresso
1231 3212 1298 3274 in
1332 3210 1529 3275 citato
1570 3212 1782 3293 capite
1820 3212 2037 3274 Adhoec
2065 3212 2128 3287 3,
2167 3212 2241 3273 dc
2281 3211 2492 3289 Officio
2522 3207 2787 3290 vicarii).

570 3348 602 3384 α
639 3325 800 3390 Hinc
832 3326 1071 3390 vicaria
1100 3331 1419 3408 perpetua
1451 3325 1890 3409 aequiparatur
1920 3322 2240 3389 beneficio
2276 3331 2504 3388 curato
2536 3342 2651 3388 seu
2684 3341 2796 3407 pa-

571 3465 604 3501 «
640 3440 953 3523 rochiali3
997 3447 1064 3505 et
1095 3440 1245 3523 jura
1292 3440 1627 3523 loquentia
1683 3439 1766 3506 de
1804 3439 2138 3505 beneficiis
2182 3439 2351 3504 circa
2395 3440 2797 3504 amissionem

571 3557 871 3639 «prioris
898 3573 1018 3637 per
1041 3554 1562 3639 assequutionem
1587 3555 1878 3633 alteriuS,
1910 3563 1979 3620 et
2000 3574 2120 3639 per
2146 3574 2275 3620 non
2292 3555 2791 3637 promotionem,

573 3693 605 3728 «
643 3677 711 3734 et
743 3668 826 3733 de
850 3688 1079 3735 eorum
1105 3675 1319 3747 aetate,
1342 3668 1560 3735 locum
1589 3669 1836 3736 habent
1869 3671 1937 3735 in
1967 3670 2344 3756 hujusmodi
2371 3669 2626 3736 vicariis
2653 3686 2799 3751 per·

574 3808 606 3844 «
637 3785 877 3868 petuis,
907 3791 1097 3850 textu
1130 3803 1441 3869 expresso
1479 3792 1545 3850 in
1581 3789 1937 3850 clementina
1965 3788 2176 3866 unica,
2206 3791 2281 3851 de
2311 3787 2521 3867 Officio
2550 3790 2794 3860 vicarii,

575 3925 602 3958 «
643 3899 733 3963 ibi
767 3919 781 3961 ε
821 3905 968 3980 Quce
1018 3903 1092 3964 cle
1132 3905 1392 3964 ecclesiis
1432 3922 1641 3964 curam
1694 3909 2040 3965 animarum
2092 3905 2464 3981 habentibus,
2494 3922 2609 3984 per
2644 3920 2801 3963 rece-

573 4037 608 4074 «
631 4022 898 4099 ptionem
927 4019 1194 4078 aliarum
1224 4021 1518 4080 similium
1547 4021 1923 4097 amittendis,
1966 4039 2037 4081 ac
2068 4021 2141 4082 de
2178 4023 2447 4099 ipsarum
2475 4017 2801 4079 rectoribus

574 4154 606 4190 «
634 4134 1055 4213 promovendis
1085 4134 1168 4194 ad
1191 4135 1610 4211 sacerdocium,
1650 4152 1721 4194 ac
1753 4135 1827 4195 cle
1852 4153 2055 4196 eorum
2083 4140 2260 4197 oecate
2286 4140 2519 4196 statuta
2542 4149 2800 4195 noscun-

573 4271 606 4307 «
636 4255 759 4327 tur,
793 4253 858 4311 in
882 4251 1190 4330 perpetuis
1218 4249 1598 4311 ecclesiarum
1617 4249 2059 4330 parochialium
2083 4253 2357 4327 vica-riis,
2392 4254 2451 4310 et
2476 4249 2802 4326 assumptis

574 4386 607 4424 «
641 4365 724 4426 ad
760 4382 883 4438 eas,
919 4365 1191 4424 volumus
1221 4364 1546 4425 observari.
1584 4359 1771 4428 Unde
1815 4363 2005 4426 sicuti
2050 4383 2180 4428 non
2225 4369 2445 4446 potest
2480 4361 2624 4445 quis
2659 4377 2798 4423 esse

572 4500 607 4537 «
639 4475 963 4561 parochus
992 4476 1184 4540 simul
1208 4476 1488 4541 duarum
1517 4477 1970 4561 parochiarum
1999 4477 2233 4562 (capite
2267 4481 2341 4542 cle
2365 4480 2561 4541 Multa
2585 4478 2694 4551 28,
2724 4477 2799 4537 de
