3146 4973
550 422 634 485 66
1229 431 1604 482 raam-arus
1649 432 1738 480 nu
1785 416 2114 478 rauocno.

548 561 788 625 tientes
817 546 1105 640 eonegas
1153 564 1306 620 suos
1346 554 1579 622 domus
1624 554 1975 621 sorbonicoe
2021 536 2251 618 habuit
2295 550 2683 619 Guillelmus
2731 568 2770 616 a

547 673 1048 740 Sancto-Amore
1067 721 1083 751 ,
1132 670 1253 738 sed
1286 690 1326 738 e
1363 679 1591 737 contra
1639 682 1891 736 summo
1943 669 2086 735 zelo
2137 666 2567 734 adhaerentes.
2616 688 2651 729 α
2687 664 2778 732 Ut

548 812 587 852 a
610 792 822 873 ipsum
853 789 1252 855 'sustinerent
1282 788 1395 875 (ait
1410 786 1630 866 Nardi,
1653 795 1811 852 tom.
1844 786 1905 865 l,
1930 800 2080 869 pag.
2114 787 2265 863 300,
2300 782 2460 850 edit.
2489 779 2770 867 Pezari),

546 928 585 966 τι
606 912 749 971 toto
785 906 930 970 nisu
959 904 1027 970 in
1057 908 1354 969 sanctum
1388 903 1695 969 Thomam
1728 901 2166 968 invehebant:
2207 902 2297 965 ita
2328 906 2405 966 ut
2431 918 2563 965 non
2592 898 2780 983 parvi

546 1042 579 1082 «
610 1021 854 1104 negotii
889 1020 1093 1085 fuerit
1116 1018 1456 1085 doctorem
1482 1018 1858 1104 Angelicum
1895 1036 1934 1083 e
1965 1015 2277 1083 cathedra
2307 1016 2424 1082 s'ua
2464 1014 2780 1081 Parisien-

545 1158 580 1198 α
606 1136 660 1200 si
703 1152 832 1200 non
878 1132 1170 1201 detrudi.
1206 1135 1360 1201 Sese
1398 1142 1620 1201 autem
1656 1133 2025 1218 prodebant
2065 1116 2387 1199 sorbonici
2413 1148 2776 1215 pauperum

543 1273 579 1310 α
601 1248 1127 1333 Lugdunensium
1144 1297 1159 1327 ‚
1191 1247 1682 1332 Beguardorum
1702 1296 1718 1324 ,
1753 1236 2415 1331 Fratricellornmque
2444 1243 2778 1311 erroribus

543 1384 580 1428 a
604 1380 733 1431 non
760 1374 997 1449 parum
1029 1363 1330 1430 infectos.
1369 1387 1404 1427 »
1440 1362 1634 1429 Unde
1671 1381 1803 1428 non
1835 1365 2072 1428 mirum
2106 1370 2208 1429 est
2239 1348 2326 1427 ab
2370 1362 2551 1427 initio
2579 1358 2777 1444 depo-

444 1528 447 1533 .
535 1477 729 1542 situm
768 1477 837 1541 in
873 1475 1216 1542 sorbonico
1255 1483 1431 1542 coetu
1474 1476 1864 1561 parochismi
1903 1492 2172 1559 germen
2188 1522 2205 1553 ‚
2245 1479 2474 1559 postea
2511 1473 2633 1539 snb
2668 1488 2776 1537 va·

536 1592 649 1656 riis
694 1592 1053 1656 recurrisse
1089 1591 1602 1657 evolationibus.
1646 1593 1924 1658 Ineunte
1962 1591 2199 1656 saeculo
2223 1588 2480 1656 decimo
2514 1595 2769 1675 quarto,

528 1708 565 1772 J
568 1724 813 1772 oannes
851 1705 937 1772 de
982 1707 1242 1772 Poliaco
1287 1706 1373 1774 de
1416 1714 1824 1773 sacramento
1860 1705 2261 1791 peanitentiae
2316 1705 2659 1783 disserens,
2706 1706 2774 1768 in

527 1821 800 1904 gratiam
875 1820 1311 1905 parochorum
1400 1823 1718 1907 plurimos
1799 1840 2063 1889 errores
2133 1822 2443 1888 sustinuit
2465 1868 2482 1900 ,
2555 1820 2667 1906 qui
2731 1826 2773 1884 a

528 1936 774 2001 Joanne
805 1935 984 2002 XXII
1008 1934 1299 2002 damnati
1327 1945 1501 2002 sunt.
1540 1937 1852 2003 Gersonis
1885 1945 2182 2021 tempore
2215 1934 2361 2023 quis
2392 1935 2596 2001 fuerit
2625 1933 2773 1999 Sor-

529 2049 717 2114 bonae
760 2052 1033 2129 animuS,
1084 2052 1242 2117 satis
1302 2064 1386 2117 ex
1439 2070 1638 2137 supra
1687 2052 1913 2119 relatis
1964 2059 2240 2118 constat.
2300 2050 2769 2118 Auctoritatem

530 2166 836 2231 Gereonis
870 2166 1192 2251 allegabat
1251 2166 1584 2252 sorbona3
1642 2169 2099 2234 auctoritatem
2151 2164 2457 2234 Sorbonae
2487 2166 2765 2233 Gersou.

530 2280 632 2344 Sic
669 2298 838 2347 anno
874 2282 1043 2347 1408
1081 2276 1439 2347 deventum
1479 2287 1582 2348 est
1622 2281 1708 2348 au
1747 2281 2213 2360 definitionem,
2238 2296 2367 2368 qua
2397 2285 2642 2346 Domini
2675 2300 2774 2344 eu-

533 2401 663 2459 rati
715 2415 754 2460 a
795 2395 1086 2463 Sol-bona
1135 2395 1560 2462 declarantur
1610 2403 1871 2462 minores
1910 2401 2169 2464 Praelati
2207 2405 2270 2462 et
2319 2398 2649 2461 Merarchae
2693 2414 2774 2459 αι·

524 2519 834 2593 prinmo-ia
861 2518 1244 2578 institutione
1268 2514 1503 2578 Chr-isti
1536 2514 1760 2601 (opera
1781 2515 2108 2595 Gersonis‚
2139 2522 2300 2581 tom.
2339 2515 2403 2594 2,
2435 2523 2584 2599 pag.
2610 2516 2764 2593 250,

534 2625 696 2692 edit.
731 2623 924 2692 Ellies
970 2625 1242 2712 Dupin);
1295 2633 1365 2691 et
1404 2626 1678 2694 eosdem
1727 2629 1795 2692 in
1835 2629 2120 2695 conciliis
2172 2630 2583 2695 oeoumenicis
2625 2647 2770 2696 eme

528 2740 807 2825 judices,
852 2760 1003 2807 cum
1043 2760 1207 2809 voce
1253 2741 1616 2823 definitiva,
1652 2761 1782 2809 non
1821 2744 2087 2829 quidem
2135 2763 2218 2811 ex
2255 2745 2617 2829 privilegio,
2652 2741 2765 2811 sed

535 2875 615 2920 ex
654 2865 823 2922 statu
870 2865 929 2921 et
972 2860 1284 2922 ordinario
1316 2864 1463 2942 jure
1477 2909 1494 2936 ‚
1554 2861 1770 2926 tenuit
1813 2877 1963 2925 cum
2005 2873 2122 2926 sna
2178 2859 2468 2926 Sor-bona
2517 2860 2770 2926 uersos

542 2974 708 3060 (loco
746 2970 994 3057 citato).
1031 2973 1212 3038 Anno
1258 2974 1428 3038 1440
1459 2972 1824 3057 legitimum
1863 2965 2252 3041 Pontificem
2290 2973 2652 3059 Eugenium
2682 2975 2772 3040 IV

542 3105 892 3172 agnoscere
928 3089 1255 3153 recusavit
1293 3083 1608 3166 Sol-bona,
1649 3096 1720 3154 et
1763 3090 2086 3175 antipapae
2132 3091 2331 3156 Felici
2378 3092 2434 3156 V
2470 3088 2763 3156 adhaesit.

630 3204 932 3270 Nicotaus
965 3205 1023 3267 V
1064 3219 1232 3270 anno
1266 3204 1430 3270 1443
1464 3206 1530 3270 in
1567 3223 1684 3270 sua
1719 3204 1898 3271 bulla
1941 3210 2318 3270 vaisionis
2344 3214 2586 3283 nostrae,
2624 3224 2774 3271 eon-

539 3320 842 3387 firmabat
867 3319 1111 3385 bullam
1140 3322 1354 3401 Greqis
1380 3321 1552 3384 nobes
1583 3321 1802 3384 &adm
1828 3321 2100 3404 Eugenii
2129 3321 2321 3404 Papae
2351 3317 2462 3399 IV,
2490 3323 2603 3406 qui
2631 3322 2769 3404 ipse

539 3438 705 3505 confi
713 3443 1037 3503 rmaverat
1057 3434 1302 3501 bullam
1316 3439 1511 3518 Super
1533 3439 1884 3501 cathedram
1903 3433 2214 3503 Bonifacii
2230 3433 2406 3517 VIII,
2433 3445 2505 3504 et
2517 3437 2767 3504 bullam

542 3557 783 3618 Dudum
821 3551 1171 3617 Clementis
1203 3552 1282 3630 V,
1326 3559 1395 3618 et
1427 3551 2029 3620 condemnationem
2056 3552 2480 3620 articulorum
2508 3555 2769 3620 Joaum‘s

543 3667 630 3734 de
656 3663 939 3740 Peliaco,
976 3681 1013 3730 a
1038 3667 1075 3730 J
1078 3681 1286 3732 oanne
1316 3655 1494 3733 XXII
1520 3670 2025 3752 pronuntiatam.
2065 3670 2489 3736 Nihilominus
2525 3671 2594 3735 in
2615 3689 2764 3736 eam

541 3784 738 3849 etiam
772 3781 1019 3847 Nicolai
1051 3783 1107 3847 V
1138 3780 1386 3847 bullam
1426 3782 1520 3847 sic
1568 3782 1947 3850 scandalose
1987 3783 2335 3851 rebellavit
2379 3785 2769 3851 universitas

541 3895 915 3964 Parisiensis
947 3917 962 3962 t
993 3918 1027 3957 a
1057 3898 1370 3964 Noverint
1404 3899 1714 3978 universi,
1756 3898 1935 3984 quod
1959 3909 2135 3965 anno
2163 3901 2423 3966 Domini
2458 3901 2627 3966 1456
2657 3899 2768 3967 die

545 4036 580 4076 a
610 4012 863 4079 sabbati
897 4011 982 4076 2⁶2
1021 4013 1260 4078 mensis
1292 4014 1464 4091 maii,
1505 4013 1675 4079 alma
1702 4014 2131 4081 universitate
2168 4014 2368 4080 studii
2393 4014 2770 4081 Parisiensis

541 4150 576 4190 α
617 4125 794 4211 apud
826 4133 1125 4191 sanctum
1169 4125 1607 4191 Mathurinum
1655 4127 2034 4192 solemniter
2067 4131 2482 4213 cmgregata,
2513 4133 2589 4194 et
2625 4145 2767 4213 spe·

542 4266 577 4307 c«
615 4243 868 4309 cialiter
896 4249 1269 4321 convocata,
1303 4240 1389 4306 ad
1415 4237 1807 4309 audiendam
1830 4242 2149 4309 lecturam
2187 4243 2389 4329 copim
2429 4242 2764 4331 cuiusdam

543 4383 576 4422 a
618 4358 834 4436 bullae,
862 4373 984 4442 per
1007 4354 1322 4440 quosdam
1342 4355 1587 4422 fratres
1614 4355 1699 4423 de
1729 4354 1960 4424 ordine
1983 4345 2479 4425 carmelitarum
2496 4355 2764 4426 oficiali

539 4496 577 4539 ot
604 4472 948 4540 Parisiensi
967 4478 1396 4556 praesentatoe,
1413 4473 1586 4539 inter
1603 4482 1840 4539 oaetera
1862 4476 2236 4541 conclusum
2253 4476 2507 4542 exstitit
2531 4478 2760 4542 unani-
