3146 4973
1249 382 1405 432 rsus
1451 382 1719 443 Qum-rs.
2469 365 2595 430 5⁴9

372 526 404 564 α
443 522 705 569 causam
745 525 781 568 a
820 504 1174 571 residentia
1226 505 1614 586 abcedendi,
1661 510 2014 575 constituto
2060 512 2324 588 vicarie,
2362 510 2475 595 qui
2517 508 2599 574 ab

374 644 406 679 «
442 618 788 685 ordinario
841 621 1262 704 approbatus,
1316 642 1394 689 ea
1437 623 1686 690 meliori
1727 642 1855 709 qua
1897 625 2045 690 fieri
2087 634 2304 709 potest
2349 626 2597 690 ratione

373 759 403 794 «
439 735 763 818 spirituali
795 735 1152 802 animarum
1183 737 1378 803 saluti
1413 747 1738 804 occurrat.
1753 788 1796 803 ..
1844 765 1874 800 υ
1915 741 2014 826 (In
2054 743 2357 805 Thesauro
2380 742 2600 803 resolu-

370 856 620 929 tionum‚
658 857 837 916 tomo
866 855 932 929 8,
965 852 1032 915 in
1069 867 1263 917 causa
1291 856 1650 935 Tylmrtina,
1684 861 1719 919 7
1760 855 2150 938 septembris
2186 858 2378 932 1737,
2421 860 2450 932 ,ξ
2494 859 2602 919 Sa-

364 962 729 1047 crosancta.)
794 963 894 1029 Ad
937 964 1123 1049 quod
1170 964 1564 1032 firmandum
1619 965 1861 1033 ibidem
1901 967 2323 1034 adducuntur
2376 969 2598 1051 plures

364 1086 667 1145 auctores
697 1085 766 1143 et
792 1084 1016 1145 textus
1040 1080 1231 1164 juris.

453 1198 756 1260 Probatur
783 1198 849 1259 2·
874 1216 1043 1277 pars.
1073 1233 1164 1244 —
1187 1198 1498 1261 Nimirum
1532 1217 1662 1264 nou
1689 1215 1880 1281 posse
1913 1199 1977 1262 in
2005 1197 2186 1264 dicto
2215 1217 2389 1274 casu,
2425 1199 2599 1263 sicut

363 1327 483 1374 nec
513 1310 580 1372 in
604 1309 738 1373 ullo
771 1309 918 1382 alio,
957 1308 1235 1374 concedi
1271 1309 1354 1373 ab
1385 1311 1706 1394 Episcopo
1723 1319 2083 1393 perpetuam
2117 1312 2442 1378 licentiam
2466 1330 2596 1377 non

366 1419 721 1498 residendi,
759 1428 830 1486 et
857 1422 1111 1487 interea
1129 1421 1401 1487 ‘fructus
1433 1422 1859 1507 percipiendi.
1898 1459 1984 1472 —
2011 1426 2168 1489 Nam
2208 1432 2464 1490 certum
2496 1430 2598 1489 est

362 1557 402 1601 a
436 1534 814 1601 Tridentina
844 1534 1100 1618 synodo
1138 1537 1314 1622 (sess.
1354 1539 1419 1615 6,
1460 1556 1519 1601 c.
1560 1535 1627 1620 2)
1665 1537 1921 1603 sublata
1973 1540 2231 1604 omnino
2274 1539 2472 1604 fuisse
2500 1542 2599 1604 in·

363 1650 546 1717 dulta
567 1657 857 1731 perpetua
884 1647 970 1715 de
989 1668 1120 1715 non
1145 1648 1499 1716 residendo
1535 1674 1548 1716 ε
1582 1654 1868 1734 Nulliquc
1885 1656 2213 1734 privileqia
2231 1674 2333 1716 seu
2352 1656 2596 1717 indulta

354 1773 643 1848 perpetua
670 1769 746 1829 de
780 1786 900 1828 non
928 1769 1263 1843 residendo,
1300 1775 1410 1829 aut
1439 1769 1514 1831 de
1548 1771 1848 1848 fructibus
1878 1774 1945 1832 in
1966 1771 2241 1832 absentia
2259 1774 2598 1850 percipien-

366 1886 486 1962 dis,
534 1887 966 1964 suffraqentur.
1017 1884 1174 1964 Quae
1211 1883 1340 1961 lex,
1392 1903 1539 1948 cum
1584 1885 1973 1950 universalis
2003 1886 2108 1962 sit,
2147 1883 2435 1950 excludit
2473 1904 2591 1968 po-

363 2004 664 2064 testatem
693 1998 992 2082 Episcopi
1019 1999 1212 2063 aliter
1241 1999 1576 2064 statuendi
1613 1998 1829 2083 quoad
1858 1999 2156 2066 subditos
2185 2018 2357 2065 suOS.

449 2115 634 2180 Nou
678 2118 759 2177 1⁸.
796 2148 884 2161 —-
922 2113 1106 2178 Circa
1153 2114 1600 2197 quaestionem,
1636 2135 1781 2178 num
1818 2121 2016 2197 possit
2070 2122 2213 2179 tunc
2263 2119 2591 2196 Episcopus

358 2232 664 2293 licentiam
691 2249 811 2292 non
836 2231 1141 2292 residendi
1169 2231 1254 2292 ad
1284 2236 1512 2310 tempus
1538 2233 1870 2306 concedere,
1902 2250 1984 2293 an
2004 2250 2143 2293 vero
2170 2235 2252 2293 sit
2280 2232 2364 2293 ad
2381 2231 2591 2294 Sedent

357 2346 753 2424 apostolicam
783 2346 1228 2407 recurrendum.
1259 2379 1348 2390 --
1368 2344 1730 2426 Antequam
1750 2344 1817 2406 in
1835 2345 2142 2410 nonnulla
2167 2342 2580 2418 documenta,

355 2477 505 2524 mox
550 2456 978 2543 subjicienda,
1031 2457 1465 2536 offendissem,
1515 2458 1792 2525 dubium
1835 2459 1988 2525 mihi
2034 2478 2161 2524 non
2209 2466 2375 2556 erat,
2427 2459 2584 2543 quin

352 2581 570 2658 posset
607 2574 984 2657 Episcopus»,
1015 2593 1097 2639 ex
1125 2572 1296 2640 dicta
1321 2592 1511 2639 causa
1537 2574 2042 2652 inimicitiarum,
2085 2575 2415 2640 licentiam
2454 2594 2583 2638 non

352 2687 683 2755 residendi
700 2689 983 2772 parocho
1003 2692 1088 2753 ad
1115 2696 1346 2771 tempus
1376 2687 1765 2754 concedere.
1797 2689 1897 2754 Sic
1916 2706 2150 2771 nempe
2173 2686 2529 2771 arguebam
2562 2710 2576 2752 ε

351 2813 605 2870 certum
657 2813 758 2870 est
798 2825 835 2871 a
869 2803 1255 2871 Tridentina
1300 2803 1558 2888 synodo
1610 2806 1970 2888 generatim
2013 2806 2342 2888 Episcopis
2378 2804 2582 2869 tribui

353 2925 742 3001 potestatem
776 2920 1102 2985 absentias
1127 2918 1467 3003 ejusmodi,
1501 2920 1677 2984 ultra
1704 2919 2011 2985 bimestre
2038 2920 2255 2996 etiam,
2292 2939 2372 2982 ex
2401 2927 2581 3001 yram·

351 3054 533 3097 causa
580 3034 999 3117 permittendi
1039 3035 1217 3120 (sess.
1263 3038 1370 3112 23,
1425 3054 1482 3099 c.
1539 3032 1626 3117 1).
1679 3036 1933 3117 Urgens
1978 3042 2198 3099 autem
2234 3035 2579 3100 necessitas

351 3157 542 3214 extra
573 3149 960 3232 parochiam,
1007 3150 1093 3215 ob
1119 3151 1428 3233 capitales
1455 3150 1835 3227 inimicitiaS,
1870 3148 2331 3225 commorandi,
2362 3151 2578 3232 gravi-

350 3265 474 3331 bus
518 3264 950 3350 proculdubio
986 3267 1195 3332 causis
1246 3263 1736 3331 annumeranda
1770 3272 1903 3346 est;
1949 3272 2025 3329 ut
2066 3263 2229 3330 adeo
2272 3263 2357 3330 ad
2401 3266 2575 3330 hunc

348 3399 563 3446 casum
602 3380 777 3446 dicta
824 3382 1123 3465 Episcopi
1166 3382 1453 3464 potestas
1497 3379 1766 3445 extendi
1802 3381 2034 3446 merito
2070 3387 2434 3445 censeatur.
2461 3382 2575 3446 At-

350 3514 507 3560 vero
547 3498 699 3563 huic
742 3496 1134 3561 conclusioni
1181 3496 1442 3562 obstare
1485 3494 1795 3561 videntur
1826 3503 2195 3580 sequentes,
2233 3513 2376 3580 quae
2414 3495 2570 3561 mihi

345 3619 796 3691 occurrerunt,
831 3613 1252 3678 auctoritates
1285 3634 1298 3677 ε
1338 3611 1437 3677 Ad
1473 3613 1916 3696 quoestionem,
1967 3636 1997 3672 α
2032 3633 2114 3676 an
2146 3612 2230 3678 ob
2265 3613 2573 3696 capitales

348 3752 380 3789 α
411 3729 772 3794 inimicitias
805 3729 1189 3795 Ordinarius
1217 3727 1375 3793 dare
1406 3730 1605 3811 possit
1632 3727 1917 3812 parocho
1937 3730 2262 3795 licentiam
2294 3749 2427 3794 non
2463 3748 2570 3794 re·

345 3869 377 3906 a
413 3844 692 3921 sidendi‚
719 3871 747 3903 u
778 3846 867 3910 sic
898 3845 1099 3911 habet
1115 3844 1572 3930 Leurenius(in
1600 3864 1717 3909 suo
1734 3849 1888 3909 Foro
1911 3846 2266 3924 beneficiali,
2292 3852 2480 3929 parte
2501 3850 2522 3910 1
2545 3894 2560 3921 ,

340 3978 405 4044 q.
442 3960 594 4043 385)
628 3983 643 4025 :
688 3983 720 4020 α
757 3957 1133 4043 Respondet
1167 3960 1472 4042 negative
1518 3956 2044 4043 Pax-Jordanus3
2084 3958 2304 4044 idque,
2343 3967 2418 4024 ut
2449 3960 2562 4037 ait,

346 4098 379 4136 «
412 4096 494 4141 ex
548 4074 987 4143 declaratione
1032 4077 1238 4141 Sacrae
1294 4075 1818 4159 Congregationis
1862 4077 2322 4159 Episcoporum
2378 4099 2391 4140 :
2447 4076 2566 4142 sed

347 4213 379 4249 «
411 4189 882 4256 recurrendum
921 4190 1006 4256 ad
1043 4192 1245 4275 ipsam
1287 4191 1542 4256 Sacram
1587 4190 2203 4274 Congregationem3
2249 4209 2394 4276 quae
2435 4212 2563 4259 non

348 4332 378 4363 «
414 4304 618 4370 soleat
651 4305 1013 4372 concedere
1042 4307 1218 4374 ultra
1253 4326 1369 4372 sex
1404 4325 1678 4382 menses,
1716 4303 1804 4372 ad
1833 4306 2138 4373 effectum
2168 4307 2430 4372 interim
2458 4326 2563 4372 re-

345 4442 378 4484 «
410 4419 704 4506 signandi
733 4421 838 4488 vel
872 4420 1289 4506 permutandi
1321 4442 1336 4488 ε
1381 4419 1699 4506 quidquid
1740 4422 1894 4489 alias
1931 4420 2292 4489 concedere
2339 4421 2455 4486 hac
2492 4422 2559 4487 iu
