3146 4973
607 385 739 447 600
1289 400 1665 449 'rnacu‘rus
1709 401 1796 448 nu
1842 401 2168 450 PARocflo.

607 546 644 586 «
677 526 919 590 vitatus
948 530 1166 608 posset
1189 525 1252 587 in
1276 541 1391 589 sua
1413 525 1690 591 ecclesia
1719 522 2081 609 praedicare
2115 525 2220 613 (ex
2248 533 2439 594 textu
2458 528 2525 593 in
2553 529 2825 595 clemen-

607 665 642 703 «
674 643 811 708 tina
838 645 1102 720 Dudum,
1133 643 1207 704 de
1244 638 1532 726 sepult.);
1571 648 1791 706 tamen
1824 660 1904 706 ex
1934 641 2185 707 concilii
2224 641 2586 710 Tridentini
2616 643 2826 711 verbis

609 779 642 818 c<
680 756 859 842 (sess.
886 758 993 834 24,
1033 774 1090 819 c.
1131 755 1196 834 4,
1233 758 1308 819 de
1333 759 1504 838 Ref.,·
1540 762 1610 821 et
1646 776 1802 823 sess.
1851 759 1911 837 5,
1947 776 2004 821 c.
2038 760 2103 836 2,
2138 756 2364 824 itidem
2395 763 2472 823 de
2497 757 2655 844 Res.)
2685 779 2827 845 pro·

607 896 639 935 α
675 872 983 939 hibentur
1031 872 1299 956 parochi
1338 873 1405 937 in
1442 874 1572 939 suis
1617 874 1907 940 ecclesiis
1957 873 2309 941 admittere
2350 877 2830 943 concionatores

605 1012 638 1050 «
674 989 757 1055 ab
779 988 1125 1055 Ordinatio
1147 1008 1278 1054 non
1298 991 1713 1075 approbatOS‚
1735 990 1986 1055 etiamsi
2008 989 2364 1074 praedicare
2388 992 2588 1057 vellet
2608 993 2831 1077 aliquis

605 1132 635 1169 «
670 1106 1049 1190 Episcopus.
1080 1106 1163 1172 Et
1197 1106 1286 1172 ita
1314 1106 1442 1191 jam
1470 1107 1665 1173 hodie
1705 1108 1943 1187 nulluS,
1975 1110 2170 1173 etiam
2212 1129 2248 1173 a
2279 1109 2562 1193 parocho
2598 1110 2830 1175 invita-

605 1247 636 1284 «
673 1231 800 1300 ωε,
834 1221 1194 1306 praedicare
1235 1224 1477 1306 poterit
1514 1225 1649 1289 sine
1688 1224 1953 1289 licentia
1996 1225 2375 1308 Episcopi...
2410 1225 2673 1291 Attenta
2720 1223 2831 1290 de·

603 1361 636 1399 «
674 1338 1025 1403 claratione
1049 1337 1395 1404 Clementis
1421 1339 1596 1419 VIII,
1622 1339 1755 1403 sive
1781 1337 2171 1422 praedicator
2199 1339 2280 1404 sit
2304 1340 2585 1424 parocho
2613 1347 2824 1418 notuS,

604 1476 636 1515 «
672 1455 809 1520 sive
848 1454 1047 1520 semel
1075 1454 1201 1538 vel,
1221 1454 1320 1520 bis
1350 1453 1708 1539 praedicare
1743 1455 1931 1532 velit,
1968 1475 2297 1541 nunquam
2345 1457 2405 1523 ei
2444 1456 2669 1522 licebit
2698 1457 2830 1523 sine

604 1594 636 1632 α
667 1569 935 1637 licentia
969 1569 1289 1653 Episcopi.
1333 1593 1364 1630 »

689 1695 750 1751 7.
799 1688 1065 1752 Poenam
1127 1696 1355 1753 contra
1413 1687 1771 1771 pai-ochum
1819 1687 2023 1753 officio
2079 1707 2198 1754 suo
2258 1686 2654 1773 praedicandi
2706 1710 2832 1757 non

596 1805 1100 1871 satisfacientem
1139 1805 1229 1869 ita
1261 1805 1487 1869 statuit
1513 1802 1892 1869 Tridentina
1918 1804 2208 1889 synodus
2242 1828 2255 1870 ε
2299 1809 2414 1870 Ubi
2440 1809 2515 1868 ab
2548 1810 2836 1891 Episcopo

595 1930 832 2004 moniti,
869 1930 1056 1986 trium
1091 1928 1380 1986 mensium
1412 1928 1610 2004 spatio
1645 1928 1881 1986 muneri
1914 1944 2019 1986 suo
2064 1927 2388 2004 defuerint,
2420 1944 2532 2007 per
2558 1945 2837 1990 censuras

595 2042 1044 2117 ecclesiasticaS,
1082 2059 1182 2101 seu
1210 2041 1368 2101 alias
1400 2039 1483 2100 ad
1514 2043 1708 2119 ipsius
1730 2043 2013 2120 Episcopi
2038 2041 2363 2102 arbitrium
2391 2047 2714 2122 coqantum
2746 2046 2835 2104 ila

594 2165 663 2220 ut
690 2164 896 2236 eliam,
926 2162 982 2219 si
1009 2162 1065 2220 ei
1095 2163 1182 2219 sic
1206 2158 1490 2237 eoepedire
1511 2160 1707 2218 visum
1730 2157 1939 2234 fuerit,
1969 2175 2047 2217 ex
2070 2155 2483 2233 beneficiorum
2509 2158 2828 2236 smeclibus,

597 2278 801 2352 alteri,
837 2279 940 2355 qui
987 2275 1056 2337 id
1090 2280 1365 2355 proeslet,
1407 2273 1653 2335 honesta
1699 2272 1907 2351 aliqua
1954 2290 2173 2334 merces
2212 2274 2616 2353 persolvatur,
2656 2275 2839 2336 donec

588 2393 956 2472 principalis
983 2396 1114 2472 ipse
1145 2395 1498 2471 resipiscens
1543 2387 1803 2467 officium
1850 2406 2018 2450 suum
2050 2390 2318 2470 impleat.
2356 2387 2541 2472 (Sess.
2578 2389 2638 2464 5,
2669 2406 2726 2452 c.
2769 2391 2833 2465 2,

597 2509 672 2571 de
692 2505 878 2590 Res).
901 2510 1039 2571 Etsi
1067 2527 1212 2589 opus
1234 2512 1338 2585 sil,
1368 2511 1552 2568 etiam
1568 2525 1680 2587 per
1697 2524 1978 2568 cen-suras
2002 2507 2434 2569 ecclesiasticas
2459 2508 2834 2587 compellent.

606 2623 781 2708 (sess.
813 2624 920 2700 24,
950 2641 1007 2687 c.
1044 2619 1137 2705 4).

698 2760 729 2798 a
761 2739 1000 2803 Notatu
1042 2734 1306 2819 dignum
1340 2741 1440 2801 est
1474 2735 1706 2821 (inquit
1736 2733 2004 2811 Giraldi,
2046 2736 2242 2801 citato
2285 2753 2508 2819 opere,
2547 2744 2736 2819 parte
2778 2739 2834 2813 Ι,

608 2877 640 2915 «
674 2872 730 2917 c.
790 2853 886 2930 14,
927 2872 995 2917 n.
1049 2848 1112 2936 9)
1158 2848 1334 2936 quod
1382 2851 1674 2935 quamvis
1718 2856 1960 2933 praeter
2009 2869 2315 2917 censuras
2352 2850 2551 2935 inffigi
2594 2853 2841 2936 possint

607 2990 639 3029 «
673 2968 870 3033 etiam
900 2967 1036 3032 aliae
1071 2965 1339 3033 arbitrio
1379 2965 1872 3048 Episcoporum‚
1913 2965 1965 3030 si
2013 2974 2233 3031 tamen
2265 2971 2496 3051 agatur
2534 2965 2619 3032 de
2648 2986 2843 3051 poena

607 3108 640 3147 «
675 3083 1048 3167 pecuniaria
1072 3130 1087 3160 ‚
1144 3079 1516 3165 hujusmodi
1567 3080 1911 3149 arbitrium
1955 3081 2267 3148 indecens
2321 3102 2462 3149 esse
2503 3081 2844 3166 respondit

609 3222 641 3262 α
676 3199 865 3265 Sacra
902 3196 1329 3280 congregatio
1363 3196 1652 3275 Concilii,
1691 3195 1799 3261 die
1842 3201 1915 3263 17
1945 3195 2107 3282 junii
2139 3200 2328 3275 1658,
2366 3198 2685 3281 Episcopo
2713 3198 2845 3262 No-

610 3339 641 3378 «
677 3314 971 3392 variensi‚
1030 3313 1140 3397 qui
1198 3313 1262 3375 iu
1309 3312 1442 3376 suis
1491 3311 1912 3397 synodalibus
1964 3314 2531 3379 constitutionibus
2585 3313 2845 3398 putavit

610 3454 642 3495 c<
677 3431 798 3495 sibi
830 3429 1085 3495 licuisse
1119 3429 1394 3513 pecunia
1429 3429 1747 3495 mulctare
1798 3427 2135 3512 parochOS,
2172 3428 2323 3493 huic
2367 3427 2639 3494 decreto
2687 3447 2847 3493 con·

611 3567 643 3608 (ι
677 3543 1139 3620 travenientes,
1166 3547 1240 3606 ut
1268 3541 1479 3606 refert
1509 3540 1908 3607 Benedictus
1928 3542 2096 3620 XIV,
2125 3545 2199 3606 de
2224 3546 2464 3625 synodo
2481 3545 2839 3618 dioecesana,

611 3684 642 3722 t<
672 3660 718 3725 l.
761 3663 864 3738 10,
895 3677 952 3722 e.
995 3663 1152 3736 9,11.
1189 3660 1251 3723 8.
1295 3680 1325 3717 >>

694 3778 756 3841 8.
819 3773 871 3839 Α
919 3770 1230 3857 praedicta
1288 3770 1683 3856 obligatione
1738 3772 2132 3857 praedicandi
2184 3792 2324 3839 sese
2394 3775 2681 3842 eximere
2738 3795 2854 3842 ne-

603 3896 852 3977 queunt
887 3888 1171 3974 parochi,
1210 3887 1333 3953 sub
1369 3905 1450 3954 eo
1474 3895 1798 3971 praetextu
1829 3887 2005 3972 quod
2036 3906 2368 3973 nunquam
2399 3887 2470 3955 id
2497 3910 2536 3954 a
2572 3890 2855 3957 rectori-

603 4007 727 4072 bus
763 4004 1081 4091 parochiae
1114 4005 1336 4089 peragi
1374 4003 1634 4069 solitum
1677 4004 1902 4082 fuerit,
1945 4003 2050 4069 vel
2099 4002 2276 4088 quod
2320 4006 2474 4069 satis
2508 4007 2855 4088 provisum

479 4159 487 4167 ·
602 4126 687 4190 sit
718 4143 838 4208 per
869 4122 1162 4207 publicos
1214 4121 1522 4186 annuales
1553 4121 2067 4197 co1icionatoreS‚
2100 4120 2207 4185 vel
2237 4119 2413 4205 quod
2450 4122 2726 4205 exiguus
2762 4123 2858 4187 sit

601 4258 865 4306 suorum
893 4237 1429 4321 parochianorum
1458 4255 1793 4301 numerus.
1831 4237 1929 4303 Ita
1962 4232 2367 4301 declaratum
2399 4256 2435 4301 a
2457 4236 2651 4302 Sacra
2674 4236 2859 4303 Con-

599 4355 974 4440 gregatione
1007 4352 1270 4418 Concilii
1304 4350 1578 4417 affirmat
1614 4349 1861 4417 Giraldi
1901 4351 2065 4437 (loco
2107 4352 2329 4429 citato,
2371 4371 2438 4416 n.
2474 4349 2566 4436 9).

688 4475 753 4536 9.
788 4467 1018 4549 Quoad
1047 4466 1324 4535 formam
1347 4465 1876 4552 praedicationisa
1899 4466 2195 4552 parochis
2223 4486 2303 4532 ex
2333 4467 2723 4553 obligatione
2753 4466 2861 4531 fa-
