3146 4973
1211 378 1388 432 ⁴wius
1435 378 1704 439 Qum-ra.
2456 365 2571 428 571

347 510 714 587 superiorem
748 505 1234 582 ecclesiaticum,
1281 505 1423 568 illos
1447 504 1697 584 fabricat
1721 502 2126 580 eeclesiarum,
2165 509 2274 566 aut
2313 509 2590 586 pauperi·

347 624 459 685 bus
483 623 600 683 loci
623 638 891 700 eroqare.

442 738 550 802 IX.
597 740 648 800 A
697 738 951 798 decretis
994 717 1278 816 Episcopi·
1313 738 1672 797 executor-iis
1707 739 1916 796 contra
1946 734 2241 814 parochos
2274 751 2394 798 uon
2440 740 2590 797 resi·

348 853 576 926 dentes,
615 867 735 909 non
768 849 954 910 datur
1005 848 1335 928 appellatio
1372 848 1455 909 ad
1488 849 1760 927 effectum
1802 852 2235 926 suspensivum,
2276 848 2382 909 sed
2415 848 2589 910 dum·

353 970 530 1028 taxat
556 965 640 1026 ad
671 965 946 1043 effectum
969 963 1400 1024 devolutivum.
1418 959 1791 1024 -Constat
1822 957 1923 1024 his
1944 958 2307 1024 Tridentini
2335 957 2587 1026 decreti

353 1079 572 1146 verbis
601 1099 616 1143 ε
661 1083 782 1143 Nec
817 1082 1226 1141 executionem
1261 1078 1668 1159 appellatione
1692 1077 1979 1157 suspendi
2008 1094 2200 1157 posse.
2226 1075 2308 1139 Et
2341 1076 2433 1140 ita
2470 1073 2588 1141 do·

354 1201 573 1261 ctores
601 1193 1014 1259 unanimiter.

438 1312 517 1374 X.
554 1312 797 1373 Certum
835 1314 928 1371 est
949 1307 1276 1388 par-ochum
1297 1327 1412 1389 per
1442 1309 1829 1387 illeqt'timam
1849 1308 2182 1370 absentiam
2226 1324 2347 1368 non
2381 1311 2587 1368 incur-

351 1443 480 1487 rere
500 1428 632 1502 ipso
657 1425 821 1503 facto
843 1428 1250 1503 privationem
1282 1422 1552 1500 beneficii
1587 1428 1707 1486 sui.
1734 1456 1826 1468 --
1848 1424 2009 1487 Nam
2036 1419 2353 1505 quidquid
2381 1420 2465 1485 sit
2500 1419 2587 1487 de

346 1540 494 1626 jure
534 1539 862 1604 communi
892 1544 1043 1603 ante
1067 1537 1508 1606 Tridentinam
1531 1536 1857 1622 synodum
1888 1537 2171 1620 vigente,
2204 1542 2458 1602 certum
2488 1544 2590 1601 cst

358 1655 455 1739 (ut
503 1653 784 1722 diximus
836 1672 1033 1737 supra
1089 1674 1155 1718 n.
1210 1652 1262 1737 Ι)
1305 1652 1716 1720 Tridentinos
1766 1654 1995 1720 Patres
2039 1652 2318 1720 liberum
2356 1652 2585 1720 fecisse

352 1769 682 1852 Episcopis
705 1776 780 1834 ut
799 1767 1264 1853 procederent,
1291 1771 1428 1834 sive
1457 1787 1578 1851 per
1609 1768 2041 1850 privationem
2068 1767 2426 1844 fructuum,
2447 1766 2584 1831 sive

355 1903 478 1969 per
507 1903 831 1961 censuraS,
888 1887 1023 1950 sive
1073 1904 1194 1968 per
1243 1885 1678 1968 privationem
1710 1883 2036 1949 beneficii.
2072 1885 2280 1949 Porro
2310 1884 2366 1948 si
2397 1902 2586 1968 paro-

354 1998 537 2076 chuS,
573 1999 792 2065 illicite
824 2019 954 2065 non
985 1999 1302 2077 residens,
1342 2000 1517 2066 foret
1553 1999 1693 2083 ipso
1725 1998 1873 2084 jure
1913 2000 2207 2083 privatus
2232 2018 2350 2065 suo
2381 1999 2586 2064 bene-

351 2114 521 2193 ficio,
557 2135 687 2181 non
726 2123 947 2199 posset
992 2117 1347 2199 Episcopus
1377 2114 1743 2198 procedere
1779 2122 2005 2180 contra
2049 2116 2261 2198 ipsum
2293 2115 2585 2181 censuris

339 2229 716 2308 dumtaxat,
762 2238 877 2296 aut
912 2230 1353 2297 subtractione
1400 2230 1735 2298 fructuum
1754 2250 1772 2312 3
1812 2229 1931 2294 sed
1959 2227 2241 2295 deberet
2277 2230 2587 2312 privatio-

353 2364 503 2410 nem
538 2345 833 2411 beneficii
853 2348 1121 2430 exeqni3
1164 2344 1563 2412 declarando
1612 2363 1845 2428 nempe
1889 2345 2243 2429 parochum
2277 2363 2419 2410 esse
2451 2343 2586 2429 jam

353 2461 491 2545 ipso
515 2460 665 2547 jure
698 2460 999 2546 parochia
1023 2479 1137 2526 sua
1160 2461 1531 2546 spoliatum,
1570 2468 1642 2526 et
1671 2460 2042 2545 parochiam
2078 2480 2330 2531 vacare.
2365 2462 2449 2527 Et
2496 2462 2585 2526 ita

346 2577 780 2643 communiter
801 2575 1107 2645 doctores
1135 2575 1309 2662 (vide
1346 2577 1520 2641 inter
1546 2576 1706 2642 alios
1728 2577 2120 2655 Ferrarium,
2160 2575 2363 2642 verbo
2390 2580 2584 2641 Paro-

352 2695 518 2772 chus,
556 2699 681 2758 art.
712 2696 773 2770 ⁶2,
806 2713 870 2758 n.
914 2692 1045 2777 55).

443 2810 944 2875 Nota1⁰.—Ex
986 2806 1177 2873 dictis
1216 2807 1339 2875 sub
1382 2808 1500 2875 hac
1547 2809 1773 2879 ultima
1818 2809 2194 2895 quaestione,
2233 2809 2420 2875 facile
2468 2828 2584 2893 po-

352 2929 483 2989 test
536 2924 745 2991 lector
803 2924 1146 3007 colligere,
1189 2923 1522 3009 quomodo
1577 2923 1953 2993 Tridentina
2006 2922 2326 3009 synodus,
2366 2922 2585 3008 quoad

347 3056 575 3122 poenas
596 3046 665 3103 et
701 3037 965 3104 modum
994 3037 1400 3121 procedendi
1426 3048 1651 3106 contra
1696 3058 1822 3103 non
1857 3038 2219 3105 residentes
2242 3040 2579 3123 parochos,

346 3152 456 3238 jus
500 3154 837 3241 antiquum
892 3155 1338 3221 immutaverit
1374 3177 1388 3220 :
1436 3156 1595 3220 item
1639 3172 1831 3240 quam
1874 3153 2147 3239 disparis
2201 3153 2587 3225 conditionis

346 3268 465 3337 hac
526 3270 591 3334 in
653 3288 726 3335 re
786 3270 1102 3354 parochos
1147 3278 1217 3336 et
1265 3271 1611 3337 canonicos
1661 3268 1888 3337 eadem
1943 3268 2230 3354 synodus
2280 3289 2420 3341 esse
2473 3289 2587 3341 vo-

351 3382 574 3449 luerit.

444 3503 601 3563 Nota
633 3502 724 3564 2⁰.
753 3503 1016 3583 —Quae
1058 3499 1143 3566 de
1175 3500 1473 3586 parochis
1501 3504 1567 3566 in
1600 3501 1723 3566 hoc
1760 3502 2166 3587 paragrapho
2197 3502 2372 3571 dicta
2406 3511 2582 3579 snut,

355 3614 776 3700 intelligenda
814 3618 1012 3683 etiam
1057 3618 1330 3687 veniunt
1384 3617 1467 3684 de
1499 3618 1897 3703 quibuslibet
1921 3620 2062 3684 aliis
2091 3638 2317 3685 curam
2348 3621 2590 3689 anima-

353 3748 501 3795 rum
525 3731 969 3816 principaliter
999 3742 1070 3827 et
1098 3754 1182 3800 ex
1212 3732 1417 3800 officio
1454 3734 1951 3819 exercentibus3
2002 3735 2184 3805 verbi
2220 3735 2452 3821 gratia,
2502 3734 2587 3802 de
2617 3730 2625 3738 ’

351 3847 596 3913 vicario
631 3855 860 3915 curato
894 3847 1306 3928 cathedralis,
1339 3848 1600 3935 quando
1639 3870 1793 3917 cura
1817 3851 2105 3936 capitulo
2142 3851 2396 3919 adnexa
2428 3851 2585 3933 fuit3

347 3962 433 4029 de
458 3982 795 4030 oeconomo
829 3965 1195 4049 parochiam
1226 3973 1562 4037 vacantem
1595 3974 1888 4049 regente,
1925 3964 2137 4033 donec
2176 3984 2382 4035 novus
2422 3966 2486 4035 in
2515 3986 2589 4032 ea

353 4079 672 4164 parochus
708 4081 1162 4160 constituatur,
1187 4090 1314 4148 etc.
1342 4081 1502 4149 Cum
1539 4082 1712 4147 enim
1745 4081 1812 4146 hi
1850 4100 2076 4149 omnes
2113 4081 2343 4149 eadem
2374 4101 2450 4149 ac
2489 4101 2594 4165 pa-
2634 4114 2650 4129 ·

350 4195 535 4261 rochi
567 4196 936 4265 residentiae
971 4198 1114 4282 lege
1146 4198 1655 4282 obstringamur,
1708 4196 1934 4265 iisdem
1984 4200 2175 4267 etiam
2222 4202 2392 4266 illius
2433 4200 2594 4285 legis

352 4314 770 4381 consectariis
819 4312 1178 4398 subjacent.
1232 4312 1421 4380 Unde
1469 4313 1847 4383 Tridentina
1897 4315 2188 4400 synodus
2246 4317 2423 4402 (sess.
2476 4319 2585 4399 23,

345 4445 407 4490 c.
445 4426 503 4513 ι)
531 4447 643 4493 cos
672 4447 896 4497 omnes
924 4429 1268 4515 complecti
1299 4430 1542 4507 volens,
1590 4448 1720 4499 uon
1760 4431 2215 4516 parochorum,
2254 4429 2375 4501 sed
2403 4449 2595 4514 gene·
