3146 4973
1296 338 1455 388 ιω
1496 336 1756 386 mm.
2523 322 2648 386 357

422 462 613 531 Unde
664 464 717 528 si
766 481 961 530 voces
995 464 1145 542 illoe,
1173 467 1460 547 Episcopi
1480 467 1564 528 ad
1585 468 1882 546 paroecias
1919 464 2333 538 maducabant,
2368 461 2436 526 in
2457 479 2650 530 sensu

420 578 749 647 ordinario
783 577 1318 666 jurisprudentia&
1346 581 1672 647 canonieoe
1703 584 2066 656 sumantur,
2110 575 2478 661 disciplinoe
2500 597 2646 646 con·

419 701 650 762 cursus
684 696 947 762 minime
976 693 1315 763 adversari
1363 693 1706 762 censendae
1736 701 1926 778 sunt3
1974 692 2093 760 sed
2134 692 2646 777 interpretandae

417 810 600 897 quasi
626 809 985 890 diceretur,
1023 810 1107 876 ad
1139 811 1452 897 paroecias
1490 810 1790 894 Episcopi
1821 808 2270 885 nominabunt,
2299 816 2557 873 servatis
2583 816 2648 874 in

417 929 529 992 Aac
551 930 903 1010 peraqenda
926 933 1335 992 nominatione
1377 930 1659 992 Ecclesiae
1694 929 1953 1008 leyibus,·
1992 943 2151 1010 quas
2205 943 2401 991 voces
2455 924 2648 1010 adjici

414 1057 682 1108 necesse
730 1060 862 1107 non
897 1047 1062 1118 erat,
1114 1056 1263 1108 cum
1311 1040 1573 1126 dejure
1606 1039 2104 1106 subaudiantur.
2152 1042 2219 1105 2⁰
2257 1039 2385 1106 Sed
2427 1059 2642 1125 neque

414 1155 815 1223 contrarium
848 1156 1088 1222 evincit
1119 1156 1603 1222 circumstantia
1630 1156 1765 1233 illa,
1796 1153 1974 1238 quod
2000 1155 2057 1220 is
2086 1152 2465 1221 concordati
2490 1156 2645 1222 arti-

415 1270 600 1337 culus
627 1269 860 1355 gallica
896 1270 1178 1354 primum
1206 1270 1426 1354 lingua
1462 1269 1832 1353 descriptus
1864 1275 1934 1336 et
1966 1288 2003 1334 a
2054 1269 2372 1353 gubernio
2414 1289 2645 1356 propo·

412 1386 573 1452 situs
606 1384 845 1468 fuerit3
912 1384 1301 1468 gubernium
1347 1392 1570 1450 autem
1619 1384 1846 1467 procul
1908 1382 2108 1450 dubio
2170 1383 2280 1468 jus
2327 1383 2491 1450 illud
2533 1403 2644 1450 no-

411 1498 693 1566 minandi
724 1500 1151 1577 intellexerit,
1204 1517 1355 1564 cum
1389 1499 1899 1584 independentia
1963 1519 2002 1564 a
2049 1499 2511 1584 quorumlibet,
2567 1519 2640 1565 ac

410 1614 684 1701 proinde
730 1616 924 1682 etiam
969 1616 1483 1682 examinatorum
1527 1615 1938 1701 synodalium
1955 1661 1971 1693 ,
2023 1613 2270 1700 judicio
2314 1624 2383 1682 et
2439 1617 2641 1683 iuter-

409 1739 637 1798 ventu.
673 1733 833 1797 Nam
880 1732 1131 1797 etiamsi
1169 1731 1561 1816 gubernium
1615 1733 1706 1797 ita
1747 1732 1920 1798 forte
1952 1733 2301 1798 articulum
2334 1752 2371 1797 a
2399 1751 2468 1798 se
2494 1750 2638 1817 pro·

407 1847 690 1933 positum
728 1847 1125 1914 intellexerit
1144 1896 1159 1926 ,
1230 1866 1365 1938 non
1408 1850 1707 1932 sequitur
1752 1845 1984 1914 eodem
2037 1866 2230 1914 sensu
2288 1849 2636 1914 articulum

404 1962 600 2029 fuisse
624 1983 663 2029 a
691 1961 858 2030 Sede
883 1962 1245 2045 Apostolica
1281 1966 1599 2030 sancitum
1629 1986 1643 2029 ε
1685 1965 1815 2029 imo
1849 1982 1977 2028 non
2002 1971 2309 2054 censetur
2349 1982 2635 2049 unquam

405 2076 609 2145 Sedes
653 2078 1019 2162 Apostolica
1048 2077 1184 2163 juri
1241 2079 1569 2146 communi
1614 2077 1955 2163 derogare,
1995 2080 2115 2144 uisi
2149 2078 2367 2145 verbis
2411 2086 2635 2146 utatur

404 2213 547 2281 quae
594 2193 1087 2278 derogationem
1136 2195 1501 2262 necessario
1536 2212 1759 2261 secum
1801 2195 2086 2260 inferant
2116 2216 2130 2259 ε
2175 2195 2377 2262 verba
2414 2203 2634 2262 autem

403 2310 682 2381 articuli.
711 2330 926 2392 perse,
966 2318 1042 2376 ut
1066 2309 1369 2388 diximus,
1408 2331 1490 2377 ne
1528 2313 1808 2378 innuunt
1845 2310 2110 2395 quidem
2160 2310 2480 2396 ejusmodi
2526 2311 2635 2379 de·

404 2428 833 2512 rogationem.
868 2429 938 2493 3⁰
970 2427 1255 2494 Praefata
1283 2427 1487 2495 verba
1520 2446 1654 2495 non
1689 2426 2021 2495 censenda
2048 2435 2200 2494 sunt
2230 2427 2632 2513 disciplinam

404 2540 489 2610 de
537 2562 861 2610 concursu
909 2541 1287 2620 excludere,
1345 2545 1400 2609 si
1443 2562 1584 2609 eam
1630 2562 1759 2610 non
1796 2542 2150 2609 excludant
2175 2544 2239 2608 in
2269 2543 2460 2609 simili
2487 2563 2632 2610 con-

400 2657 696 2735 cordam,
730 2658 1170 2743 Napoleonem
1199 2659 1377 2724 inter
1398 2666 1467 2725 et
1503 2659 1694 2725 Pium
1715 2659 1838 2724 vn
1867 2659 2114 2743 pariter
2135 2658 2317 2736 inito,
2351 2666 2634 2744 quatuor

400 2781 549 2862 post
584 2778 786 2853 annis,
825 2774 1038 2862 quoad
1070 2776 1540 2860 rempublicam
1571 2776 1857 2842 Italicam
1896 2799 1908 2841 :
1944 2794 2142 2858 porro
2169 2776 2231 2840 in
2267 2775 2388 2842 hoc
2424 2783 2635 2859 poste-

399 2892 558 2957 riori
592 2890 988 2957 concor-dato
1027 2890 1259 2958 eadem
1296 2891 1613 2956 tribuitur
1662 2890 1993 2975 Episcopis
2034 2889 2369 2974 parochias
2410 2890 2632 2958 confe-

397 3005 590 3073 rendi
621 3011 932 3091 potestas,
988 3014 1056 3071 et
1107 3005 1524 3073 nihilominus
1577 3005 1770 3073 simul
1807 3013 2159 3072 monentur
2196 3007 2497 3091 Episcopi
2546 3026 2628 3074 ne

396 3122 539 3189 illas
584 3121 927 3189 conferant
972 3122 1093 3187 nisi
1141 3122 1388 3205 proevio
1440 3138 1789 3186 concursu.
1827 3121 1930 3186 Sic
1959 3122 2134 3187 enim
2163 3122 2445 3188 habetur
2472 3124 2628 3189 arti·

397 3240 546 3306 culo
580 3242 657 3305 13
693 3260 710 3304 t
753 3242 1062 3304 Sanctitas
1099 3243 1225 3304 Sua
1265 3241 1535 3303 concedit
1562 3242 1876 3321 Episcopis
1915 3244 2026 3321 jus
2056 3241 2400 3319 conferendi
2438 3259 2629 3320 parm-

395 3362 543 3434 σία-ς,
585 3376 717 3438 quoe
775 3361 984 3437 quovis
1030 3362 1181 3420 anni
1228 3363 1493 3435 tempore
1539 3362 1718 3418 erunt
1786 3362 2118 3435 vacatur-Q
2178 3361 2339 3436 iique
2399 3363 2628 3436 proevio

395 3492 680 3537 concursu
727 3477 1023 3554 paroecias
1059 3474 1261 3536 liberoe
1308 3474 1652 3536 collationis
1703 3474 2006 3552 conferent
2041 3476 2143 3550 iis,
2181 3490 2326 3552 quos
2372 3476 2496 3551 ipsi
2535 3475 2628 3537 di-

394 3594 630 3672 qniores
650 3589 1035 3672 judicabunt.
1087 3590 1165 3652 In
1194 3593 1475 3667 paroeciis
1494 3608 1636 3651 vero
1650 3593 1822 3670 juris
1843 3594 2204 3668 patronatus
2239 3589 2625 3653 ecclesiastici

396 3710 716 3770 sustitinent
738 3725 857 3784 eos,
895 3724 1040 3787 quos
1065 3710 1291 3784 proevio
1316 3710 1555 3787 pariter
1579 3724 1864 3769 concursu
1885 3712 2170 3786 tanquam
2194 3707 2499 3786 diqniores
2529 3710 2625 3770 in-

396 3829 488 3884 ter
507 3823 865 3904 approbatos
891 3821 967 3882 ab
996 3823 1509 3884 examinatoribus
1528 3828 1829 3903 patronus
1855 3823 2286 3884 ecclesiasticus
2297 3827 2623 3902 proesenta-

394 3941 504 4002 bit.
537 3940 616 4002 In
630 3941 914 4019 paroeciis
943 3955 1080 4000 vero
1109 3938 1255 3999 laici
1277 3942 1643 4017 patronatus
1659 3942 2055 4018 proesentatos
2077 3941 2418 4016 instituent,
2453 3938 2620 4000 dum-

393 4056 565 4118 modo
592 4058 903 4136 proemisso
925 4060 1203 4118 anamim
1226 4055 1428 4118 idonei
1447 4057 1681 4134 sinerint
1705 4058 1958 4117 inverati.
2003 4054 2079 4116 In
2107 4054 2378 4117 omnibus
2418 4060 2616 4119 autem

382 4173 695 4254 proedictis
721 4171 958 4233 casibus
974 4170 1286 4236 habebitur
1310 4176 1491 4250 ratio,
1518 4178 1590 4234 ut
1606 4175 1711 4252 qui
1731 4174 2022 4252 paroecias
2042 4175 2423 4252 assequuturi
2442 4178 2618 4232 erunt

389 4293 518 4357 sint
544 4289 832 4370 quom-nio
852 4292 1100 4370 accepti.

484 4402 850 4470 Notandum
874 4410 1112 4482 autem,
1160 4404 1221 4467 in
1258 4403 1557 4477 formula,
1585 4423 1774 4488 quam
1809 4402 2008 4469 Sedes
2044 4404 2408 4488 Apostolica
2439 4403 2618 4467 Pari-
