<?xml version="1.0" encoding="UTF-8"?>
<!DOCTYPE html PUBLIC "-//W3C//DTD XHTML 1.0 Transitional//EN"
    "http://www.w3.org/TR/xhtml1/DTD/xhtml1-transitional.dtd">
<html xmlns="http://www.w3.org/1999/xhtml" xml:lang="en" lang="en">
 <head>
  <title>
</title>
<meta http-equiv="Content-Type" content="text/html;charset=utf-8" />
  <meta name='ocr-system' content='tesseract 3.04.00' />
  <meta name='ocr-capabilities' content='ocr_page ocr_carea ocr_par ocr_line ocrx_word'/>
</head>
<body>
  <div class='ocr_page' id='page_1' title='image "./tractatusdeparo00bouigoog_0670.png"; bbox 0 0 3146 4973; ppageno 0'>
   <div class='ocr_carea' id='block_1_1' title="bbox 656 330 2221 397">
    <p class='ocr_par' dir='ltr' id='par_1_1' title="bbox 656 330 2221 397">
     <span class='ocr_line' id='line_1_1' title="bbox 656 330 2221 397; baseline 0.001 -7"><span class='ocrx_word' id='word_1_1' title='bbox 656 330 788 391; x_wconf 78' lang='grc'>658</span> <span class='ocrx_word' id='word_1_2' title='bbox 1325 345 1702 397; x_wconf 75' lang='lat' dir='ltr'>TRAc‘rATus</span> <span class='ocrx_word' id='word_1_3' title='bbox 1760 348 1847 396; x_wconf 82' lang='lat' dir='ltr'>DE</span> <span class='ocrx_word' id='word_1_4' title='bbox 1891 346 2221 397; x_wconf 76' lang='lat' dir='ltr'>PAROOEO.</span> 
     </span>
    </p>
   </div>
   <div class='ocr_carea' id='block_1_2' title="bbox 615 471 2874 4505">
    <p class='ocr_par' dir='ltr' id='par_1_2' title="bbox 646 471 2853 1018">
     <span class='ocr_line' id='line_1_2' title="bbox 653 471 2848 557; baseline 0.002 -25"><span class='ocrx_word' id='word_1_5' title='bbox 653 494 686 530; x_wconf 73' lang='lat' dir='ltr'>a</span> <span class='ocrx_word' id='word_1_6' title='bbox 721 478 1090 553; x_wconf 85' lang='lat' dir='ltr'>petuarum,</span> <span class='ocrx_word' id='word_1_7' title='bbox 1116 471 1445 537; x_wconf 87' lang='lat' dir='ltr'>removeri</span> <span class='ocrx_word' id='word_1_8' title='bbox 1485 472 1730 554; x_wconf 87' lang='lat' dir='ltr'><strong>possint</strong></span> <span class='ocrx_word' id='word_1_9' title='bbox 1755 480 2011 538; x_wconf 87' lang='lat' dir='ltr'>tantum</span> <span class='ocrx_word' id='word_1_10' title='bbox 2045 490 2195 536; x_wconf 91' lang='lat' dir='ltr'>cnm</span> <span class='ocrx_word' id='word_1_11' title='bbox 2238 489 2454 548; x_wconf 81' lang='lat' dir='ltr'>causa,</span> <span class='ocrx_word' id='word_1_12' title='bbox 2505 473 2638 538; x_wconf 76' lang='lat' dir='ltr'>sive</span> <span class='ocrx_word' id='word_1_13' title='bbox 2665 475 2848 557; x_wconf 86' lang='lat' dir='ltr'>potius</span> 
     </span>
     <span class='ocr_line' id='line_1_3' title="bbox 654 585 2853 672; baseline 0.004 -27"><span class='ocrx_word' id='word_1_14' title='bbox 654 609 684 645; x_wconf 65' lang='grc' dir='ltr'>τι</span> <span class='ocrx_word' id='word_1_15' title='bbox 713 586 779 649; x_wconf 91' lang='lat' dir='ltr'>in</span> <span class='ocrx_word' id='word_1_16' title='bbox 802 602 1213 670; x_wconf 85' lang='lat' dir='ltr'>quocumque</span> <span class='ocrx_word' id='word_1_17' title='bbox 1256 606 1407 652; x_wconf 89' lang='lat' dir='ltr'>casu</span> <span class='ocrx_word' id='word_1_18' title='bbox 1450 589 1885 655; x_wconf 80' lang='lat' dir='ltr'><strong>renovationis</strong></span> <span class='ocrx_word' id='word_1_19' title='bbox 1937 588 2218 665; x_wconf 89' lang='lat' dir='ltr'>illorum,</span> <span class='ocrx_word' id='word_1_20' title='bbox 2263 585 2347 652; x_wconf 90' lang='lat' dir='ltr'>ad</span> <span class='ocrx_word' id='word_1_21' title='bbox 2393 606 2556 672; x_wconf 87' lang='lat' dir='ltr'>quos</span> <span class='ocrx_word' id='word_1_22' title='bbox 2591 589 2853 671; x_wconf 72' lang='lat' dir='ltr'><strong>pertinet</strong></span> 
     </span>
     <span class='ocr_line' id='line_1_4' title="bbox 653 701 2850 787; baseline 0.002 -25"><span class='ocrx_word' id='word_1_23' title='bbox 653 725 684 762; x_wconf 89' lang='lat'>«</span> <span class='ocrx_word' id='word_1_24' title='bbox 719 701 1099 779; x_wconf 84' lang='lat' dir='ltr'>nominatio,</span> <span class='ocrx_word' id='word_1_25' title='bbox 1155 702 1349 767; x_wconf 89' lang='lat' dir='ltr'>etiam</span> <span class='ocrx_word' id='word_1_26' title='bbox 1408 703 1652 787; x_wconf 87' lang='lat' dir='ltr'>absque</span> <span class='ocrx_word' id='word_1_27' title='bbox 1715 723 1931 769; x_wconf 83' lang='lat' dir='ltr'>causa.</span> <span class='ocrx_word' id='word_1_28' title='bbox 1974 729 2006 764; x_wconf 87' lang='lat'>»</span> <span class='ocrx_word' id='word_1_29' title='bbox 2064 742 2155 751; x_wconf 90' lang='lat'><strong>—</strong></span> <span class='ocrx_word' id='word_1_30' title='bbox 2210 704 2404 768; x_wconf 89' lang='lat' dir='ltr'>Sacra</span> <span class='ocrx_word' id='word_1_31' title='bbox 2452 703 2850 785; x_wconf 81' lang='lat' dir='ltr'>congregatio</span> 
     </span>
     <span class='ocr_line' id='line_1_5' title="bbox 646 816 2846 905; baseline -0 -22"><span class='ocrx_word' id='word_1_32' title='bbox 646 818 985 901; x_wconf 89' lang='lat' dir='ltr'>respondit</span> <span class='ocrx_word' id='word_1_33' title='bbox 1024 840 1037 881; x_wconf 90' lang='lat'>:</span> <span class='ocrx_word' id='word_1_34' title='bbox 1081 840 1112 879; x_wconf 74' lang='grc' dir='ltr'><em>α</em></span> <span class='ocrx_word' id='word_1_35' title='bbox 1145 817 1243 883; x_wconf 86' lang='lat' dir='ltr'>Ad</span> <span class='ocrx_word' id='word_1_36' title='bbox 1274 825 1562 901; x_wconf 83' lang='lat' dir='ltr'>primum,</span> <span class='ocrx_word' id='word_1_37' title='bbox 1603 816 1982 886; x_wconf 83' lang='lat' dir='ltr'>affirmative</span> <span class='ocrx_word' id='word_1_38' title='bbox 2015 819 2238 905; x_wconf 90' lang='lat' dir='ltr'>quoad</span> <span class='ocrx_word' id='word_1_39' title='bbox 2273 821 2546 902; x_wconf 81' lang='lat' dir='ltr'>primam</span> <span class='ocrx_word' id='word_1_40' title='bbox 2591 826 2846 904; x_wconf 83' lang='lat' dir='ltr'>partem,</span> 
     </span>
     <span class='ocr_line' id='line_1_6' title="bbox 649 932 1831 1018; baseline -0.003 -19"><span class='ocrx_word' id='word_1_41' title='bbox 649 957 680 992; x_wconf 79' lang='grc' dir='ltr'><strong><em>α</em></strong></span> <span class='ocrx_word' id='word_1_42' title='bbox 721 941 787 999; x_wconf 88' lang='lat' dir='ltr'>et</span> <span class='ocrx_word' id='word_1_43' title='bbox 818 934 1120 1017; x_wconf 76' lang='lat' dir='ltr'>negative</span> <span class='ocrx_word' id='word_1_44' title='bbox 1146 932 1360 1018; x_wconf 89' lang='lat' dir='ltr'>quoad</span> <span class='ocrx_word' id='word_1_45' title='bbox 1387 934 1763 1002; x_wconf 89' lang='lat' dir='ltr'>secundam.</span> <span class='ocrx_word' id='word_1_46' title='bbox 1801 960 1831 996; x_wconf 74' lang='grc' dir='ltr'>ι)</span> 
     </span>
    </p>

    <p class='ocr_par' dir='ltr' id='par_1_3' title="bbox 631 1053 2858 1584">
     <span class='ocr_line' id='line_1_7' title="bbox 728 1053 2855 1138; baseline 0 -21"><span class='ocrx_word' id='word_1_47' title='bbox 728 1053 840 1118; x_wconf 84' lang='lat' dir='ltr'>His</span> <span class='ocrx_word' id='word_1_48' title='bbox 882 1054 945 1117; x_wconf 91' lang='lat' dir='ltr'>in</span> <span class='ocrx_word' id='word_1_49' title='bbox 990 1060 1333 1137; x_wconf 88' lang='lat' dir='ltr'>utramque</span> <span class='ocrx_word' id='word_1_50' title='bbox 1376 1063 1631 1138; x_wconf 90' lang='lat' dir='ltr'>partem</span> <span class='ocrx_word' id='word_1_51' title='bbox 1669 1053 1993 1134; x_wconf 76' lang='lat' dir='ltr'>adductiS,</span> <span class='ocrx_word' id='word_1_52' title='bbox 2023 1074 2107 1120; x_wconf 91' lang='lat' dir='ltr'>an</span> <span class='ocrx_word' id='word_1_53' title='bbox 2146 1054 2519 1133; x_wconf 88' lang='lat' dir='ltr'>tribuenda,</span> <span class='ocrx_word' id='word_1_54' title='bbox 2556 1075 2636 1120; x_wconf 84' lang='lat' dir='ltr'>an</span> <span class='ocrx_word' id='word_1_55' title='bbox 2677 1054 2855 1120; x_wconf 87' lang='lat' dir='ltr'>denc-</span> 
     </span>
     <span class='ocr_line' id='line_1_8' title="bbox 634 1166 2855 1253; baseline 0 -20"><span class='ocrx_word' id='word_1_56' title='bbox 634 1166 845 1252; x_wconf 85' lang='lat' dir='ltr'>ganda</span> <span class='ocrx_word' id='word_1_57' title='bbox 885 1167 1166 1252; x_wconf 80' lang='lat' dir='ltr'>parocho</span> <span class='ocrx_word' id='word_1_58' title='bbox 1197 1167 1280 1235; x_wconf 90' lang='lat' dir='ltr'>de</span> <span class='ocrx_word' id='word_1_59' title='bbox 1306 1167 1455 1253; x_wconf 87' lang='lat' dir='ltr'>jure</span> <span class='ocrx_word' id='word_1_60' title='bbox 1488 1172 1810 1236; x_wconf 90' lang='lat' dir='ltr'>communi</span> <span class='ocrx_word' id='word_1_61' title='bbox 1853 1177 2161 1253; x_wconf 84' lang='lat' dir='ltr'>potestaS‚</span> <span class='ocrx_word' id='word_1_62' title='bbox 2206 1173 2517 1236; x_wconf 86' lang='lat' dir='ltr'>vicarium</span> <span class='ocrx_word' id='word_1_63' title='bbox 2555 1189 2744 1236; x_wconf 87' lang='lat' dir='ltr'>suum</span> <span class='ocrx_word' id='word_1_64' title='bbox 2771 1188 2855 1234; x_wconf 87' lang='lat' dir='ltr'>re·</span> 
     </span>
     <span class='ocr_line' id='line_1_9' title="bbox 637 1283 2852 1370; baseline 0 -21"><span class='ocrx_word' id='word_1_65' title='bbox 637 1283 941 1352; x_wconf 85' lang='lat' dir='ltr'>movendi</span> <span class='ocrx_word' id='word_1_66' title='bbox 1005 1292 1136 1349; x_wconf 82' lang='lat' dir='ltr'>sine</span> <span class='ocrx_word' id='word_1_67' title='bbox 1195 1306 1375 1349; x_wconf 75' lang='lat' dir='ltr'>cau-sa</span> <span class='ocrx_word' id='word_1_68' title='bbox 1430 1290 1505 1349; x_wconf 84' lang='lat' dir='ltr'>ab</span> <span class='ocrx_word' id='word_1_69' title='bbox 1570 1292 1859 1369; x_wconf 75' lang='lat' dir='ltr'><em>Episcopo</em></span> <span class='ocrx_word' id='word_1_70' title='bbox 1926 1292 2258 1370; x_wconf 82' lang='lat' dir='ltr'>approbata</span> <span class='ocrx_word' id='word_1_71' title='bbox 2283 1338 2299 1365; x_wconf 91' lang='lat'>,</span> <span class='ocrx_word' id='word_1_72' title='bbox 2360 1285 2852 1370; x_wconf 81' lang='lat' dir='ltr'>expendendum</span> 
     </span>
     <span class='ocr_line' id='line_1_10' title="bbox 631 1399 2858 1487; baseline -0.001 -20"><span class='ocrx_word' id='word_1_73' title='bbox 631 1402 929 1486; x_wconf 86' lang='lat' dir='ltr'>relinquo</span> <span class='ocrx_word' id='word_1_74' title='bbox 966 1399 1388 1478; x_wconf 56' lang='lat' dir='ltr'>doctioribus</span> <span class='ocrx_word' id='word_1_75' title='bbox 1429 1401 1666 1487; x_wconf 87' lang='lat' dir='ltr'>quihus</span> <span class='ocrx_word' id='word_1_76' title='bbox 1705 1402 1878 1468; x_wconf 84' lang='lat' dir='ltr'>forte</span> <span class='ocrx_word' id='word_1_77' title='bbox 1910 1410 2064 1469; x_wconf 90' lang='lat' dir='ltr'>nota</span> <span class='ocrx_word' id='word_1_78' title='bbox 2092 1411 2289 1469; x_wconf 89' lang='lat' dir='ltr'>eruut</span> <span class='ocrx_word' id='word_1_79' title='bbox 2317 1405 2566 1486; x_wconf 78' lang='lat' dir='ltr'>aptiora</span> <span class='ocrx_word' id='word_1_80' title='bbox 2603 1401 2690 1469; x_wconf 87' lang='lat' dir='ltr'>ad</span> <span class='ocrx_word' id='word_1_81' title='bbox 2722 1421 2858 1467; x_wconf 87' lang='lat' dir='ltr'>con·</span> 
     </span>
     <span class='ocr_line' id='line_1_11' title="bbox 637 1517 1490 1584; baseline 0 -1"><span class='ocrx_word' id='word_1_82' title='bbox 637 1517 1040 1584; x_wconf 89' lang='lat' dir='ltr'>cludendum</span> <span class='ocrx_word' id='word_1_83' title='bbox 1072 1517 1490 1584; x_wconf 86' lang='lat' dir='ltr'>documenta.</span> 
     </span>
    </p>

    <p class='ocr_par' dir='ltr' id='par_1_4' title="bbox 622 1636 2866 2297">
     <span class='ocr_line' id='line_1_12' title="bbox 719 1636 2858 1720; baseline -0.001 -18"><span class='ocrx_word' id='word_1_84' title='bbox 719 1636 1024 1716; x_wconf 73' lang='lat' dir='ltr'>QuAEs‘rlo</span> <span class='ocrx_word' id='word_1_85' title='bbox 1051 1638 1142 1700; x_wconf 80' lang='lat'>6⁸.</span> <span class='ocrx_word' id='word_1_86' title='bbox 1175 1673 1258 1683; x_wconf 87' lang='lat'>-—</span> <span class='ocrx_word' id='word_1_87' title='bbox 1284 1639 1377 1699; x_wconf 79' lang='lat' dir='ltr'>An</span> <span class='ocrx_word' id='word_1_88' title='bbox 1397 1642 1593 1717; x_wconf 77' lang='lat' dir='ltr'>possit</span> <span class='ocrx_word' id='word_1_89' title='bbox 1619 1640 1947 1719; x_wconf 79' lang='lat' dir='ltr'>Episcopus</span> <span class='ocrx_word' id='word_1_90' title='bbox 1974 1644 2232 1701; x_wconf 79' lang='lat' dir='ltr'>vicarios</span> <span class='ocrx_word' id='word_1_91' title='bbox 2249 1640 2660 1720; x_wconf 78' lang='lat' dir='ltr'>parochorum</span> <span class='ocrx_word' id='word_1_92' title='bbox 2692 1640 2858 1719; x_wconf 81' lang='lat' dir='ltr'>adju·</span> 
     </span>
     <span class='ocr_line' id='line_1_13' title="bbox 633 1752 2854 1834; baseline 0 -21"><span class='ocrx_word' id='word_1_93' title='bbox 633 1759 788 1814; x_wconf 75' lang='lat' dir='ltr'>tores</span> <span class='ocrx_word' id='word_1_94' title='bbox 853 1757 980 1814; x_wconf 79' lang='lat' dir='ltr'>sine</span> <span class='ocrx_word' id='word_1_95' title='bbox 1039 1770 1218 1814; x_wconf 79' lang='lat' dir='ltr'>causa</span> <span class='ocrx_word' id='word_1_96' title='bbox 1268 1770 1563 1814; x_wconf 84' lang='lat' dir='ltr'>removere</span> <span class='ocrx_word' id='word_1_97' title='bbox 1596 1755 1625 1813; x_wconf 88' lang='lat'><strong><em>?</em></strong></span> <span class='ocrx_word' id='word_1_98' title='bbox 1665 1788 1753 1799; x_wconf 79' lang='lat'><strong>—</strong></span> <span class='ocrx_word' id='word_1_99' title='bbox 1798 1752 2067 1817; x_wconf 83' lang='lat' dir='ltr'><strong>Certum</strong></span> <span class='ocrx_word' id='word_1_100' title='bbox 2118 1761 2219 1817; x_wconf 87' lang='lat' dir='ltr'>est</span> <span class='ocrx_word' id='word_1_101' title='bbox 2273 1771 2456 1834; x_wconf 88' lang='lat' dir='ltr'>posse</span> <span class='ocrx_word' id='word_1_102' title='bbox 2515 1771 2658 1829; x_wconf 80' lang='lat' dir='ltr'>eoS‚</span> <span class='ocrx_word' id='word_1_103' title='bbox 2697 1753 2854 1817; x_wconf 85' lang='lat' dir='ltr'>sicut</span> 
     </span>
     <span class='ocr_line' id='line_1_14' title="bbox 629 1866 2854 1952; baseline -0.001 -21"><span class='ocrx_word' id='word_1_104' title='bbox 629 1873 698 1931; x_wconf 87' lang='lat' dir='ltr'>et</span> <span class='ocrx_word' id='word_1_105' title='bbox 731 1873 1004 1931; x_wconf 86' lang='lat' dir='ltr'>caeteros</span> <span class='ocrx_word' id='word_1_106' title='bbox 1035 1866 1327 1942; x_wconf 79' lang='lat' dir='ltr'>clericOS‚</span> <span class='ocrx_word' id='word_1_107' title='bbox 1363 1867 1447 1932; x_wconf 88' lang='lat' dir='ltr'>ab</span> <span class='ocrx_word' id='word_1_108' title='bbox 1484 1867 1799 1950; x_wconf 82' lang='lat' dir='ltr'>Episcopo</span> <span class='ocrx_word' id='word_1_109' title='bbox 1823 1868 1908 1933; x_wconf 88' lang='lat' dir='ltr'>ob</span> <span class='ocrx_word' id='word_1_110' title='bbox 1937 1868 2192 1952; x_wconf 87' lang='lat' dir='ltr'>culpam</span> <span class='ocrx_word' id='word_1_111' title='bbox 2221 1886 2484 1951; x_wconf 81' lang='lat' dir='ltr'>gravem</span> <span class='ocrx_word' id='word_1_112' title='bbox 2525 1867 2854 1952; x_wconf 80' lang='lat' dir='ltr'>suspendi,</span> 
     </span>
     <span class='ocr_line' id='line_1_15' title="bbox 626 1982 2866 2066; baseline 0 -20"><span class='ocrx_word' id='word_1_113' title='bbox 626 1989 696 2046; x_wconf 89' lang='lat' dir='ltr'>et</span> <span class='ocrx_word' id='word_1_114' title='bbox 732 1982 821 2047; x_wconf 85' lang='lat' dir='ltr'>sic</span> <span class='ocrx_word' id='word_1_115' title='bbox 854 1982 1203 2046; x_wconf 78' lang='lat' dir='ltr'>removeri.</span> <span class='ocrx_word' id='word_1_116' title='bbox 1235 1982 1441 2063; x_wconf 88' lang='lat' dir='ltr'>Quam</span> <span class='ocrx_word' id='word_1_117' title='bbox 1469 1982 1957 2065; x_wconf 84' lang='lat' dir='ltr'>suspensionem</span> <span class='ocrx_word' id='word_1_118' title='bbox 1988 2001 2175 2066; x_wconf 88' lang='lat' dir='ltr'>posse</span> <span class='ocrx_word' id='word_1_119' title='bbox 2200 1983 2282 2048; x_wconf 85' lang='lat' dir='ltr'>ab</span> <span class='ocrx_word' id='word_1_120' title='bbox 2310 1983 2628 2066; x_wconf 78' lang='lat' dir='ltr'>Episcopo</span> <span class='ocrx_word' id='word_1_121' title='bbox 2653 1989 2866 2047; x_wconf 78' lang='lat' dir='ltr'>extra-</span> 
     </span>
     <span class='ocr_line' id='line_1_16' title="bbox 622 2094 2857 2182; baseline -0 -20"><span class='ocrx_word' id='word_1_122' title='bbox 622 2094 1040 2182; x_wconf 81' lang='lat' dir='ltr'>judicialiter‚</span> <span class='ocrx_word' id='word_1_123' title='bbox 1065 2117 1182 2162; x_wconf 87' lang='lat' dir='ltr'>seu</span> <span class='ocrx_word' id='word_1_124' title='bbox 1210 2117 1291 2162; x_wconf 82' lang='lat' dir='ltr'>ex</span> <span class='ocrx_word' id='word_1_125' title='bbox 1321 2097 1668 2163; x_wconf 84' lang='lat' dir='ltr'>informata</span> <span class='ocrx_word' id='word_1_126' title='bbox 1698 2099 2111 2176; x_wconf 86' lang='lat' dir='ltr'>conscientia,</span> <span class='ocrx_word' id='word_1_127' title='bbox 2141 2098 2226 2165; x_wconf 88' lang='lat' dir='ltr'>ob</span> <span class='ocrx_word' id='word_1_128' title='bbox 2256 2101 2501 2165; x_wconf 85' lang='lat' dir='ltr'>crimen</span> <span class='ocrx_word' id='word_1_129' title='bbox 2532 2099 2857 2164; x_wconf 86' lang='lat' dir='ltr'>occultum</span> 
     </span>
     <span class='ocr_line' id='line_1_17' title="bbox 627 2213 2408 2297; baseline -0.001 -18"><span class='ocrx_word' id='word_1_130' title='bbox 627 2213 916 2291; x_wconf 87' lang='lat' dir='ltr'>decerni,</span> <span class='ocrx_word' id='word_1_131' title='bbox 950 2215 1197 2297; x_wconf 85' lang='lat' dir='ltr'>pariter</span> <span class='ocrx_word' id='word_1_132' title='bbox 1233 2222 1418 2280; x_wconf 82' lang='lat' dir='ltr'>extra</span> <span class='ocrx_word' id='word_1_133' title='bbox 1448 2232 1710 2279; x_wconf 90' lang='lat' dir='ltr'>omnem</span> <span class='ocrx_word' id='word_1_134' title='bbox 1739 2217 2248 2280; x_wconf 87' lang='lat' dir='ltr'>controversiam</span> <span class='ocrx_word' id='word_1_135' title='bbox 2286 2222 2408 2279; x_wconf 90' lang='lat' dir='ltr'>est.</span> 
     </span>
    </p>

    <p class='ocr_par' dir='ltr' id='par_1_5' title="bbox 624 2329 2858 2530">
     <span class='ocr_line' id='line_1_18' title="bbox 713 2329 2858 2416; baseline -0.003 -21"><span class='ocrx_word' id='word_1_136' title='bbox 713 2329 810 2395; x_wconf 80' lang='lat' dir='ltr'>Ad</span> <span class='ocrx_word' id='word_1_137' title='bbox 838 2331 1259 2416; x_wconf 84' lang='lat' dir='ltr'>quaestionem</span> <span class='ocrx_word' id='word_1_138' title='bbox 1297 2337 1517 2395; x_wconf 89' lang='lat' dir='ltr'>autem</span> <span class='ocrx_word' id='word_1_139' title='bbox 1560 2348 1718 2394; x_wconf 88' lang='lat' dir='ltr'>num</span> <span class='ocrx_word' id='word_1_140' title='bbox 1744 2331 1947 2413; x_wconf 80' lang='lat' dir='ltr'>possit</span> <span class='ocrx_word' id='word_1_141' title='bbox 1977 2330 2330 2413; x_wconf 86' lang='lat' dir='ltr'>Episcopus</span> <span class='ocrx_word' id='word_1_142' title='bbox 2358 2348 2470 2395; x_wconf 88' lang='lat' dir='ltr'>eos</span> <span class='ocrx_word' id='word_1_143' title='bbox 2504 2333 2590 2392; x_wconf 77' lang='lat' dir='ltr'>acl</span> <span class='ocrx_word' id='word_1_144' title='bbox 2624 2333 2858 2393; x_wconf 74' lang='lat' dir='ltr'>libitum</span> 
     </span>
     <span class='ocr_line' id='line_1_19' title="bbox 624 2443 2499 2530; baseline 0.001 -21"><span class='ocrx_word' id='word_1_145' title='bbox 624 2468 695 2510; x_wconf 82' lang='lat' dir='ltr'>ac·</span> <span class='ocrx_word' id='word_1_146' title='bbox 722 2452 851 2512; x_wconf 80' lang='lat' dir='ltr'>sine</span> <span class='ocrx_word' id='word_1_147' title='bbox 876 2467 1057 2511; x_wconf 74' lang='lat' dir='ltr'>causa</span> <span class='ocrx_word' id='word_1_148' title='bbox 1086 2465 1449 2525; x_wconf 86' lang='lat' dir='ltr'>removere,</span> <span class='ocrx_word' id='word_1_149' title='bbox 1480 2447 1571 2512; x_wconf 87' lang='lat' dir='ltr'>sic</span> <span class='ocrx_word' id='word_1_150' title='bbox 1609 2443 2141 2530; x_wconf 89' lang='lat' dir='ltr'>respondendum</span> <span class='ocrx_word' id='word_1_151' title='bbox 2175 2445 2443 2513; x_wconf 82' lang='lat' dir='ltr'>videtur</span> <span class='ocrx_word' id='word_1_152' title='bbox 2485 2468 2499 2511; x_wconf 92' lang='lat'>:</span> 
     </span>
    </p>

    <p class='ocr_par' dir='ltr' id='par_1_6' title="bbox 622 2560 2870 3225">
     <span class='ocr_line' id='line_1_20' title="bbox 722 2560 2868 2646; baseline -0 -20"><span class='ocrx_word' id='word_1_153' title='bbox 722 2567 786 2626; x_wconf 85' lang='lat'>1⁰</span> <span class='ocrx_word' id='word_1_154' title='bbox 811 2562 875 2627; x_wconf 89' lang='lat' dir='ltr'>Si</span> <span class='ocrx_word' id='word_1_155' title='bbox 903 2570 1136 2646; x_wconf 87' lang='lat' dir='ltr'>agatur</span> <span class='ocrx_word' id='word_1_156' title='bbox 1157 2561 1240 2627; x_wconf 89' lang='lat' dir='ltr'>de</span> <span class='ocrx_word' id='word_1_157' title='bbox 1269 2562 1510 2629; x_wconf 85' lang='lat' dir='ltr'>vicario</span> <span class='ocrx_word' id='word_1_158' title='bbox 1542 2571 1770 2628; x_wconf 84' lang='lat' dir='ltr'>curato</span> <span class='ocrx_word' id='word_1_159' title='bbox 1793 2562 2145 2643; x_wconf 83' lang='lat' dir='ltr'>amovibili,</span> <span class='ocrx_word' id='word_1_160' title='bbox 2175 2560 2489 2644; x_wconf 87' lang='lat' dir='ltr'>deputato</span> <span class='ocrx_word' id='word_1_161' title='bbox 2512 2582 2550 2628; x_wconf 85' lang='lat' dir='ltr'>a</span> <span class='ocrx_word' id='word_1_162' title='bbox 2575 2562 2868 2646; x_wconf 88' lang='lat' dir='ltr'>capitulo</span> 
     </span>
     <span class='ocr_line' id='line_1_21' title="bbox 627 2676 2862 2763; baseline -0.001 -21"><span class='ocrx_word' id='word_1_163' title='bbox 627 2680 734 2743; x_wconf 90' lang='lat' dir='ltr'>cui</span> <span class='ocrx_word' id='word_1_164' title='bbox 771 2697 1022 2743; x_wconf 79' lang='lat' dir='ltr'>annexa</span> <span class='ocrx_word' id='word_1_165' title='bbox 1063 2684 1164 2743; x_wconf 85' lang='lat' dir='ltr'>est</span> <span class='ocrx_word' id='word_1_166' title='bbox 1198 2696 1389 2757; x_wconf 87' lang='lat' dir='ltr'>cura,</span> <span class='ocrx_word' id='word_1_167' title='bbox 1426 2677 1672 2761; x_wconf 85' lang='lat' dir='ltr'>pluries</span> <span class='ocrx_word' id='word_1_168' title='bbox 1708 2676 2004 2743; x_wconf 87' lang='lat' dir='ltr'>decisum</span> <span class='ocrx_word' id='word_1_169' title='bbox 2045 2683 2178 2755; x_wconf 87' lang='lat' dir='ltr'>est,</span> <span class='ocrx_word' id='word_1_170' title='bbox 2214 2696 2365 2742; x_wconf 92' lang='lat' dir='ltr'>eum</span> <span class='ocrx_word' id='word_1_171' title='bbox 2415 2695 2557 2743; x_wconf 87' lang='lat' dir='ltr'>esse</span> <span class='ocrx_word' id='word_1_172' title='bbox 2593 2676 2862 2763; x_wconf 86' lang='lat' dir='ltr'>quidem</span> 
     </span>
     <span class='ocr_line' id='line_1_22' title="bbox 624 2791 2869 2877; baseline -0 -21"><span class='ocrx_word' id='word_1_173' title='bbox 624 2791 707 2856; x_wconf 90' lang='lat' dir='ltr'>ad</span> <span class='ocrx_word' id='word_1_174' title='bbox 748 2792 1051 2875; x_wconf 78' lang='lat' dir='ltr'>placitum</span> <span class='ocrx_word' id='word_1_175' title='bbox 1084 2792 1357 2875; x_wconf 88' lang='lat' dir='ltr'>capituli</span> <span class='ocrx_word' id='word_1_176' title='bbox 1395 2793 1867 2877; x_wconf 78' lang='lat' dir='ltr'>revocabilem3</span> <span class='ocrx_word' id='word_1_177' title='bbox 1910 2793 1992 2858; x_wconf 87' lang='lat' dir='ltr'>ab</span> <span class='ocrx_word' id='word_1_178' title='bbox 2030 2794 2356 2876; x_wconf 86' lang='lat' dir='ltr'>Episcopo</span> <span class='ocrx_word' id='word_1_179' title='bbox 2395 2801 2618 2859; x_wconf 88' lang='lat' dir='ltr'>autem</span> <span class='ocrx_word' id='word_1_180' title='bbox 2655 2810 2869 2858; x_wconf 86' lang='lat' dir='ltr'>remo·</span> 
     </span>
     <span class='ocr_line' id='line_1_23' title="bbox 628 2908 2870 2996; baseline -0 -22"><span class='ocrx_word' id='word_1_181' title='bbox 628 2908 768 2974; x_wconf 85' lang='lat' dir='ltr'>veri</span> <span class='ocrx_word' id='word_1_182' title='bbox 802 2927 933 2974; x_wconf 89' lang='lat' dir='ltr'>non</span> <span class='ocrx_word' id='word_1_183' title='bbox 982 2925 1193 2991; x_wconf 83' lang='lat' dir='ltr'>posse,</span> <span class='ocrx_word' id='word_1_184' title='bbox 1236 2908 1358 2973; x_wconf 87' lang='lat' dir='ltr'>nisi</span> <span class='ocrx_word' id='word_1_185' title='bbox 1394 2928 1476 2973; x_wconf 84' lang='lat' dir='ltr'>ex</span> <span class='ocrx_word' id='word_1_186' title='bbox 1511 2926 1725 2987; x_wconf 87' lang='lat' dir='ltr'>cansa,</span> <span class='ocrx_word' id='word_1_187' title='bbox 1767 2909 1852 2975; x_wconf 89' lang='lat' dir='ltr'>ob</span> <span class='ocrx_word' id='word_1_188' title='bbox 1881 2928 2074 2994; x_wconf 85' lang='lat' dir='ltr'>quam</span> <span class='ocrx_word' id='word_1_189' title='bbox 2107 2911 2384 2996; x_wconf 91' lang='lat' dir='ltr'>(etiamsi</span> <span class='ocrx_word' id='word_1_190' title='bbox 2409 2910 2590 2974; x_wconf 85' lang='lat' dir='ltr'>foret</span> <span class='ocrx_word' id='word_1_191' title='bbox 2622 2928 2870 2993; x_wconf 86' lang='lat' dir='ltr'>perpe·</span> 
     </span>
     <span class='ocr_line' id='line_1_24' title="bbox 622 3023 2861 3111; baseline 0 -23"><span class='ocrx_word' id='word_1_192' title='bbox 622 3023 796 3110; x_wconf 88' lang='lat' dir='ltr'>tuus)</span> <span class='ocrx_word' id='word_1_193' title='bbox 831 3026 1154 3091; x_wconf 83' lang='lat' dir='ltr'>removeri</span> <span class='ocrx_word' id='word_1_194' title='bbox 1214 3034 1453 3108; x_wconf 82' lang='lat' dir='ltr'>posset.</span> <span class='ocrx_word' id='word_1_195' title='bbox 1510 3025 1699 3111; x_wconf 87' lang='lat' dir='ltr'>(Vide</span> <span class='ocrx_word' id='word_1_196' title='bbox 1740 3024 1810 3090; x_wconf 90' lang='lat' dir='ltr'>id</span> <span class='ocrx_word' id='word_1_197' title='bbox 1853 3026 2197 3108; x_wconf 85' lang='lat' dir='ltr'>probatum</span> <span class='ocrx_word' id='word_1_198' title='bbox 2255 3045 2474 3109; x_wconf 87' lang='lat' dir='ltr'>snpra,</span> <span class='ocrx_word' id='word_1_199' title='bbox 2541 3035 2740 3109; x_wconf 83' lang='lat' dir='ltr'>parte</span> <span class='ocrx_word' id='word_1_200' title='bbox 2800 3029 2861 3100; x_wconf 84' lang='lat'>3,</span> 
     </span>
     <span class='ocr_line' id='line_1_25' title="bbox 624 3139 1609 3225; baseline -0.003 -18"><span class='ocrx_word' id='word_1_201' title='bbox 624 3149 782 3223; x_wconf 76' lang='lat' dir='ltr'>sect.</span> <span class='ocrx_word' id='word_1_202' title='bbox 826 3143 891 3217; x_wconf 78' lang='lat'>4,</span> <span class='ocrx_word' id='word_1_203' title='bbox 920 3141 1203 3207; x_wconf 87' lang='lat' dir='ltr'>subsect.</span> <span class='ocrx_word' id='word_1_204' title='bbox 1238 3144 1300 3219; x_wconf 80' lang='lat'>2,</span> <span class='ocrx_word' id='word_1_205' title='bbox 1336 3159 1479 3224; x_wconf 90' lang='lat' dir='ltr'>cap.</span> <span class='ocrx_word' id='word_1_206' title='bbox 1513 3139 1609 3225; x_wconf 83' lang='lat'>4.)</span> 
     </span>
    </p>

    <p class='ocr_par' dir='ltr' id='par_1_7' title="bbox 615 3256 2874 4505">
     <span class='ocr_line' id='line_1_26' title="bbox 714 3256 2858 3340; baseline 0.002 -18"><span class='ocrx_word' id='word_1_207' title='bbox 714 3261 782 3322; x_wconf 81' lang='lat'>2⁰</span> <span class='ocrx_word' id='word_1_208' title='bbox 811 3258 1002 3339; x_wconf 85' lang='lat' dir='ltr'>Quod</span> <span class='ocrx_word' id='word_1_209' title='bbox 1058 3265 1275 3322; x_wconf 89' lang='lat' dir='ltr'>autem</span> <span class='ocrx_word' id='word_1_210' title='bbox 1317 3259 1551 3323; x_wconf 84' lang='lat' dir='ltr'>attinet</span> <span class='ocrx_word' id='word_1_211' title='bbox 1593 3256 1680 3322; x_wconf 87' lang='lat' dir='ltr'>ad</span> <span class='ocrx_word' id='word_1_212' title='bbox 1731 3258 2005 3323; x_wconf 84' lang='lat' dir='ltr'>vicarios</span> <span class='ocrx_word' id='word_1_213' title='bbox 2034 3256 2120 3323; x_wconf 88' lang='lat' dir='ltr'>de</span> <span class='ocrx_word' id='word_1_214' title='bbox 2160 3256 2396 3340; x_wconf 86' lang='lat' dir='ltr'>quibus</span> <span class='ocrx_word' id='word_1_215' title='bbox 2432 3257 2537 3322; x_wconf 90' lang='lat' dir='ltr'>hic</span> <span class='ocrx_word' id='word_1_216' title='bbox 2580 3259 2858 3340; x_wconf 78' lang='lat' dir='ltr'>agimus,</span> 
     </span>
     <span class='ocr_line' id='line_1_27' title="bbox 622 3370 2859 3460; baseline -0.001 -21"><span class='ocrx_word' id='word_1_217' title='bbox 622 3377 733 3460; x_wconf 82' lang='lat' dir='ltr'>qni</span> <span class='ocrx_word' id='word_1_218' title='bbox 764 3391 996 3457; x_wconf 87' lang='lat' dir='ltr'>nempe</span> <span class='ocrx_word' id='word_1_219' title='bbox 1030 3371 1311 3457; x_wconf 79' lang='lat' dir='ltr'>parocho</span> <span class='ocrx_word' id='word_1_220' title='bbox 1344 3370 1658 3438; x_wconf 86' lang='lat' dir='ltr'>residenti</span> <span class='ocrx_word' id='word_1_221' title='bbox 1694 3378 1762 3436; x_wconf 90' lang='lat' dir='ltr'>et</span> <span class='ocrx_word' id='word_1_222' title='bbox 1799 3392 2022 3438; x_wconf 87' lang='lat' dir='ltr'>curam</span> <span class='ocrx_word' id='word_1_223' title='bbox 2053 3374 2389 3438; x_wconf 85' lang='lat' dir='ltr'>exercenti</span> <span class='ocrx_word' id='word_1_224' title='bbox 2427 3372 2859 3446; x_wconf 83' lang='lat' dir='ltr'>auxiliantur,</span> 
     </span>
     <span class='ocr_line' id='line_1_28' title="bbox 622 3486 2874 3572; baseline -0 -16"><span class='ocrx_word' id='word_1_225' title='bbox 622 3512 749 3556; x_wconf 87' lang='lat' dir='ltr'>non</span> <span class='ocrx_word' id='word_1_226' title='bbox 779 3490 1039 3556; x_wconf 84' lang='lat' dir='ltr'>videtur</span> <span class='ocrx_word' id='word_1_227' title='bbox 1084 3486 1486 3555; x_wconf 88' lang='lat' dir='ltr'>concordare</span> <span class='ocrx_word' id='word_1_228' title='bbox 1525 3506 1709 3571; x_wconf 86' lang='lat' dir='ltr'>posse</span> <span class='ocrx_word' id='word_1_229' title='bbox 1744 3497 2131 3571; x_wconf 83' lang='lat' dir='ltr'>potestatem</span> <span class='ocrx_word' id='word_1_230' title='bbox 2173 3490 2470 3572; x_wconf 86' lang='lat' dir='ltr'>Episcopi</span> <span class='ocrx_word' id='word_1_231' title='bbox 2506 3508 2619 3554; x_wconf 88' lang='lat' dir='ltr'>eos</span> <span class='ocrx_word' id='word_1_232' title='bbox 2671 3509 2874 3555; x_wconf 70' lang='lat' dir='ltr'>revo-</span> 
     </span>
     <span class='ocr_line' id='line_1_29' title="bbox 623 3602 2871 3687; baseline -0.003 -16"><span class='ocrx_word' id='word_1_233' title='bbox 623 3605 812 3672; x_wconf 87' lang='lat' dir='ltr'>candi</span> <span class='ocrx_word' id='word_1_234' title='bbox 842 3613 970 3670; x_wconf 76' lang='lat' dir='ltr'>sine</span> <span class='ocrx_word' id='word_1_235' title='bbox 995 3625 1199 3681; x_wconf 80' lang='lat' dir='ltr'>causa,</span> <span class='ocrx_word' id='word_1_236' title='bbox 1237 3623 1383 3669; x_wconf 90' lang='lat' dir='ltr'>cnm</span> <span class='ocrx_word' id='word_1_237' title='bbox 1424 3610 1747 3687; x_wconf 86' lang='lat' dir='ltr'>potestate</span> <span class='ocrx_word' id='word_1_238' title='bbox 1798 3602 2060 3685; x_wconf 84' lang='lat' dir='ltr'>parochi</span> <span class='ocrx_word' id='word_1_239' title='bbox 2107 3602 2373 3669; x_wconf 88' lang='lat' dir='ltr'>eosdem</span> <span class='ocrx_word' id='word_1_240' title='bbox 2414 3604 2537 3667; x_wconf 87' lang='lat' dir='ltr'>sibi</span> <span class='ocrx_word' id='word_1_241' title='bbox 2573 3602 2871 3686; x_wconf 81' lang='lat' dir='ltr'>eligendi</span> 
     </span>
     <span class='ocr_line' id='line_1_30' title="bbox 622 3717 2874 3806; baseline -0.003 -18"><span class='ocrx_word' id='word_1_242' title='bbox 622 3732 691 3788; x_wconf 85' lang='lat' dir='ltr'>et</span> <span class='ocrx_word' id='word_1_243' title='bbox 732 3720 1123 3798; x_wconf 84' lang='lat' dir='ltr'>nominandi,</span> <span class='ocrx_word' id='word_1_244' title='bbox 1156 3740 1349 3806; x_wconf 90' lang='lat' dir='ltr'>quam</span> <span class='ocrx_word' id='word_1_245' title='bbox 1392 3719 1687 3804; x_wconf 87' lang='lat' dir='ltr'>parochis</span> <span class='ocrx_word' id='word_1_246' title='bbox 1731 3739 1926 3802; x_wconf 86' lang='lat' dir='ltr'>supra</span> <span class='ocrx_word' id='word_1_247' title='bbox 1963 3720 2170 3804; x_wconf 88' lang='lat' dir='ltr'>(parte</span> <span class='ocrx_word' id='word_1_248' title='bbox 2211 3721 2273 3794; x_wconf 80' lang='lat'>4,</span> <span class='ocrx_word' id='word_1_249' title='bbox 2318 3720 2534 3802; x_wconf 88' lang='lat' dir='ltr'>capite</span> <span class='ocrx_word' id='word_1_250' title='bbox 2569 3717 2632 3802; x_wconf 78' lang='lat'>2)</span> <span class='ocrx_word' id='word_1_251' title='bbox 2671 3721 2874 3784; x_wconf 74' lang='lat' dir='ltr'>attri-</span> 
     </span>
     <span class='ocr_line' id='line_1_31' title="bbox 622 3833 2870 3921; baseline -0.003 -18"><span class='ocrx_word' id='word_1_252' title='bbox 622 3838 899 3905; x_wconf 85' lang='lat' dir='ltr'>buimus.</span> <span class='ocrx_word' id='word_1_253' title='bbox 921 3839 1079 3903; x_wconf 89' lang='lat' dir='ltr'>Nam</span> <span class='ocrx_word' id='word_1_254' title='bbox 1109 3846 1397 3921; x_wconf 80' lang='lat' dir='ltr'>potestas</span> <span class='ocrx_word' id='word_1_255' title='bbox 1427 3835 1565 3901; x_wconf 86' lang='lat' dir='ltr'>haec</span> <span class='ocrx_word' id='word_1_256' title='bbox 1599 3834 1866 3919; x_wconf 89' lang='lat' dir='ltr'>parochi</span> <span class='ocrx_word' id='word_1_257' title='bbox 1892 3833 2211 3899; x_wconf 77' lang='lat' dir='ltr'>evaderet</span> <span class='ocrx_word' id='word_1_258' title='bbox 2242 3835 2590 3900; x_wconf 89' lang='lat' dir='ltr'>chimerica</span> <span class='ocrx_word' id='word_1_259' title='bbox 2610 3857 2625 3917; x_wconf 81' lang='lat'>3</span> <span class='ocrx_word' id='word_1_260' title='bbox 2644 3834 2870 3919; x_wconf 73' lang='lat' dir='ltr'>siqui·</span> 
     </span>
     <span class='ocr_line' id='line_1_32' title="bbox 623 3949 2861 4039; baseline -0.003 -18"><span class='ocrx_word' id='word_1_261' title='bbox 623 3954 776 4021; x_wconf 88' lang='lat' dir='ltr'>dem</span> <span class='ocrx_word' id='word_1_262' title='bbox 806 3957 1062 4039; x_wconf 86' lang='lat' dir='ltr'>quoties</span> <span class='ocrx_word' id='word_1_263' title='bbox 1097 3956 1376 4039; x_wconf 85' lang='lat' dir='ltr'>aliquem</span> <span class='ocrx_word' id='word_1_264' title='bbox 1415 3953 1536 4018; x_wconf 87' lang='lat' dir='ltr'>sibi</span> <span class='ocrx_word' id='word_1_265' title='bbox 1567 3951 2013 4033; x_wconf 82' lang='lat' dir='ltr'>assumpsisset</span> <span class='ocrx_word' id='word_1_266' title='bbox 2051 3949 2371 4032; x_wconf 88' lang='lat' dir='ltr'>parochus</span> <span class='ocrx_word' id='word_1_267' title='bbox 2403 3951 2466 4013; x_wconf 90' lang='lat' dir='ltr'>in</span> <span class='ocrx_word' id='word_1_268' title='bbox 2506 3950 2861 4020; x_wconf 72' lang='lat' dir='ltr'>vicarium.</span> 
     </span>
     <span class='ocr_line' id='line_1_33' title="bbox 615 4065 2870 4153; baseline -0.003 -16"><span class='ocrx_word' id='word_1_269' title='bbox 615 4072 832 4137; x_wconf 87' lang='lat' dir='ltr'>statim</span> <span class='ocrx_word' id='word_1_270' title='bbox 873 4078 1090 4153; x_wconf 89' lang='lat' dir='ltr'>posset</span> <span class='ocrx_word' id='word_1_271' title='bbox 1120 4071 1473 4152; x_wconf 88' lang='lat' dir='ltr'>Episcopus</span> <span class='ocrx_word' id='word_1_272' title='bbox 1499 4065 1805 4133; x_wconf 88' lang='lat' dir='ltr'>eumdem</span> <span class='ocrx_word' id='word_1_273' title='bbox 1834 4070 1970 4133; x_wconf 86' lang='lat' dir='ltr'>sine</span> <span class='ocrx_word' id='word_1_274' title='bbox 1997 4067 2129 4133; x_wconf 92' lang='lat' dir='ltr'>ulla</span> <span class='ocrx_word' id='word_1_275' title='bbox 2161 4087 2353 4133; x_wconf 85' lang='lat' dir='ltr'>causa</span> <span class='ocrx_word' id='word_1_276' title='bbox 2381 4085 2761 4133; x_wconf 83' lang='lat' dir='ltr'>removere.</span> <span class='ocrx_word' id='word_1_277' title='bbox 2787 4068 2870 4132; x_wconf 86' lang='lat' dir='ltr'>Et</span> 
     </span>
     <span class='ocr_line' id='line_1_34' title="bbox 618 4181 2868 4269; baseline -0.003 -16"><span class='ocrx_word' id='word_1_278' title='bbox 618 4190 711 4253; x_wconf 87' lang='lat' dir='ltr'>sic</span> <span class='ocrx_word' id='word_1_279' title='bbox 747 4205 982 4254; x_wconf 79' lang='lat' dir='ltr'>revera</span> <span class='ocrx_word' id='word_1_280' title='bbox 1010 4201 1140 4251; x_wconf 88' lang='lat' dir='ltr'>non</span> <span class='ocrx_word' id='word_1_281' title='bbox 1165 4191 1572 4269; x_wconf 86' lang='lat' dir='ltr'>competeret</span> <span class='ocrx_word' id='word_1_282' title='bbox 1603 4183 1883 4269; x_wconf 88' lang='lat' dir='ltr'>parocho</span> <span class='ocrx_word' id='word_1_283' title='bbox 1915 4181 2092 4250; x_wconf 86' lang='lat' dir='ltr'>dicta</span> <span class='ocrx_word' id='word_1_284' title='bbox 2113 4191 2401 4267; x_wconf 86' lang='lat' dir='ltr'>potestas</span> <span class='ocrx_word' id='word_1_285' title='bbox 2423 4199 2610 4249; x_wconf 87' lang='lat' dir='ltr'>suum</span> <span class='ocrx_word' id='word_1_286' title='bbox 2641 4187 2868 4248; x_wconf 87' lang='lat' dir='ltr'>nomi·</span> 
     </span>
     <span class='ocr_line' id='line_1_35' title="bbox 615 4297 2870 4387; baseline 0 -21"><span class='ocrx_word' id='word_1_287' title='bbox 615 4301 811 4368; x_wconf 87' lang='lat' dir='ltr'>nandi</span> <span class='ocrx_word' id='word_1_288' title='bbox 838 4300 1170 4366; x_wconf 75' lang='lat' dir='ltr'>vicarium.</span> <span class='ocrx_word' id='word_1_289' title='bbox 1191 4298 1326 4365; x_wconf 77' lang='lat' dir='ltr'>Nec</span> <span class='ocrx_word' id='word_1_290' title='bbox 1351 4297 1608 4366; x_wconf 85' lang='lat' dir='ltr'>dicatur</span> <span class='ocrx_word' id='word_1_291' title='bbox 1632 4300 1811 4369; x_wconf 90' lang='lat' dir='ltr'>idem</span> <span class='ocrx_word' id='word_1_292' title='bbox 1843 4319 2030 4386; x_wconf 85' lang='lat' dir='ltr'>posse</span> <span class='ocrx_word' id='word_1_293' title='bbox 2057 4304 2446 4387; x_wconf 88' lang='lat' dir='ltr'>Episcopum</span> <span class='ocrx_word' id='word_1_294' title='bbox 2481 4300 2870 4368; x_wconf 83' lang='lat' dir='ltr'>recusando</span> 
     </span>
     <span class='ocr_line' id='line_1_36' title="bbox 617 4417 2864 4505; baseline -0.003 -19"><span class='ocrx_word' id='word_1_295' title='bbox 617 4417 1173 4505; x_wconf 80' lang='lat' dir='ltr'>approbationem,</span> <span class='ocrx_word' id='word_1_296' title='bbox 1219 4434 1359 4500; x_wconf 82' lang='lat' dir='ltr'>quae</span> <span class='ocrx_word' id='word_1_297' title='bbox 1390 4423 1571 4481; x_wconf 85' lang='lat' dir='ltr'>certo</span> <span class='ocrx_word' id='word_1_298' title='bbox 1599 4420 1960 4485; x_wconf 86' lang='lat' dir='ltr'>necessaria</span> <span class='ocrx_word' id='word_1_299' title='bbox 1999 4424 2119 4485; x_wconf 61' lang='lat' dir='ltr'>est.</span> <span class='ocrx_word' id='word_1_300' title='bbox 2153 4421 2316 4485; x_wconf 85' lang='lat' dir='ltr'>Nam</span> <span class='ocrx_word' id='word_1_301' title='bbox 2355 4420 2619 4498; x_wconf 78' lang='lat' dir='ltr'>vicario,</span> <span class='ocrx_word' id='word_1_302' title='bbox 2647 4435 2864 4502; x_wconf 74' lang='lat' dir='ltr'>quem</span> 
     </span>
    </p>
   </div>
   <div class='ocr_carea' id='block_1_3' title="bbox 3042 2837 3046 3688">
    <p class='ocr_par' dir='ltr' id='par_1_8' title="bbox 3042 2837 3046 3688">
     <span class='ocr_line' id='line_1_37' title="bbox 3042 2837 3046 3688; baseline 0 0"><span class='ocrx_word' id='word_1_303' title='bbox 3042 2837 3046 3688; x_wconf 95' lang='lat' dir='ltr'> </span> 
     </span>
    </p>
   </div>
  </div>
 </body>
</html>
