<?xml version="1.0" encoding="UTF-8"?>
<!DOCTYPE html PUBLIC "-//W3C//DTD XHTML 1.0 Transitional//EN"
    "http://www.w3.org/TR/xhtml1/DTD/xhtml1-transitional.dtd">
<html xmlns="http://www.w3.org/1999/xhtml" xml:lang="en" lang="en">
 <head>
  <title>
</title>
<meta http-equiv="Content-Type" content="text/html;charset=utf-8" />
  <meta name='ocr-system' content='tesseract 3.04.00' />
  <meta name='ocr-capabilities' content='ocr_page ocr_carea ocr_par ocr_line ocrx_word'/>
</head>
<body>
  <div class='ocr_page' id='page_1' title='image "./tractatusdeparo00bouigoog_0666.png"; bbox 0 0 3146 4973; ppageno 0'>
   <div class='ocr_carea' id='block_1_1' title="bbox 688 408 2240 472">
    <p class='ocr_par' dir='ltr' id='par_1_1' title="bbox 688 408 2240 472">
     <span class='ocr_line' id='line_1_1' title="bbox 688 408 2240 472; baseline -0.003 0"><span class='ocrx_word' id='word_1_1' title='bbox 688 408 818 472; x_wconf 70' lang='lat'><strong>654</strong></span> <span class='ocrx_word' id='word_1_2' title='bbox 1359 422 1736 471; x_wconf 61' lang='lat' dir='ltr'><strong>raacurns</strong></span> <span class='ocrx_word' id='word_1_3' title='bbox 1780 423 1869 470; x_wconf 72' lang='lat' dir='ltr'><strong>m:</strong></span> <span class='ocrx_word' id='word_1_4' title='bbox 1912 421 2240 469; x_wconf 61' lang='lat' dir='ltr'><strong>ranocno.</strong></span> 
     </span>
    </p>
   </div>
   <div class='ocr_carea' id='block_1_2' title="bbox 693 542 2938 4565">
    <p class='ocr_par' dir='ltr' id='par_1_2' title="bbox 693 542 2919 861">
     <span class='ocr_line' id='line_1_2' title="bbox 693 542 2916 631; baseline -0.001 -23"><span class='ocrx_word' id='word_1_5' title='bbox 693 572 725 608; x_wconf 71' lang='grc' dir='ltr'><strong>ι(</strong></span> <span class='ocrx_word' id='word_1_6' title='bbox 760 547 1260 631; x_wconf 65' lang='lat' dir='ltr'><strong>appellationem</strong></span> <span class='ocrx_word' id='word_1_7' title='bbox 1287 546 1755 630; x_wconf 71' lang='lat' dir='ltr'>interposuerit</span> <span class='ocrx_word' id='word_1_8' title='bbox 1792 544 1876 611; x_wconf 88' lang='lat' dir='ltr'><strong>ad</strong></span> <span class='ocrx_word' id='word_1_9' title='bbox 1903 545 2194 612; x_wconf 83' lang='lat' dir='ltr'><strong>tribunal</strong></span> <span class='ocrx_word' id='word_1_10' title='bbox 2220 544 2649 619; x_wconf 67' lang='lat' dir='ltr'><strong>Nuntiaturae‘,</strong></span> <span class='ocrx_word' id='word_1_11' title='bbox 2676 542 2916 625; x_wconf 81' lang='lat' dir='ltr'><strong>placuit</strong></span> 
     </span>
     <span class='ocr_line' id='line_1_3' title="bbox 694 659 2919 746; baseline 0.001 -24"><span class='ocrx_word' id='word_1_12' title='bbox 694 683 725 722; x_wconf 74' lang='grc' dir='ltr'><strong>α</strong></span> <span class='ocrx_word' id='word_1_13' title='bbox 768 661 942 727; x_wconf 76' lang='lat' dir='ltr'><strong>illius</strong></span> <span class='ocrx_word' id='word_1_14' title='bbox 968 660 1264 727; x_wconf 78' lang='lat' dir='ltr'><strong>Auditori</strong></span> <span class='ocrx_word' id='word_1_15' title='bbox 1297 659 1640 727; x_wconf 89' lang='lat' dir='ltr'><strong>decretum</strong></span> <span class='ocrx_word' id='word_1_16' title='bbox 1664 660 1870 742; x_wconf 86' lang='lat' dir='ltr'><strong>ferre,</strong></span> <span class='ocrx_word' id='word_1_17' title='bbox 1895 662 1964 726; x_wconf 91' lang='lat' dir='ltr'><strong>in</strong></span> <span class='ocrx_word' id='word_1_18' title='bbox 1991 681 2121 746; x_wconf 87' lang='lat' dir='ltr'><strong>quo</strong></span> <span class='ocrx_word' id='word_1_19' title='bbox 2145 659 2568 727; x_wconf 74' lang='lat' dir='ltr'><strong>demandavit</strong></span> <span class='ocrx_word' id='word_1_20' title='bbox 2594 659 2919 725; x_wconf 80' lang='lat' dir='ltr'><strong>faciendas</strong></span> 
     </span>
     <span class='ocr_line' id='line_1_4' title="bbox 694 779 2246 861; baseline 0.001 -22"><span class='ocrx_word' id='word_1_21' title='bbox 694 800 725 839; x_wconf 68' lang='grc' dir='ltr'><strong>α</strong></span> <span class='ocrx_word' id='word_1_22' title='bbox 769 796 909 844; x_wconf 90' lang='lat' dir='ltr'><strong>esse</strong></span> <span class='ocrx_word' id='word_1_23' title='bbox 938 779 1357 861; x_wconf 76' lang='lat' dir='ltr'><strong>probationes</strong></span> <span class='ocrx_word' id='word_1_24' title='bbox 1386 793 1588 861; x_wconf 90' lang='lat' dir='ltr'><strong>super</strong></span> <span class='ocrx_word' id='word_1_25' title='bbox 1617 798 1808 844; x_wconf 88' lang='lat' dir='ltr'><strong>causa</strong></span> <span class='ocrx_word' id='word_1_26' title='bbox 1846 780 2246 845; x_wconf 85' lang='lat' dir='ltr'>remotionis.</span> 
     </span>
    </p>

    <p class='ocr_par' dir='ltr' id='par_1_3' title="bbox 695 892 2935 2695">
     <span class='ocr_line' id='line_1_5' title="bbox 785 892 2920 980; baseline 0.002 -26"><span class='ocrx_word' id='word_1_27' title='bbox 785 920 816 956; x_wconf 69' lang='lat' dir='ltr'><strong>‹ae</strong></span> <span class='ocrx_word' id='word_1_28' title='bbox 850 895 1182 961; x_wconf 89' lang='lat' dir='ltr'><strong>Parochus</strong></span> <span class='ocrx_word' id='word_1_29' title='bbox 1219 896 1535 961; x_wconf 83' lang='lat' dir='ltr'><strong>Martinus</strong></span> <span class='ocrx_word' id='word_1_30' title='bbox 1584 916 1655 961; x_wconf 91' lang='lat' dir='ltr'><strong>se</strong></span> <span class='ocrx_word' id='word_1_31' title='bbox 1705 897 2039 980; x_wconf 74' lang='lat' dir='ltr'><strong>reputavit</strong></span> <span class='ocrx_word' id='word_1_32' title='bbox 2070 897 2514 978; x_wconf 79' lang='lat' dir='ltr'><strong>maximopere</strong></span> <span class='ocrx_word' id='word_1_33' title='bbox 2546 895 2627 959; x_wconf 91' lang='lat' dir='ltr'><strong>ab</strong></span> <span class='ocrx_word' id='word_1_34' title='bbox 2660 894 2780 959; x_wconf 87' lang='lat' dir='ltr'><strong>hoc</strong></span> <span class='ocrx_word' id='word_1_35' title='bbox 2808 892 2920 958; x_wconf 89' lang='lat' dir='ltr'><strong>de·</strong></span> 
     </span>
     <span class='ocr_line' id='line_1_6' title="bbox 696 1008 2920 1094; baseline 0.001 -24"><span class='ocrx_word' id='word_1_36' title='bbox 696 1033 727 1070; x_wconf 70' lang='lat' dir='ltr'><strong>a</strong></span> <span class='ocrx_word' id='word_1_37' title='bbox 762 1015 945 1077; x_wconf 86' lang='lat' dir='ltr'><strong>creto</strong></span> <span class='ocrx_word' id='word_1_38' title='bbox 981 1016 1319 1094; x_wconf 79' lang='lat' dir='ltr'><strong>gra-vatum</strong></span> <span class='ocrx_word' id='word_1_39' title='bbox 1347 1032 1362 1094; x_wconf 90' lang='lat'>;</span> <span class='ocrx_word' id='word_1_40' title='bbox 1412 1029 1560 1075; x_wconf 87' lang='lat' dir='ltr'><strong>cnm</strong></span> <span class='ocrx_word' id='word_1_41' title='bbox 1595 1011 1974 1076; x_wconf 86' lang='lat' dir='ltr'><strong>inusitatum</strong></span> <span class='ocrx_word' id='word_1_42' title='bbox 2006 1018 2250 1076; x_wconf 77' lang='lat' dir='ltr'><strong>asserat</strong></span> <span class='ocrx_word' id='word_1_43' title='bbox 2282 1012 2347 1074; x_wconf 90' lang='lat' dir='ltr'><strong>in</strong></span> <span class='ocrx_word' id='word_1_44' title='bbox 2376 1012 2711 1094; x_wconf 82' lang='lat' dir='ltr'><strong>Hispaniis,</strong></span> <span class='ocrx_word' id='word_1_45' title='bbox 2748 1008 2920 1094; x_wconf 89' lang='lat' dir='ltr'><strong>quod</strong></span> 
     </span>
     <span class='ocr_line' id='line_1_7' title="bbox 697 1126 2918 1211; baseline 0 -24"><span class='ocrx_word' id='word_1_46' title='bbox 697 1150 729 1187; x_wconf 73' lang='grc' dir='ltr'>α</span> <span class='ocrx_word' id='word_1_47' title='bbox 766 1126 1105 1210; x_wconf 78' lang='lat' dir='ltr'><strong>parochus,</strong></span> <span class='ocrx_word' id='word_1_48' title='bbox 1150 1128 1270 1211; x_wconf 88' lang='lat' dir='ltr'><strong>qui·</strong></span> <span class='ocrx_word' id='word_1_49' title='bbox 1297 1126 1581 1210; x_wconf 80' lang='lat' dir='ltr'><strong>aliquem</strong></span> <span class='ocrx_word' id='word_1_50' title='bbox 1626 1126 2035 1194; x_wconf 81' lang='lat' dir='ltr'><strong>sacerdotem</strong></span> <span class='ocrx_word' id='word_1_51' title='bbox 2075 1127 2156 1192; x_wconf 87' lang='lat' dir='ltr'><strong>ad</strong></span> <span class='ocrx_word' id='word_1_52' title='bbox 2206 1145 2396 1192; x_wconf 89' lang='lat' dir='ltr'><strong>suum</strong></span> <span class='ocrx_word' id='word_1_53' title='bbox 2443 1126 2918 1209; x_wconf 88' lang='lat' dir='ltr'><strong>beneplacitum</strong></span> 
     </span>
     <span class='ocr_line' id='line_1_8' title="bbox 695 1240 2915 1325; baseline 0.001 -22"><span class='ocrx_word' id='word_1_54' title='bbox 695 1266 728 1302; x_wconf 80' lang='grc' dir='ltr'><strong>α</strong></span> <span class='ocrx_word' id='word_1_55' title='bbox 763 1244 1030 1308; x_wconf 86' lang='lat' dir='ltr'><strong>assumit</strong></span> <span class='ocrx_word' id='word_1_56' title='bbox 1056 1261 1176 1325; x_wconf 94' lang='lat' dir='ltr'><strong>pro</strong></span> <span class='ocrx_word' id='word_1_57' title='bbox 1199 1240 1503 1325; x_wconf 76' lang='lat' dir='ltr'><strong>adiutore</strong></span> <span class='ocrx_word' id='word_1_58' title='bbox 1525 1242 1596 1307; x_wconf 91' lang='lat' dir='ltr'><strong>in</strong></span> <span class='ocrx_word' id='word_1_59' title='bbox 1619 1244 1932 1308; x_wconf 87' lang='lat' dir='ltr'><strong>exercitio</strong></span> <span class='ocrx_word' id='word_1_60' title='bbox 1978 1261 2150 1309; x_wconf 84' lang='lat' dir='ltr'><strong>curae</strong></span> <span class='ocrx_word' id='word_1_61' title='bbox 2180 1244 2564 1316; x_wconf 88' lang='lat' dir='ltr'><strong>animarum,</strong></span> <span class='ocrx_word' id='word_1_62' title='bbox 2606 1261 2730 1306; x_wconf 86' lang='lat' dir='ltr'><strong>non</strong></span> <span class='ocrx_word' id='word_1_63' title='bbox 2772 1260 2915 1325; x_wconf 90' lang='lat' dir='ltr'><strong>pos-</strong></span> 
     </span>
     <span class='ocr_line' id='line_1_9' title="bbox 698 1357 2911 1442; baseline 0 -23"><span class='ocrx_word' id='word_1_64' title='bbox 698 1380 729 1419; x_wconf 72' lang='lat'>«</span> <span class='ocrx_word' id='word_1_65' title='bbox 772 1359 855 1424; x_wconf 88' lang='lat' dir='ltr'><strong>sit</strong></span> <span class='ocrx_word' id='word_1_66' title='bbox 883 1376 1035 1422; x_wconf 84' lang='lat' dir='ltr'><strong>eum</strong></span> <span class='ocrx_word' id='word_1_67' title='bbox 1075 1374 1418 1422; x_wconf 85' lang='lat' dir='ltr'><strong>removere</strong></span> <span class='ocrx_word' id='word_1_68' title='bbox 1450 1358 1588 1422; x_wconf 89' lang='lat' dir='ltr'><strong>sine</strong></span> <span class='ocrx_word' id='word_1_69' title='bbox 1617 1360 2032 1442; x_wconf 83' lang='lat' dir='ltr'><strong>expressione</strong></span> <span class='ocrx_word' id='word_1_70' title='bbox 2064 1366 2132 1424; x_wconf 89' lang='lat' dir='ltr'><strong>et</strong></span> <span class='ocrx_word' id='word_1_71' title='bbox 2162 1357 2629 1442; x_wconf 81' lang='lat' dir='ltr'><strong>justificatione</strong></span> <span class='ocrx_word' id='word_1_72' title='bbox 2661 1373 2866 1421; x_wconf 68' lang='lat' dir='ltr'><strong>causae</strong></span> <span class='ocrx_word' id='word_1_73' title='bbox 2898 1377 2911 1419; x_wconf 92' lang='lat'>:</span> 
     </span>
     <span class='ocr_line' id='line_1_10' title="bbox 698 1471 2923 1558; baseline 0.001 -24"><span class='ocrx_word' id='word_1_74' title='bbox 698 1497 730 1534; x_wconf 74' lang='grc' dir='ltr'>α</span> <span class='ocrx_word' id='word_1_75' title='bbox 764 1473 1183 1558; x_wconf 84' lang='lat' dir='ltr'><strong>exhibitoque</strong></span> <span class='ocrx_word' id='word_1_76' title='bbox 1238 1472 1514 1555; x_wconf 86' lang='lat' dir='ltr'><strong>supplici</strong></span> <span class='ocrx_word' id='word_1_77' title='bbox 1571 1471 1795 1539; x_wconf 85' lang='lat' dir='ltr'><strong>libello</strong></span> <span class='ocrx_word' id='word_1_78' title='bbox 1850 1473 2002 1539; x_wconf 86' lang='lat' dir='ltr'><strong>huic</strong></span> <span class='ocrx_word' id='word_1_79' title='bbox 2046 1475 2255 1539; x_wconf 65' lang='lat' dir='ltr'><strong>Sacrae</strong></span> <span class='ocrx_word' id='word_1_80' title='bbox 2313 1471 2826 1557; x_wconf 84' lang='lat' dir='ltr'><strong>Congregationi,</strong></span> <span class='ocrx_word' id='word_1_81' title='bbox 2855 1479 2923 1537; x_wconf 83' lang='lat' dir='ltr'><strong>et</strong></span> 
     </span>
     <span class='ocr_line' id='line_1_11' title="bbox 698 1587 2916 1671; baseline 0 -20"><span class='ocrx_word' id='word_1_82' title='bbox 698 1612 731 1650; x_wconf 75' lang='lat' dir='ltr'><strong>a</strong></span> <span class='ocrx_word' id='word_1_83' title='bbox 767 1589 850 1654; x_wconf 87' lang='lat' dir='ltr'><strong>ab</strong></span> <span class='ocrx_word' id='word_1_84' title='bbox 868 1587 1101 1654; x_wconf 90' lang='lat' dir='ltr'><strong>eadem</strong></span> <span class='ocrx_word' id='word_1_85' title='bbox 1128 1587 1509 1654; x_wconf 84' lang='lat' dir='ltr'><strong>remissoad</strong></span> <span class='ocrx_word' id='word_1_86' title='bbox 1533 1590 2549 1656; x_wconf 81' lang='lat' dir='ltr'><strong>EminentissimumCardinalem</strong></span> <span class='ocrx_word' id='word_1_87' title='bbox 2566 1589 2916 1671; x_wconf 85' lang='lat' dir='ltr'><strong>Bellugam,</strong></span> 
     </span>
     <span class='ocr_line' id='line_1_12' title="bbox 696 1701 2925 1789; baseline 0.001 -24"><span class='ocrx_word' id='word_1_88' title='bbox 696 1727 730 1765; x_wconf 73' lang='lat' dir='ltr'><strong>a</strong></span> <span class='ocrx_word' id='word_1_89' title='bbox 766 1706 877 1789; x_wconf 81' lang='lat' dir='ltr'><strong>qui</strong></span> <span class='ocrx_word' id='word_1_90' title='bbox 906 1703 1292 1787; x_wconf 83' lang='lat' dir='ltr'><strong>dignaretur</strong></span> <span class='ocrx_word' id='word_1_91' title='bbox 1316 1702 1572 1769; x_wconf 81' lang='lat' dir='ltr'><strong>Sacram</strong></span> <span class='ocrx_word' id='word_1_92' title='bbox 1619 1705 2195 1788; x_wconf 79' lang='lat' dir='ltr'><strong>congregationem</strong></span> <span class='ocrx_word' id='word_1_93' title='bbox 2226 1706 2611 1771; x_wconf 86' lang='lat' dir='ltr'><strong>instructam</strong></span> <span class='ocrx_word' id='word_1_94' title='bbox 2643 1701 2925 1769; x_wconf 87' lang='lat' dir='ltr'><strong>reddere</strong></span> 
     </span>
     <span class='ocr_line' id='line_1_13' title="bbox 698 1822 2931 1905; baseline -0.003 -18"><span class='ocrx_word' id='word_1_95' title='bbox 698 1848 727 1878; x_wconf 77' lang='grc' dir='ltr'><strong>«ι</strong></span> <span class='ocrx_word' id='word_1_96' title='bbox 772 1829 843 1887; x_wconf 89' lang='lat' dir='ltr'><strong>et</strong></span> <span class='ocrx_word' id='word_1_97' title='bbox 870 1828 1098 1886; x_wconf 78' lang='lat' dir='ltr'><strong>votum</strong></span> <span class='ocrx_word' id='word_1_98' title='bbox 1146 1837 1334 1886; x_wconf 87' lang='lat' dir='ltr'><strong>suum</strong></span> <span class='ocrx_word' id='word_1_99' title='bbox 1377 1823 1657 1905; x_wconf 85' lang='lat' dir='ltr'><strong>aperire,</strong></span> <span class='ocrx_word' id='word_1_100' title='bbox 1703 1822 2064 1887; x_wconf 85' lang='lat' dir='ltr'><strong>Eminentia</strong></span> <span class='ocrx_word' id='word_1_101' title='bbox 2095 1823 2220 1886; x_wconf 90' lang='lat' dir='ltr'><strong>Sua</strong></span> <span class='ocrx_word' id='word_1_102' title='bbox 2260 1828 2499 1904; x_wconf 74' lang='lat' dir='ltr'><strong>justam</strong></span> <span class='ocrx_word' id='word_1_103' title='bbox 2550 1825 2931 1883; x_wconf 45' lang='lat' dir='ltr'><strong>exanimatae</strong></span> 
     </span>
     <span class='ocr_line' id='line_1_14' title="bbox 698 1935 2930 2020; baseline 0 -23"><span class='ocrx_word' id='word_1_104' title='bbox 698 1962 731 1997; x_wconf 75' lang='lat' dir='ltr'><strong>a</strong></span> <span class='ocrx_word' id='word_1_105' title='bbox 757 1939 1014 2020; x_wconf 73' lang='lat' dir='ltr'><strong>parochi</strong></span> <span class='ocrx_word' id='word_1_106' title='bbox 1047 1941 1380 2018; x_wconf 75' lang='lat' dir='ltr'><strong>querelam‚·</strong></span> <span class='ocrx_word' id='word_1_107' title='bbox 1413 1935 1531 2001; x_wconf 89' lang='lat' dir='ltr'><strong>sed</strong></span> <span class='ocrx_word' id='word_1_108' title='bbox 1578 1935 1814 2001; x_wconf 89' lang='lat' dir='ltr'><strong>eodem</strong></span> <span class='ocrx_word' id='word_1_109' title='bbox 1851 1944 2166 2003; x_wconf 88' lang='lat' dir='ltr'><strong>contextu</strong></span> <span class='ocrx_word' id='word_1_110' title='bbox 2203 1938 2574 2012; x_wconf 86' lang='lat' dir='ltr'><strong>insinuavit,</strong></span> <span class='ocrx_word' id='word_1_111' title='bbox 2604 1943 2679 2000; x_wconf 87' lang='lat' dir='ltr'><strong>ut</strong></span> <span class='ocrx_word' id='word_1_112' title='bbox 2715 1936 2780 1998; x_wconf 91' lang='lat' dir='ltr'><strong>in</strong></span> <span class='ocrx_word' id='word_1_113' title='bbox 2828 1936 2930 1998; x_wconf 82' lang='lat' dir='ltr'><strong>Sa-</strong></span> 
     </span>
     <span class='ocr_line' id='line_1_15' title="bbox 699 2051 2933 2138; baseline 0 -24"><span class='ocrx_word' id='word_1_114' title='bbox 699 2077 733 2114; x_wconf 80' lang='lat'>«</span> <span class='ocrx_word' id='word_1_115' title='bbox 764 2069 888 2119; x_wconf 82' lang='lat' dir='ltr'><strong>cra·</strong></span> <span class='ocrx_word' id='word_1_116' title='bbox 934 2053 1453 2136; x_wconf 81' lang='lat' dir='ltr'><strong>Congregatione</strong></span> <span class='ocrx_word' id='word_1_117' title='bbox 1506 2052 1793 2118; x_wconf 89' lang='lat' dir='ltr'><strong>dubium·</strong></span> <span class='ocrx_word' id='word_1_118' title='bbox 1832 2053 2310 2138; x_wconf 84' lang='lat' dir='ltr'><strong>disputaretur,</strong></span> <span class='ocrx_word' id='word_1_119' title='bbox 2374 2071 2456 2118; x_wconf 88' lang='lat' dir='ltr'><strong>an</strong></span> <span class='ocrx_word' id='word_1_120' title='bbox 2504 2054 2571 2117; x_wconf 90' lang='lat' dir='ltr'><strong>in</strong></span> <span class='ocrx_word' id='word_1_121' title='bbox 2616 2051 2933 2116; x_wconf 81' lang='lat' dir='ltr'><strong>similibus</strong></span> 
     </span>
     <span class='ocr_line' id='line_1_16' title="bbox 698 2167 2918 2253; baseline 0 -25"><span class='ocrx_word' id='word_1_122' title='bbox 698 2190 732 2228; x_wconf 73' lang='grc' dir='ltr'>α</span> <span class='ocrx_word' id='word_1_123' title='bbox 769 2167 1202 2234; x_wconf 88' lang='lat' dir='ltr'><strong>amotionibus</strong></span> <span class='ocrx_word' id='word_1_124' title='bbox 1259 2169 1622 2234; x_wconf 83' lang='lat' dir='ltr'><strong>necessaria</strong></span> <span class='ocrx_word' id='word_1_125' title='bbox 1675 2169 1758 2232; x_wconf 89' lang='lat' dir='ltr'><strong>sit</strong></span> <span class='ocrx_word' id='word_1_126' title='bbox 1789 2171 2120 2252; x_wconf 85' lang='lat' dir='ltr'><strong>expressio</strong></span> <span class='ocrx_word' id='word_1_127' title='bbox 2164 2178 2233 2235; x_wconf 91' lang='lat' dir='ltr'><strong>et</strong></span> <span class='ocrx_word' id='word_1_128' title='bbox 2280 2168 2656 2253; x_wconf 86' lang='lat' dir='ltr'><strong>justificatio</strong></span> <span class='ocrx_word' id='word_1_129' title='bbox 2691 2185 2918 2232; x_wconf 75' lang='lat' dir='ltr'><strong>causae.</strong></span> 
     </span>
     <span class='ocr_line' id='line_1_17' title="bbox 699 2282 2935 2360; baseline 0.001 -18"><span class='ocrx_word' id='word_1_130' title='bbox 699 2307 732 2342; x_wconf 72' lang='grc' dir='ltr'>α</span> <span class='ocrx_word' id='word_1_131' title='bbox 773 2284 838 2346; x_wconf 75' lang='lat' dir='ltr'><strong>si</strong></span> <span class='ocrx_word' id='word_1_132' title='bbox 887 2283 1130 2347; x_wconf 85' lang='lat' dir='ltr'><strong>etenim</strong></span> <span class='ocrx_word' id='word_1_133' title='bbox 1168 2282 1650 2348; x_wconf 84' lang='lat' dir='ltr'><strong>existimabitur</strong></span> <span class='ocrx_word' id='word_1_134' title='bbox 1698 2302 1827 2347; x_wconf 91' lang='lat' dir='ltr'><strong>non</strong></span> <span class='ocrx_word' id='word_1_135' title='bbox 1876 2300 2016 2349; x_wconf 86' lang='lat' dir='ltr'><strong>esse</strong></span> <span class='ocrx_word' id='word_1_136' title='bbox 2056 2286 2509 2360; x_wconf 87' lang='lat' dir='ltr'><strong>necessariam,</strong></span> <span class='ocrx_word' id='word_1_137' title='bbox 2553 2301 2743 2348; x_wconf 85' lang='lat' dir='ltr'><strong>causa</strong></span> <span class='ocrx_word' id='word_1_138' title='bbox 2806 2283 2935 2346; x_wconf 87' lang='lat' dir='ltr'><strong>erit·</strong></span> 
     </span>
     <span class='ocr_line' id='line_1_18' title="bbox 701 2398 2929 2482; baseline 0.001 -23"><span class='ocrx_word' id='word_1_139' title='bbox 701 2422 733 2459; x_wconf 86' lang='lat'>«</span> <span class='ocrx_word' id='word_1_140' title='bbox 766 2398 1111 2463; x_wconf 87' lang='lat' dir='ltr'><strong>terminata</strong></span> <span class='ocrx_word' id='word_1_141' title='bbox 1160 2416 1173 2459; x_wconf 73' lang='grc' dir='ltr'>ε</span> <span class='ocrx_word' id='word_1_142' title='bbox 1223 2403 1292 2463; x_wconf 90' lang='lat' dir='ltr'><strong>et</strong></span> <span class='ocrx_word' id='word_1_143' title='bbox 1348 2417 1385 2462; x_wconf 91' lang='lat' dir='ltr'><strong>e</strong></span> <span class='ocrx_word' id='word_1_144' title='bbox 1443 2405 1674 2462; x_wconf 88' lang='lat' dir='ltr'><strong>contra</strong></span> <span class='ocrx_word' id='word_1_145' title='bbox 1727 2398 1779 2462; x_wconf 91' lang='lat' dir='ltr'><strong>si</strong></span> <span class='ocrx_word' id='word_1_146' title='bbox 1837 2400 2193 2464; x_wconf 89' lang='lat' dir='ltr'><strong>necessaria</strong></span> <span class='ocrx_word' id='word_1_147' title='bbox 2268 2399 2707 2482; x_wconf 85' lang='lat' dir='ltr'><strong>reputabitur,</strong></span> <span class='ocrx_word' id='word_1_148' title='bbox 2770 2407 2929 2462; x_wconf 91' lang='lat' dir='ltr'><strong>tunc</strong></span> 
     </span>
     <span class='ocr_line' id='line_1_19' title="bbox 704 2512 2926 2598; baseline 0.001 -23"><span class='ocrx_word' id='word_1_149' title='bbox 704 2538 737 2575; x_wconf 76' lang='grc' dir='ltr'><strong><em>α</em></strong></span> <span class='ocrx_word' id='word_1_150' title='bbox 766 2532 972 2579; x_wconf 82' lang='lat' dir='ltr'><strong>causae</strong></span> <span class='ocrx_word' id='word_1_151' title='bbox 1007 2528 1284 2579; x_wconf 83' lang='lat' dir='ltr'><strong>examen</strong></span> <span class='ocrx_word' id='word_1_152' title='bbox 1322 2519 1394 2577; x_wconf 70' lang='lat' dir='ltr'><strong>et</strong></span> <span class='ocrx_word' id='word_1_153' title='bbox 1443 2512 1601 2596; x_wconf 83' lang='lat' dir='ltr'><strong>ejus·</strong></span> <span class='ocrx_word' id='word_1_154' title='bbox 1611 2512 1990 2598; x_wconf 86' lang='lat' dir='ltr'><strong>justificatio</strong></span> <span class='ocrx_word' id='word_1_155' title='bbox 2022 2515 2149 2580; x_wconf 89' lang='lat' dir='ltr'><strong>erit</strong></span> <span class='ocrx_word' id='word_1_156' title='bbox 2178 2514 2568 2580; x_wconf 87' lang='lat' dir='ltr'><strong>assumenda</strong></span> <span class='ocrx_word' id='word_1_157' title='bbox 2626 2514 2691 2577; x_wconf 90' lang='lat' dir='ltr'><strong>in</strong></span> <span class='ocrx_word' id='word_1_158' title='bbox 2726 2514 2926 2580; x_wconf 87' lang='lat' dir='ltr'><strong>tribu·</strong></span> 
     </span>
     <span class='ocr_line' id='line_1_20' title="bbox 702 2629 1352 2695; baseline 0.003 -6"><span class='ocrx_word' id='word_1_159' title='bbox 702 2654 734 2690; x_wconf 85' lang='lat'>«</span> <span class='ocrx_word' id='word_1_160' title='bbox 768 2630 897 2695; x_wconf 85' lang='lat' dir='ltr'><strong>nali</strong></span> <span class='ocrx_word' id='word_1_161' title='bbox 928 2629 1352 2694; x_wconf 77' lang='lat' dir='ltr'><strong>Nuntiaturae.</strong></span> 
     </span>
    </p>

    <p class='ocr_par' dir='ltr' id='par_1_4' title="bbox 704 2742 2933 4218">
     <span class='ocr_line' id='line_1_21' title="bbox 797 2742 2925 2828; baseline 0.001 -22"><span class='ocrx_word' id='word_1_162' title='bbox 797 2770 829 2806; x_wconf 74' lang='grc' dir='ltr'>α</span> <span class='ocrx_word' id='word_1_163' title='bbox 860 2743 959 2810; x_wconf 85' lang='lat' dir='ltr'><strong>Ad</strong></span> <span class='ocrx_word' id='word_1_164' title='bbox 989 2745 1325 2809; x_wconf 80' lang='lat' dir='ltr'><strong>materiam</strong></span> <span class='ocrx_word' id='word_1_165' title='bbox 1376 2744 1766 2828; x_wconf 83' lang='lat' dir='ltr'><strong>magistralis</strong></span> <span class='ocrx_word' id='word_1_166' title='bbox 1813 2763 1952 2809; x_wconf 89' lang='lat' dir='ltr'><strong>esse</strong></span> <span class='ocrx_word' id='word_1_167' title='bbox 1999 2742 2266 2809; x_wconf 86' lang='lat' dir='ltr'><strong>videtur</strong></span> <span class='ocrx_word' id='word_1_168' title='bbox 2314 2750 2536 2809; x_wconf 72' lang='lat' dir='ltr'><strong>decisio</strong></span> <span class='ocrx_word' id='word_1_169' title='bbox 2594 2750 2671 2813; x_wconf 85' lang='lat'><strong>53</strong></span> <span class='ocrx_word' id='word_1_170' title='bbox 2726 2767 2925 2811; x_wconf 84' lang='lat' dir='ltr'><strong>coram</strong></span> 
     </span>
     <span class='ocr_line' id='line_1_22' title="bbox 704 2857 2929 2946; baseline 0.003 -26"><span class='ocrx_word' id='word_1_171' title='bbox 704 2885 736 2920; x_wconf 75' lang='lat' dir='ltr'><strong>a</strong></span> <span class='ocrx_word' id='word_1_172' title='bbox 775 2866 1166 2942; x_wconf 57' lang='lat' dir='ltr'><strong>Peucinqeroe</strong></span> <span class='ocrx_word' id='word_1_173' title='bbox 1194 2867 1264 2924; x_wconf 86' lang='lat' dir='ltr'><strong>et</strong></span> <span class='ocrx_word' id='word_1_174' title='bbox 1294 2857 1473 2943; x_wconf 85' lang='lat' dir='ltr'><strong>apud</strong></span> <span class='ocrx_word' id='word_1_175' title='bbox 1501 2859 1913 2925; x_wconf 81' lang='lat' dir='ltr'><strong>cardinalem</strong></span> <span class='ocrx_word' id='word_1_176' title='bbox 1953 2858 2039 2925; x_wconf 88' lang='lat' dir='ltr'><strong>de</strong></span> <span class='ocrx_word' id='word_1_177' title='bbox 2079 2862 2253 2925; x_wconf 92' lang='lat' dir='ltr'><strong>Luca</strong></span> <span class='ocrx_word' id='word_1_178' title='bbox 2280 2863 2377 2946; x_wconf 82' lang='lat' dir='ltr'><strong>(cle</strong></span> <span class='ocrx_word' id='word_1_179' title='bbox 2414 2863 2759 2942; x_wconf 71' lang='lat' dir='ltr'><strong>Beneficiis,</strong></span> <span class='ocrx_word' id='word_1_180' title='bbox 2800 2860 2929 2927; x_wconf 84' lang='lat' dir='ltr'><strong>dis-</strong></span> 
     </span>
     <span class='ocr_line' id='line_1_23' title="bbox 705 2972 2921 3059; baseline 0.003 -24"><span class='ocrx_word' id='word_1_181' title='bbox 705 3000 738 3035; x_wconf 76' lang='lat'>«</span> <span class='ocrx_word' id='word_1_182' title='bbox 776 2992 970 3041; x_wconf 89' lang='lat' dir='ltr'><strong>cursu</strong></span> <span class='ocrx_word' id='word_1_183' title='bbox 1006 2972 1114 3058; x_wconf 77' lang='lat'><strong>80)</strong></span> <span class='ocrx_word' id='word_1_184' title='bbox 1140 2974 1365 3057; x_wconf 89' lang='lat' dir='ltr'><strong>plures</strong></span> <span class='ocrx_word' id='word_1_185' title='bbox 1401 2992 1589 3039; x_wconf 89' lang='lat' dir='ltr'><strong>casus</strong></span> <span class='ocrx_word' id='word_1_186' title='bbox 1619 2973 2140 3059; x_wconf 81' lang='lat' dir='ltr'><strong>distinguuntur3</strong></span> <span class='ocrx_word' id='word_1_187' title='bbox 2184 2982 2254 3041; x_wconf 88' lang='lat' dir='ltr'><strong>et</strong></span> <span class='ocrx_word' id='word_1_188' title='bbox 2283 2990 2559 3044; x_wconf 86' lang='lat' dir='ltr'><strong>numero</strong></span> <span class='ocrx_word' id='word_1_189' title='bbox 2594 2981 2671 3043; x_wconf 87' lang='grc'><strong>16</strong></span> <span class='ocrx_word' id='word_1_190' title='bbox 2706 2977 2921 3043; x_wconf 85' lang='lat' dir='ltr'><strong>firma·</strong></span> 
     </span>
     <span class='ocr_line' id='line_1_24' title="bbox 706 3088 2923 3175; baseline 0.003 -26"><span class='ocrx_word' id='word_1_191' title='bbox 706 3115 738 3151; x_wconf 71' lang='grc' dir='ltr'><strong><em>α</em></strong></span> <span class='ocrx_word' id='word_1_192' title='bbox 775 3099 908 3171; x_wconf 78' lang='lat' dir='ltr'><strong>tur,</strong></span> <span class='ocrx_word' id='word_1_193' title='bbox 972 3089 1150 3175; x_wconf 84' lang='lat' dir='ltr'><strong>quod</strong></span> <span class='ocrx_word' id='word_1_194' title='bbox 1203 3088 1464 3174; x_wconf 87' lang='lat' dir='ltr'><strong>quando</strong></span> <span class='ocrx_word' id='word_1_195' title='bbox 1521 3091 1746 3155; x_wconf 76' lang='lat' dir='ltr'><strong>vicarii</strong></span> <span class='ocrx_word' id='word_1_196' title='bbox 1791 3093 1900 3175; x_wconf 85' lang='lat' dir='ltr'><strong>qui</strong></span> <span class='ocrx_word' id='word_1_197' title='bbox 1951 3101 2370 3158; x_wconf 86' lang='lat' dir='ltr'><strong>assumuntur</strong></span> <span class='ocrx_word' id='word_1_198' title='bbox 2419 3092 2505 3158; x_wconf 90' lang='lat' dir='ltr'><strong>ad</strong></span> <span class='ocrx_word' id='word_1_199' title='bbox 2542 3095 2923 3159; x_wconf 88' lang='lat' dir='ltr'><strong>exercitium</strong></span> 
     </span>
     <span class='ocr_line' id='line_1_25' title="bbox 706 3207 2929 3290; baseline 0.002 -24"><span class='ocrx_word' id='word_1_200' title='bbox 706 3231 738 3268; x_wconf 71' lang='lat' dir='ltr'><strong>a</strong></span> <span class='ocrx_word' id='word_1_201' title='bbox 773 3225 942 3272; x_wconf 83' lang='lat' dir='ltr'><strong>curae</strong></span> <span class='ocrx_word' id='word_1_202' title='bbox 971 3207 1332 3270; x_wconf 86' lang='lat' dir='ltr'><strong>animarum</strong></span> <span class='ocrx_word' id='word_1_203' title='bbox 1382 3223 1510 3269; x_wconf 91' lang='lat' dir='ltr'><strong>non</strong></span> <span class='ocrx_word' id='word_1_204' title='bbox 1548 3212 1702 3271; x_wconf 86' lang='lat' dir='ltr'><strong>sunt</strong></span> <span class='ocrx_word' id='word_1_205' title='bbox 1751 3208 2050 3290; x_wconf 86' lang='lat' dir='ltr'><strong>perpetui</strong></span> <span class='ocrx_word' id='word_1_206' title='bbox 2114 3215 2182 3272; x_wconf 90' lang='lat' dir='ltr'><strong>et</strong></span> <span class='ocrx_word' id='word_1_207' title='bbox 2232 3208 2554 3288; x_wconf 81' lang='lat' dir='ltr'><strong>collativi,</strong></span> <span class='ocrx_word' id='word_1_208' title='bbox 2605 3208 2929 3272; x_wconf 86' lang='lat' dir='ltr'><strong>habentur</strong></span> 
     </span>
     <span class='ocr_line' id='line_1_26' title="bbox 705 3320 2928 3407; baseline 0.002 -26"><span class='ocrx_word' id='word_1_209' title='bbox 705 3346 739 3383; x_wconf 89' lang='lat'>«</span> <span class='ocrx_word' id='word_1_210' title='bbox 778 3330 1083 3407; x_wconf 84' lang='lat' dir='ltr'><strong>tanquam</strong></span> <span class='ocrx_word' id='word_1_211' title='bbox 1125 3320 1284 3386; x_wconf 90' lang='lat' dir='ltr'><strong>nudi</strong></span> <span class='ocrx_word' id='word_1_212' title='bbox 1333 3320 1559 3385; x_wconf 84' lang='lat' dir='ltr'><strong>famuli</strong></span> <span class='ocrx_word' id='word_1_213' title='bbox 1592 3321 1975 3387; x_wconf 84' lang='lat' dir='ltr'><strong>conductitii</strong></span> <span class='ocrx_word' id='word_1_214' title='bbox 2021 3321 2101 3387; x_wconf 88' lang='lat' dir='ltr'><strong>ad</strong></span> <span class='ocrx_word' id='word_1_215' title='bbox 2144 3332 2375 3388; x_wconf 82' lang='lat' dir='ltr'><strong>nutum</strong></span> <span class='ocrx_word' id='word_1_216' title='bbox 2405 3324 2823 3388; x_wconf 82' lang='lat' dir='ltr'><strong>amovibiles:</strong></span> <span class='ocrx_word' id='word_1_217' title='bbox 2861 3329 2928 3387; x_wconf 88' lang='lat' dir='ltr'><strong>et</strong></span> 
     </span>
     <span class='ocr_line' id='line_1_27' title="bbox 707 3437 2922 3526; baseline 0.005 -25"><span class='ocrx_word' id='word_1_218' title='bbox 707 3465 738 3501; x_wconf 74' lang='lat' dir='ltr'><strong>a</strong></span> <span class='ocrx_word' id='word_1_219' title='bbox 774 3441 1098 3505; x_wconf 85' lang='lat' dir='ltr'><strong>contraria</strong></span> <span class='ocrx_word' id='word_1_220' title='bbox 1124 3437 1490 3525; x_wconf 83' lang='lat' dir='ltr'><strong>(sententia)</strong></span> <span class='ocrx_word' id='word_1_221' title='bbox 1541 3439 1626 3503; x_wconf 87' lang='lat' dir='ltr'><strong>ad</strong></span> <span class='ocrx_word' id='word_1_222' title='bbox 1655 3454 1979 3504; x_wconf 88' lang='lat' dir='ltr'><strong>summum</strong></span> <span class='ocrx_word' id='word_1_223' title='bbox 2005 3439 2369 3523; x_wconf 84' lang='lat' dir='ltr'><strong>procedere</strong></span> <span class='ocrx_word' id='word_1_224' title='bbox 2403 3461 2591 3526; x_wconf 88' lang='lat' dir='ltr'><strong>posse</strong></span> <span class='ocrx_word' id='word_1_225' title='bbox 2640 3439 2922 3511; x_wconf 76' lang='lat' dir='ltr'><strong>videtur,</strong></span> 
     </span>
     <span class='ocr_line' id='line_1_28' title="bbox 707 3554 2931 3642; baseline 0 -24"><span class='ocrx_word' id='word_1_226' title='bbox 707 3581 740 3618; x_wconf 72' lang='lat' dir='ltr'><strong>a</strong></span> <span class='ocrx_word' id='word_1_227' title='bbox 780 3554 1041 3642; x_wconf 86' lang='lat' dir='ltr'><strong>quando</strong></span> <span class='ocrx_word' id='word_1_228' title='bbox 1077 3562 1387 3638; x_wconf 83' lang='lat' dir='ltr'><strong>ageretur</strong></span> <span class='ocrx_word' id='word_1_229' title='bbox 1425 3554 1509 3619; x_wconf 90' lang='lat' dir='ltr'><strong>de</strong></span> <span class='ocrx_word' id='word_1_230' title='bbox 1554 3555 1956 3620; x_wconf 84' lang='lat' dir='ltr'><strong>removendo</strong></span> <span class='ocrx_word' id='word_1_231' title='bbox 1998 3557 2376 3640; x_wconf 86' lang='lat' dir='ltr'><strong>cappellano</strong></span> <span class='ocrx_word' id='word_1_232' title='bbox 2420 3576 2644 3623; x_wconf 89' lang='lat' dir='ltr'><strong>curam</strong></span> <span class='ocrx_word' id='word_1_233' title='bbox 2702 3557 2931 3622; x_wconf 89' lang='lat' dir='ltr'><strong>anima·</strong></span> 
     </span>
     <span class='ocr_line' id='line_1_29' title="bbox 708 3668 2930 3756; baseline 0.002 -23"><span class='ocrx_word' id='word_1_234' title='bbox 708 3698 740 3735; x_wconf 72' lang='lat' dir='ltr'><strong>a</strong></span> <span class='ocrx_word' id='word_1_235' title='bbox 775 3690 920 3738; x_wconf 86' lang='lat' dir='ltr'><strong>rum</strong></span> <span class='ocrx_word' id='word_1_236' title='bbox 959 3677 1334 3747; x_wconf 87' lang='lat' dir='ltr'><strong>exercente,</strong></span> <span class='ocrx_word' id='word_1_237' title='bbox 1364 3688 1495 3733; x_wconf 88' lang='lat' dir='ltr'><strong>non</strong></span> <span class='ocrx_word' id='word_1_238' title='bbox 1527 3668 1612 3734; x_wconf 90' lang='lat' dir='ltr'><strong>ad</strong></span> <span class='ocrx_word' id='word_1_239' title='bbox 1645 3671 2018 3735; x_wconf 88' lang='lat' dir='ltr'><strong>instantiam</strong></span> <span class='ocrx_word' id='word_1_240' title='bbox 2056 3672 2323 3754; x_wconf 84' lang='lat' dir='ltr'><strong>parochi</strong></span> <span class='ocrx_word' id='word_1_241' title='bbox 2369 3671 2764 3756; x_wconf 86' lang='lat' dir='ltr'><strong>deputantis,</strong></span> <span class='ocrx_word' id='word_1_242' title='bbox 2810 3671 2930 3737; x_wconf 90' lang='lat' dir='ltr'><strong>sed</strong></span> 
     </span>
     <span class='ocr_line' id='line_1_30' title="bbox 707 3776 2931 3872; baseline 0.001 -22"><span class='ocrx_word' id='word_1_243' title='bbox 707 3812 739 3850; x_wconf 87' lang='grc'>«</span> <span class='ocrx_word' id='word_1_244' title='bbox 780 3788 867 3854; x_wconf 88' lang='lat' dir='ltr'><strong>ad</strong></span> <span class='ocrx_word' id='word_1_245' title='bbox 902 3776 1273 3852; x_wconf 82' lang='lat' dir='ltr'><strong>instantiam</strong></span> <span class='ocrx_word' id='word_1_246' title='bbox 1311 3782 1855 3867; x_wconf 85' lang='lat' dir='ltr'><strong>parochianorum</strong></span> <span class='ocrx_word' id='word_1_247' title='bbox 1904 3786 1987 3851; x_wconf 89' lang='lat' dir='ltr'><strong>de</strong></span> <span class='ocrx_word' id='word_1_248' title='bbox 2026 3807 2105 3853; x_wconf 91' lang='lat' dir='ltr'><strong>eo</strong></span> <span class='ocrx_word' id='word_1_249' title='bbox 2150 3791 2713 3872; x_wconf 87' lang='lat' dir='ltr'><strong>conquerentium,</strong></span> <span class='ocrx_word' id='word_1_250' title='bbox 2746 3787 2931 3872; x_wconf 81' lang='lat' dir='ltr'><strong>juxta</strong></span> 
     </span>
     <span class='ocr_line' id='line_1_31' title="bbox 709 3902 2931 3989; baseline 0.002 -24"><span class='ocrx_word' id='word_1_251' title='bbox 709 3930 739 3965; x_wconf 78' lang='lat' dir='ltr'><strong>a</strong></span> <span class='ocrx_word' id='word_1_252' title='bbox 783 3922 999 3970; x_wconf 90' lang='lat' dir='ltr'><strong>casum</strong></span> <span class='ocrx_word' id='word_1_253' title='bbox 1028 3903 1094 3968; x_wconf 91' lang='lat' dir='ltr'><strong>in</strong></span> <span class='ocrx_word' id='word_1_254' title='bbox 1123 3903 1243 3970; x_wconf 91' lang='lat' dir='ltr'><strong>hac</strong></span> <span class='ocrx_word' id='word_1_255' title='bbox 1277 3902 1469 3967; x_wconf 91' lang='lat' dir='ltr'><strong>Sacra</strong></span> <span class='ocrx_word' id='word_1_256' title='bbox 1509 3903 2023 3986; x_wconf 82' lang='lat' dir='ltr'><strong>congregatione</strong></span> <span class='ocrx_word' id='word_1_257' title='bbox 2067 3903 2473 3989; x_wconf 86' lang='lat' dir='ltr'><strong>disputatum</strong></span> <span class='ocrx_word' id='word_1_258' title='bbox 2501 3906 2567 3968; x_wconf 91' lang='lat' dir='ltr'><strong>in</strong></span> <span class='ocrx_word' id='word_1_259' title='bbox 2607 3908 2931 3987; x_wconf 81' lang='lat' dir='ltr'><strong>Spoleeana</strong></span> 
     </span>
     <span class='ocr_line' id='line_1_32' title="bbox 709 4015 2933 4104; baseline 0.001 -25"><span class='ocrx_word' id='word_1_260' title='bbox 709 4042 742 4079; x_wconf 73' lang='grc' dir='ltr'><em>α</em></span> <span class='ocrx_word' id='word_1_261' title='bbox 782 4020 968 4104; x_wconf 72' lang='lat' dir='ltr'><strong>(juris</strong></span> <span class='ocrx_word' id='word_1_262' title='bbox 1007 4019 1345 4095; x_wconf 77' lang='lat' dir='ltr'><strong>amovendi,</strong></span> <span class='ocrx_word' id='word_1_263' title='bbox 1402 4020 1441 4082; x_wconf 90' lang='lat'>8</span> <span class='ocrx_word' id='word_1_264' title='bbox 1483 4015 1629 4100; x_wconf 82' lang='lat' dir='ltr'><strong>julii</strong></span> <span class='ocrx_word' id='word_1_265' title='bbox 1674 4018 1863 4093; x_wconf 89' lang='grc'>1713,</span> <span class='ocrx_word' id='word_1_266' title='bbox 1928 4035 2075 4101; x_wconf 88' lang='lat' dir='ltr'><strong>pag.</strong></span> <span class='ocrx_word' id='word_1_267' title='bbox 2117 4020 2276 4095; x_wconf 82' lang='lat'><strong>280,</strong></span> <span class='ocrx_word' id='word_1_268' title='bbox 2334 4017 2485 4083; x_wconf 89' lang='lat' dir='ltr'><strong>libri</strong></span> <span class='ocrx_word' id='word_1_269' title='bbox 2533 4020 2616 4083; x_wconf 87' lang='lat'><strong>63</strong></span> <span class='ocrx_word' id='word_1_270' title='bbox 2662 4022 2933 4082; x_wconf 69' lang='lat' dir='ltr'><strong>cla-reto-</strong></span> 
     </span>
     <span class='ocr_line' id='line_1_33' title="bbox 709 4132 979 4218; baseline 0.015 -23"><span class='ocrx_word' id='word_1_271' title='bbox 709 4158 742 4196; x_wconf 84' lang='lat'>«</span> <span class='ocrx_word' id='word_1_272' title='bbox 793 4132 979 4218; x_wconf 80' lang='lat' dir='ltr'><strong>rum).</strong></span> 
     </span>
    </p>

    <p class='ocr_par' dir='ltr' id='par_1_5' title="bbox 708 4247 2938 4565">
     <span class='ocr_line' id='line_1_34' title="bbox 797 4247 2928 4332; baseline 0 -20"><span class='ocrx_word' id='word_1_273' title='bbox 797 4274 829 4312; x_wconf 73' lang='lat' dir='ltr'><strong>a</strong></span> <span class='ocrx_word' id='word_1_274' title='bbox 861 4251 974 4315; x_wconf 84' lang='lat' dir='ltr'><strong>His</strong></span> <span class='ocrx_word' id='word_1_275' title='bbox 1000 4250 1319 4316; x_wconf 82' lang='lat' dir='ltr'><strong>stantibus</strong></span> <span class='ocrx_word' id='word_1_276' title='bbox 1359 4247 1809 4332; x_wconf 75' lang='lat' dir='ltr'><strong>dignabuntur</strong></span> <span class='ocrx_word' id='word_1_277' title='bbox 1839 4250 2211 4315; x_wconf 61' lang='lat' dir='ltr'><strong>Eminentia!</strong></span> <span class='ocrx_word' id='word_1_278' title='bbox 2243 4253 2488 4316; x_wconf 80' lang='lat' dir='ltr'><strong>Vestroe</strong></span> <span class='ocrx_word' id='word_1_279' title='bbox 2523 4250 2885 4317; x_wconf 88' lang='lat' dir='ltr'><strong>decernere</strong></span> <span class='ocrx_word' id='word_1_280' title='bbox 2915 4268 2928 4313; x_wconf 77' lang='grc' dir='ltr'><strong><em>ε</em></strong></span> 
     </span>
     <span class='ocr_line' id='line_1_35' title="bbox 710 4368 2936 4451; baseline 0 -22"><span class='ocrx_word' id='word_1_281' title='bbox 710 4392 743 4429; x_wconf 75' lang='grc' dir='ltr'>α</span> <span class='ocrx_word' id='word_1_282' title='bbox 787 4372 880 4432; x_wconf 80' lang='lat' dir='ltr'><strong>An</strong></span> <span class='ocrx_word' id='word_1_283' title='bbox 902 4368 1201 4449; x_wconf 73' lang='lat' dir='ltr'><strong>parochus</strong></span> <span class='ocrx_word' id='word_1_284' title='bbox 1221 4371 1290 4429; x_wconf 79' lang='lat' dir='ltr'><strong>in</strong></span> <span class='ocrx_word' id='word_1_285' title='bbox 1315 4370 1616 4429; x_wconf 70' lang='lat' dir='ltr'><strong>amotione</strong></span> <span class='ocrx_word' id='word_1_286' title='bbox 1644 4368 1974 4429; x_wconf 75' lang='lat' dir='ltr'><strong>sacerdotis</strong></span> <span class='ocrx_word' id='word_1_287' title='bbox 2002 4372 2303 4450; x_wconf 77' lang='lat' dir='ltr'><strong>assumpti</strong></span> <span class='ocrx_word' id='word_1_288' title='bbox 2338 4373 2405 4431; x_wconf 77' lang='lat' dir='ltr'><strong>in</strong></span> <span class='ocrx_word' id='word_1_289' title='bbox 2429 4370 2799 4451; x_wconf 71' lang='lat' dir='ltr'><strong>adjutoriam</strong></span> <span class='ocrx_word' id='word_1_290' title='bbox 2820 4388 2936 4449; x_wconf 79' lang='lat' dir='ltr'><strong>pro</strong></span> 
     </span>
     <span class='ocr_line' id='line_1_36' title="bbox 708 4488 2938 4565; baseline 0 -18"><span class='ocrx_word' id='word_1_291' title='bbox 708 4509 740 4547; x_wconf 73' lang='lat' dir='ltr'><strong>a</strong></span> <span class='ocrx_word' id='word_1_292' title='bbox 777 4489 1062 4547; x_wconf 61' lang='lat' dir='ltr'><strong>emer-citio</strong></span> <span class='ocrx_word' id='word_1_293' title='bbox 1086 4498 1248 4547; x_wconf 73' lang='lat' dir='ltr'><strong>curce</strong></span> <span class='ocrx_word' id='word_1_294' title='bbox 1271 4488 1639 4559; x_wconf 69' lang='lat' dir='ltr'><strong>animarum,</strong></span> <span class='ocrx_word' id='word_1_295' title='bbox 1676 4490 1972 4565; x_wconf 75' lang='lat' dir='ltr'><strong>teneatur,</strong></span> <span class='ocrx_word' id='word_1_296' title='bbox 2004 4490 2134 4565; x_wconf 79' lang='lat' dir='ltr'><strong>ipso</strong></span> <span class='ocrx_word' id='word_1_297' title='bbox 2172 4491 2461 4565; x_wconf 66' lang='lat' dir='ltr'><strong>instante,</strong></span> <span class='ocrx_word' id='word_1_298' title='bbox 2507 4490 2749 4549; x_wconf 66' lang='lat' dir='ltr'><strong>causam</strong></span> <span class='ocrx_word' id='word_1_299' title='bbox 2779 4505 2938 4548; x_wconf 78' lang='lat' dir='ltr'><strong>anw-</strong></span> 
     </span>
    </p>
   </div>
  </div>
 </body>
</html>
