3146 4973
586 318 671 382 26
1261 329 1638 379 '1‘chst
1680 332 1770 379 DE
1811 329 2118 381 PAROCHO
2127 364 2141 378 .

590 453 799 521 «tisse
836 461 991 521 ante
1031 467 1272 518 annum
1312 451 1550 518 Christi
1596 454 1862 520 10⁰0...
1903 455 2062 537 Quae
2103 456 2446 534 sententia,
2485 464 2562 523 ut
2607 458 2814 542 primo

587 591 624 633 ει
647 578 1001 656 conspectu
1034 568 1435 636 incredibilis
1465 567 1792 648 videatur,
1845 571 1915 636 in
1969 568 2114 637 dies
2153 572 2380 655 plures
2420 573 2814 639 nanciscitur

584 706 624 748 α
646 686 960 769 assechs3
995 703 1209 770 neque
1246 684 1375 750 huc
1410 703 1620 770 usque
1649 685 1934 752 feliciter
1964 691 2219 752 tentata
2247 686 2379 753 fuit
2406 686 2551 772 ejus
2588 688 2814 754 confu-

584 822 621 863 «
645 801 827 867 tatio.
865 800 948 866 Et
1002 799 1307 886 quidem,
1349 819 1499 867 cum
1534 803 1832 887 nuspiam
1875 801 2126 887 aliquid
2185 820 2474 889 unquam
2514 807 2812 888 reperire
2868 857 2872 864 .

584 939 620 979 a
646 915 832 981 nobis
847 916 1100 1000 obtigit,
1126 914 1306 1001 quod
1330 916 1394 982 ei
1409 919 1652 1001 opponi
1666 925 1907 1001 posset,
1924 918 2212 984 libenter
2227 918 2292 983 ei
2313 918 2806 1004 subscribimus3

582 1052 622 1094 α
646 1032 977 1098 civitatem
998 1030 1501 1098 Alexandrinam
1529 1041 1750 1098 tamen
1781 1033 2203 1117 excipienteS‚
2229 1052 2376 1119 quas
2407 1042 2685 1120 propter
2714 1055 2813 1101 ar-

584 1168 619 1209 α
642 1157 954 1232 gumenta
982 1167 1022 1213 a
1040 1149 1448 1214 Tillemontio
1466 1149 1672 1234 (nim.
1692 1150 1900 1213 eccles.
1914 1197 1931 1226 ‚
1954 1154 2118 1213 Hist.
2137 1153 2211 1213 de
2231 1155 2398 1214 saint
2421 1153 2792 1230 Alexandro,

583 1270 771 1328 «art.
824 1265 925 1340 12,
976 1267 1133 1329 tom.
1165 1265 1231 1341 6,
1275 1282 1422 1347 pag.
1478 1261 1636 1346 397)
1676 1261 1985 1343 adducta,
2037 1264 2277 1329 saeculo
2314 1273 2549 1350 quarto
2608 1284 2801 1350 paro-

580 1400 615 1440 «
638 1378 796 1444 chos
850 1383 967 1443 aut
1036 1378 1219 1463 quasi
1279 1378 1597 1461 parochos
1666 1375 1967 1446 habuisse
2036 1380 2225 1446 nobis
2294 1380 2583 1459 videtur,
2641 1382 2798 1448 licet

580 1517 615 1555 α
642 1491 857 1580 aliquo
895 1501 1115 1559 tamen
1163 1492 1362 1559 dubia
1392 1494 1579 1560 nobis
1607 1495 1957 1579 supersint.
1991 1517 2025 1557 n
2059 1496 2184 1582 (Ita
2232 1496 2468 1562 Patres
2509 1498 2546 1562 J
2550 1497 2796 1575 emitas,

575 1608 791 1692 operis
848 1606 1247 1674 Bollandiani
1275 1609 1344 1673 iu
1387 1609 1612 1692 Belgio
1663 1611 2172 1688 continuatores‚
2217 1610 2287 1674 in
2336 1608 2596 1677 erudita
2653 1629 2804 1678 con-

574 1724 893 1789 futatione
939 1724 1043 1788 cui
1097 1724 1329 1789 titulus
1366 1745 1381 1789 τ
1436 1729 1713 1790 Examen
1747 1728 2098 1790 historicum
2145 1735 2203 1791 et
2262 1732 2613 1791 canonicum
2656 1729 2802 1790 libri

575 1844 844 1904 Mariani
874 1842 1229 1918 Verhoeven,
1262 1847 1421 1906 tom.
1463 1842 1521 1920 1,
1552 1857 1702 1927 pag.
1733 1846 1880 1920 138,
1913 1838 2075 1909 edit.
2112 1845 2308 1929 18473
2345 1842 2533 1928 cujus
2556 1842 2798 1926 operis,

575 1953 870 2022 nundum
893 1954 1114 2021 editus
1138 1955 1267 2021 fuit
1291 1955 1621 2023 secundus
1648 1956 1915 2042 tomus)

664 2070 829 2135 Huic
861 2069 1324 2136 modernorum
1364 2069 1776 2138 eruditorum
1808 2070 2154 2155 descriptae
2192 2071 2532 2138 sententiae
2560 2072 2678 2138 abs
2731 2090 2804 2136 re

574 2204 704 2251 non
748 2186 876 2251 erit
921 2204 1066 2253 eam
1102 2195 1478 2266 annectere,
1516 2206 1712 2273 quam
1758 2206 1877 2254 suo
1907 2196 2206 2272 tempore
2237 2189 2671 2254 communiter
2699 2207 2805 2253 re·

568 2308 831 2384 ceptam
858 2302 1192 2368 referebat
1215 2304 1453 2369 Mai-ins
1496 2304 1663 2387 Lupi
1688 2324 1703 2387 ;
1734 2321 1879 2370 eam
1910 2302 2318 2387 explosurus,
2358 2312 2433 2370 et
2459 2304 2528 2369 in
2558 2320 2803 2371 memo-

572 2422 780 2482 ratam
806 2435 1063 2497 novam,
1092 2435 1268 2483 nunc
1294 2418 1646 2503 vigentem,
1683 2419 2143 2485 immutaturus
2178 2441 2193 2484 :

665 2555 699 2593 α
731 2532 964 2599 Plums
997 2552 1149 2600 sane
1177 2533 1413 2620 (inquit
1437 2533 1571 2619 ille)
1599 2543 1670 2600 et
1695 2534 2143 2619 discrepantes
2167 2542 2323 2600 sunt
2345 2533 2433 2601 de
2467 2534 2802 2618 parochia-

575 2672 609 2707 «
645 2666 791 2713 rum
817 2651 1015 2715 etiam
1047 2648 1422 2715 urbicarum
1457 2651 1880 2716 institutionis
1915 2658 2220 2733 tempore
2254 2651 2609 2735 opiniones.
2645 2652 2804 2716 Vul-

573 2786 608 2823 «
639 2782 827 2848 gates
861 2767 1201 2831 canonista
1239 2764 1324 2829 ad
1376 2764 1670 2849 Dionysii
1715 2766 1906 2848 Papae
1947 2772 2208 2831 aetatem
2249 2767 2424 2830 circa
2457 2764 2798 2831 dimidium

576 2902 609 2939 «
641 2879 820 2945 tertii
849 2878 1069 2944 saeculi
1108 2900 1191 2945 ex
1225 2879 1602 2964 apocrypha
1638 2879 1781 2964 ejus
1827 2881 2101 2963 epistola
2138 2878 2438 2947 eamdem
2472 2880 2793 2947 referunt.

575 3014 608 3053 a
641 2993 763 3059 Alii
806 2995 1240 3080 antiquiorem
1282 2995 1732 3079 parochiarum
1780 2995 2096 3079 originem
2146 3001 2542 3074 statuerunt,
2580 2996 2801 3061 existi-

575 3135 607 3172 «
641 3118 891 3177 mantes
931 3128 1043 3176 eas
1086 3111 1470 3195 Dionysium
1509 3108 1918 3176 solummodo
1965 3109 2383 3176 confirmasse
2413 3118 2483 3176 et
2517 3113 2792 3177 auxisse.

573 3251 608 3288 «
639 3228 946 3293 Nonnulli
986 3225 1073 3292 ad
1106 3227 1400 3293 Anacleti
1436 3226 1631 3310 Papae
1668 3234 1962 3309 tempora
1992 3242 2105 3291 eas
2142 3224 2477 3304 referunt,
2521 3242 2797 3311 apocry-

571 3367 606 3405 «
634 3342 779 3427 phoe
801 3344 1051 3427 pariter
1088 3341 1384 3428 ejusdem
1424 3341 1711 3426 epistolae
1759 3342 2132 3408 insistentes
2148 3390 2165 3419 ‚
2201 3342 2271 3405 iu
2299 3359 2429 3425 qua
2451 3349 2674 3408 tamen
2708 3342 2794 3409 de

572 3482 605 3520 α
640 3458 965 3525 ruralibus
1016 3457 1425 3525 solummodo
1470 3457 1788 3541 parochiis
1835 3456 2071 3540 agitur.
2135 3454 2416 3536 Quidam
2474 3457 2796 3523 Clementi

573 3600 606 3637 «
641 3577 832 3660 Papoe
868 3577 901 3640 I
929 3573 1313 3642 earumdem
1339 3575 1812 3640 institutionem
1847 3571 2267 3640 tribuendam
2301 3574 2787 3639 existimarunt.

570 3715 605 3754 α
639 3695 771 3758 Nec
792 3690 1069 3756 defuere
1100 3691 1212 3774 qui
1237 3690 1556 3773 Apostol'ffl
1587 3689 1746 3772 ipsis
1768 3686 2067 3754 eamdem
2095 3686 2525 3772 adscripsere.
2549 3690 2794 3753 Verum

568 3831 604 3869 α
640 3805 1087 3891 parochiarum
1104 3808 1572 3871 institutionem
1592 3811 1823 3890 quarto
1841 3804 2117 3870 ‘demum
2140 3804 2539 3887 consignavit
2554 3804 2793 3867 saeculo

571 3950 600 3982 α
632 3925 1024 3989 clarissimus
1055 3922 1522 3999 Thomassinus,
1544 3940 1742 4006 quem
1771 3940 1902 3985 non
1937 3921 2125 4004 pauci
2151 3920 2382 3984 sectati
2410 3925 2584 3996 suut,
2619 3919 2794 3984 inter

569 4064 603 4101 α
637 4059 800 4125 quos
864 4038 1270 4105 doctissimus
1318 4038 1733 4104 muratorius.
1808 4035 2122 4102 Eamdem
2192 4035 2612 4112 sententiam,
2657 4052 2792 4117 prae

568 4180 602 4219 a.
633 4157 885 4223 caeteris
904 4152 1345 4232 heterodoxiS‚
1379 4155 1722 4237 amplexus
1741 4161 1843 4220 est
1871 4153 2274 4219 Bohemerus
2302 4150 2400 4237 (de
2432 4154 2581 4214 lure
2602 4169 2792 4234 paro-

568 4296 602 4334 «
633 4270 884 4355 chiali);
923 4271 989 4337 in
1014 4290 1295 4357 eamque
1322 4269 1736 4357 propendere
1771 4269 2035 4337 videtur
2064 4268 2474 4353 BinghamuS.

655 4413 689 4450 «
722 4390 835 4458 His
877 4387 961 4455 de
1006 4395 1185 4453 tanta
1225 4388 1676 4471 parochiarum
1707 4385 2079 4455 urbicarum
2117 4384 2499 4469 antiquitate
2549 4382 2788 4465 opinio·
