3146 4973
521 334 649 396 268
1207 343 1584 392 moruus
1631 342 1718 389 m:
1765 343 2091 390 rsaocno.

520 467 1020 554 intelligendum
1050 474 1152 533 est
1176 485 1256 533 eo
1282 486 1478 534 sensu
1504 466 1705 551 quod,
1742 467 1863 532 nisi
1887 465 2271 543 consentiat,
2302 472 2521 549 potest
2546 467 2764 552 appel-

517 589 680 654 lare.
733 584 978 650 Atvero
1024 583 1377 668 appellatio
1424 603 1555 649 non
1604 582 1872 650 habebit
1921 580 2225 649 effectum
2271 584 2720 667 suspensivum
2737 630 2753 659 ‚

519 698 638 765 sed
670 700 1008 766 dumtaxat
1045 698 1529 778 devolutivum,
1570 706 1647 766 ut
1677 696 1970 764 dicemus
2005 697 2197 763 infra.
2234 695 2425 764 Unde
2465 706 2761 763 remanet

520 837 708 903 posse
739 819 1131 902 Episcopum
1160 817 1248 884 ad
1277 817 1917 884 dismembrationem
1958 813 2326 901 procedere
2350 863 2366 894 ,
2400 817 2597 883 etiam
2627 815 2762 884 dis-

519 936 843 1001 sentiente
876 933 1182 1018 parocho,
1215 932 1412 1001 modo
1440 934 1680 1041 ci0tatus
1712 932 1938 998 fuerit.
1971 931 2164 1014 Quod
2194 933 2591 1018 caeteroquin
2619 952 2763 999 cer-

517 1059 659 1116 tum
685 1051 946 1117 omnino
976 1049 1222 1115 faciunt
1249 1048 1612 1116 Tridentini
1644 1049 1897 1116 decreti
1925 1048 2126 1114 verba
2142 1097 2158 1127 ‚
2196 1056 2379 1113 etiam
2407 1056 2624 1115 invitis
2643 1072 2759 1133 pa-

520 1170 742 1231 rochis.

609 1286 888 1350 Firmata
927 1291 1148 1350 autem
1186 1284 1524 1368 praesentis
1560 1284 1855 1370 requisiti
1889 1285 1987 1349 III
2023 1284 2270 1368 regula,
2310 1284 2619 1351 solvenda
2657 1304 2762 1351 re-

519 1409 740 1466 manet
766 1400 1006 1483 triplex
1037 1417 1182 1483 quae
1217 1401 1389 1464 circa
1418 1416 1562 1465 eam
1596 1399 1881 1465 occurrit
1913 1397 2259 1464 difficultas
2296 1420 2310 1463 :
2349 1417 2583 1483 nempe
2605 1448 2621 1478 ,
2693 1490 2698 1493 -

608 1521 919 1596 Quoeritur
959 1517 1021 1579 1⁰
1055 1537 1070 1580 :
1102 1515 1410 1595 Quisnam
1445 1516 1637 1580 citari
1673 1514 1944 1591 debeat,
1986 1512 2248 1599 qnando
2279 1514 2600 1597 parochioe
2633 1513 2762 1579 dis-

518 1629 957 1697 membrandae
991 1648 1150 1696 cura
1194 1634 1454 1694 actualis
1499 1649 1704 1713 penes
1731 1649 1932 1696 unum
1954 1678 1969 1707 ,
2009 1632 2340 1694 habitualis
2374 1649 2528 1697 vero
2557 1649 2763 1714 penes

514 1750 798 1815 alterum
848 1745 1147 1813 residet?
1196 1784 1286 1794 —
1328 1745 1720 1830 Respondeo
1758 1746 2089 1813 citandum
2138 1766 2280 1813 esse
2327 1747 2511 1812 illum
2561 1765 2762 1830 penes

516 1883 709 1949 quem
729 1861 976 1929 residet
999 1862 1345 1930 habitualis
1369 1882 1549 1940 cura,
1569 1882 1703 1928 non
1719 1882 1878 1930 vero
1897 1864 2211 1929 vicarium
2235 1864 2408 1929 illius
2432 1871 2753 1930 curatum.

522 2003 553 2039 «
592 1981 830 2046 Rector
861 1978 1163 2045 beneficii
1209 1979 1440 2065 (inquit
1485 1976 1866 2062 Leurenius)
1914 1978 2100 2064 cujus
2145 1978 2247 2044 hic
2282 1996 2633 2045 consensus
2669 1978 2755 2064 (l)

521 2120 553 2154 «
590 2097 971 2181 requiritur,
1003 2113 1132 2160 non
1157 2102 1259 2161 est
1284 2095 1567 2161 vicarius
1596 2095 1701 2161 cui
1729 2096 1941 2160 solum
1974 2113 2146 2159 curae
2177 2094 2569 2161 exercitium
2596 2113 2764 2160 com-

521 2234 553 2270 «
592 2212 896 2287 missum,
936 2208 1055 2276 sed
1083 2229 1287 2294 penes
1329 2229 1521 2296 quem
1558 2209 1814 2276 residet
1846 2230 2003 2276 cura
2035 2210 2402 2276 habitualis,
2433 2233 2466 2270 ι)
2522 2210 2761 2297 (Forum

516 2326 895 2404 beneficiale,
934 2330 1121 2408 parte
1162 2330 1220 2401 1,
1259 2342 1322 2408 q.
1367 2327 1514 2403 157,
1550 2345 1616 2389 n.
1652 2323 1747 2409 4.)
1782 2326 1911 2391 Pro
1950 2344 2078 2410 qua
2117 2324 2414 2391 doctrina
2448 2323 2599 2392 vide
2640 2326 2763 2391 ibi—-

514 2440 667 2506 dem
697 2438 1021 2506 adductas
1050 2458 1088 2505 a
1117 2441 1442 2507 Leurenio
1472 2441 1917 2506 auctoritates.
1951 2441 2115 2507 Hinc
2144 2442 2200 2507 si
2232 2439 2759 2509 dismembranda

515 2555 688 2622 foret
707 2606 722 2635 ,
759 2555 948 2622 verbi
978 2559 1216 2640 gratia,
1254 2556 1558 2640 parochia
1595 2557 1805 2640 aliqua
1838 2556 2234 2624 cathedralis
2258 2559 2330 2622 in
2357 2558 2562 2624 Gallia
2580 2607 2596 2635 ‚
2630 2579 2758 2624 non

517 2670 815 2737 citandus
843 2673 1016 2738 foret
1040 2680 1305 2739 curatus
1332 2672 1744 2748 cathedralis
1774 2672 1893 2739 sed
1923 2673 2316 2757 capitulum;
2347 2692 2497 2740 cum
2523 2674 2588 2739 in
2612 2674 2757 2740 Gal-

511 2789 743 2853 liarum
773 2789 1104 2873 plerisque
1137 2787 1624 2855 cathedralibus
1648 2790 1933 2874 capitulo
1958 2790 2142 2855 unita
2169 2788 2373 2856 fuerit
2398 2791 2754 2856 animarum

515 2923 692 2981 cura,
729 2911 801 2968 et
830 2922 1034 2986 penes
1071 2904 1428 2987 capitulum
1467 2904 1750 2970 resideat
1783 2911 1849 2968 in
1879 2907 2120 2983 habitu,
2158 2905 2454 2989 quamvis
2494 2925 2618 2989 per
2659 2907 2755 2970 vi-

512 3019 757 3085 carium
787 3027 1087 3086 curatum
1116 3027 1529 3086 exerceatur.

602 3141 910 3216 Quoeritur
939 3137 1008 3199 2⁰
1046 3157 1059 3200 ε
1095 3134 1268 3217 Quid
1299 3134 1629 3221 agendum
1654 3137 1723 3201 in
1747 3154 1901 3201 casu
1939 3155 2068 3221 quo
2100 3137 2404 3222 parochia
2446 3135 2748 3204 dismem-

511 3248 762 3316 branda
784 3257 1046 3318 rectore
1074 3253 1380 3318 vacaret?
1403 3288 1493 3299 --
1517 3252 1677 3318 Cum
1707 3259 1865 3318 tunc
1891 3253 2077 3318 citari
2109 3260 2396 3339 nequeat
2426 3253 2744 3338 parochiae

513 3377 752 3447 rector,
788 3372 896 3436 vel
933 3370 1463 3455 procrastinanda
1495 3378 1596 3438 est
1624 3371 2111 3438 dismembratio
2148 3369 2362 3437 donec
2389 3389 2598 3435 novus
2632 3389 2745 3454 pa-

509 3485 746 3551 rochus
793 3485 1211 3569 praeflciatur,
1254 3487 1361 3552 vel
1415 3484 1620 3553 debet
1656 3488 2010 3572 Episcopus
2061 3487 2343 3572 aliquem
2380 3485 2700 3570 deputare
2723 3532 2739 3561 ‚

508 3602 620 3684 qui
652 3602 774 3666 sub
813 3605 1145 3681 defensoris
1180 3604 1485 3685 parochia·
1513 3604 1775 3669 nomine
1794 3652 1810 3680 ‚
1847 3602 2065 3688 quoad
2093 3605 2216 3668 hoc
2256 3603 2431 3669 vices
2476 3602 2748 3668 rectoris

508 3735 703 3801 agere
750 3724 949 3801 atque
990 3717 1190 3801 ipsius
1228 3719 1375 3803 jura
1406 3738 1719 3786 exercere
1772 3721 1993 3804 possit.
2044 3719 2236 3801 Quod
2285 3720 2532 3804 pariter
2565 3719 2746 3804 (loco

506 3832 723 3918 citato)
765 3833 970 3901 tradit
1017 3835 1379 3903 Leurenius
1423 3836 1522 3902 his
1566 3837 1785 3903 verbis
1828 3858 1841 3903 ε
1879 3860 1912 3898 α
1949 3837 2077 3903 Ubi
2122 3856 2282 3903 vero
2323 3843 2590 3902 vacaret
2629 3836 2746 3899 Ec·

575 4150 648 4210 (1)
675 4149 774 4196 Non
813 4149 1065 4211 requiritur
1100 4163 1355 4198 consensus
1393 4151 1483 4199 nisi
1514 4163 1654 4199 sensu
1692 4149 1828 4199 modo
1857 4151 2109 4213 explicato;
2143 4148 2192 4197 id
2234 4156 2306 4198 est
2332 4147 2500 4197 sufficit
2528 4145 2746 4195 dismem—

507 4238 695 4288 brandae
740 4240 971 4300 parochiae
1011 4247 1238 4288 rectorem
1281 4240 1433 4300 citari,
1477 4249 1523 4288 et
1561 4240 1790 4303 postulari
1831 4242 1934 4302 ejus
1969 4254 2275 4298 consensu1n;
2307 4251 2444 4300 quem
2483 4239 2523 4287 si
2559 4244 2744 4296 renuat,

505 4333 676 4383 valebit
701 4333 1005 4383 nihilominus
1033 4332 1272 4382 decretum
1302 4334 1565 4395 episcopale
1592 4332 2048 4396 dismembrationis;
2080 4340 2126 4383 et
2152 4332 2402 4396 appellatio
2431 4330 2627 4382 rectoris
2649 4329 2746 4379 dis-

506 4430 746 4480 sentientis
772 4442 864 4479 non
892 4429 1081 4479 habebit
1108 4430 1200 4480 nisi
1224 4428 1438 4478 effectum
1465 4427 1801 4478 devolutivum.
