3146 4973
606 414 687 477 64
1287 424 1665 474 moruus
1706 425 1794 472 me
1838 422 2169 473 ranocno.

605 553 828 632 citato,
865 568 1016 636 pag.
1047 548 1317 635 443)....
1355 553 1661 616 Praedicta
1697 552 1944 616 bulla...
1993 552 2342 616 abradenda
2384 557 2497 631 est,
2541 552 2836 615 masnada

595 678 661 734 et
686 669 1066 734 annullanda
1083 673 1372 750 perpetuo
1403 664 1614 753 (ibid,
1646 683 1794 751 pag.
1824 663 2008 751 446).
2039 664 2240 733 Addit
2277 671 2505 751 postea
2531 664 2836 732 sorbonae

601 783 862 851 solitum
886 783 955 847 in
976 780 1339 850 istiusmodi
1366 780 1832 848 rebellionibus
1859 779 2293 861 mendacium,
2323 780 2568 857 bullam
2595 799 2834 865 nempe

600 918 731 966 non
760 898 1055 983 reputari
1097 897 1457 964 confectam
1486 900 1563 962 de
1587 902 1948 962 conscientia
1977 901 2184 980 Ραρω,
2220 916 2405 980 neque
2428 917 2507 961 esc
2539 898 2838 961 deliber-11⁴

602 1021 761 1080 tione
786 1021 946 1078 sacri
967 1016 1224 1097 Colleqii
1256 1015 1713 1094 cardinalium
1749 1013 1909 1079 licet
1944 1015 2343 1080 contrarium
2377 1014 2444 1077 in
2481 1012 2663 1079 bulla
2695 1014 2834 1097 ipsa

598 1131 1102 1215 exprimeretur.
1135 1131 1270 1196 Nec
1298 1128 1478 1197 dicat
1504 1130 1651 1215 quis
1677 1130 1975 1195 excusari
2007 1129 2413 1214 aliquatenus
2440 1148 2631 1214 posse
2661 1127 2835 1215 ejus-

596 1246 775 1315 modi
817 1246 1052 1333 agendi
1088 1247 1438 1326 rationem,
1478 1265 1559 1312 eo
1605 1244 1782 1332 quod
1828 1253 1988 1311 tunc
2032 1251 2169 1312 tres
2204 1254 2424 1312 essent
2456 1245 2542 1312 de
2579 1247 2832 1330 Papam

597 1362 1071 1431 contendentes
1111 1385 1126 1429 ε
1162 1382 1314 1429 nam
1341 1362 1550 1429 Gallia
1578 1368 1649 1428 et
1685 1362 2072 1428 universitas
2114 1362 2493 1428 parisiensis
2527 1369 2717 1427 erant
2743 1359 2832 1427 de

592 1478 964 1547 obedientia
1003 1476 1353 1545 Alexandri
1386 1480 1465 1562 Ἲς
1501 1484 1571 1543 et
1597 1473 1665 1542 i‘n
1703 1484 1843 1544 tota
1880 1476 2002 1543 hac
2041 1496 2115 1543 re
2154 1477 2404 1544 Gerson
2438 1483 2510 1544 et
2543 1475 2830 1544 Sorbona

591 1597 804 1662 omnia
851 1603 1131 1680 egerunt
1170 1615 1252 1661 ex
1296 1592 1645 1679 hypothesi
1679 1578 1968 1678 legitime
2014 1594 2357 1661 constituti
2403 1594 2574 1659 illius
2609 1594 2832 1660 Ponti-

590 1711 752 1777 ficis.
788 1712 884 1778 Ex
914 1712 1137 1796 paucis
1162 1728 1320 1795 ergo
1348 1710 1475 1776 illis
1511 1708 1598 1777 de
1629 1709 1922 1776 Gersone
1966 1712 2373 1789 memoratis,
2408 1717 2590 1795 patet
2636 1707 2832 1795 hujus

589 1828 925 1913 scriptoris
976 1826 1343 1911 opinionem
1363 1874 1380 1906 ,
1439 1832 1749 1913 tanquam
1803 1827 2264 1894 anctoritatem
2317 1828 2382 1893 in
2436 1846 2510 1893 re
2563 1824 2649 1893 de
2701 1845 2830 1911 qua

589 1945 837 2030 agimus
866 1941 1106 2011 adduci
1136 1963 1268 2011 non
1298 1961 1485 2029 posse
1520 1942 1639 2030 (1).

1668 2196 1750 2260 II.

1049 2408 1191 2462 Num
1223 2408 1408 2460 merito
1443 2404 1733 2471 objiciatur
1764 2405 2011 2460 Sor-bom
2043 2409 2353 2459 auctoritas.

669 2641 809 2709 Non
835 2639 1099 2725 propria
1125 2637 1451 2717 Gersonis,
1478 2636 1600 2704 sed
1621 2636 1826 2704 totius
1851 2638 2247 2722 generaliter
2270 2638 2573 2705 Sorbonae
2596 2639 2819 2724 opinio

579 2757 733 2834 fuit,
761 2754 1093 2821 institutos
1113 2751 1484 2819 immediate
1504 2772 1542 2817 a
1561 2752 1818 2820 Christo
1841 2754 2179 2839 parochos,
2206 2773 2526 2841 verosque
2550 2754 2817 2824 eosdem

579 2879 614 2937 7
622 2874 662 2937 2
708 2869 1177 2953 discipulorum
1217 2886 1625 2934 successores
1642 2917 1658 2947 ,
1707 2870 1891 2954 queis
1933 2870 2173 2935 tertius
2216 2872 2526 2937 consistat
2569 2870 2816 2939 hierar-

574 2983 731 3050 chiae
764 2984 829 3048 in
858 2981 1145 3049 Ecclesia
1181 2978 1443 3067 gradus.
1477 2982 1577 3047 De
1608 3000 1739 3067 quo
1768 2988 1843 3048 ut
1869 3000 2072 3048 unum
2100 2990 2217 3050 aut
2244 2984 2523 3051 alterum
2555 3004 2639 3052 ex
2665 2986 2815 3071 plu-

573 3099 754 3165 rimis
799 3097 1265 3164 documentum
1312 3093 1713 3162 adducamus
1728 3144 1745 3176 ,
1783 3097 2287 3165 memorabimus
2328 3102 2810 3184 pronuntiatam

571 3234 740 3281 anno
787 3214 955 3281 1408
983 3211 1465 3280 damnationem
1516 3212 1584 3277 in
1609 3210 1958 3298 quemdam
1993 3213 2308 3281 loannem
2339 3214 2571 3297 Gorel,
2613 3236 2808 3304 quem

637 3463 708 3525 (t)
746 3462 971 3525 Suspicor
1010 3475 1096 3524 ego
1134 3461 1270 3524 (pace
1311 3474 1473 3510 eornm
1500 3461 1701 3511 dixerim
1742 3462 1824 3523 qui
1864 3460 2121 3513 Gersonem
2164 3463 2435 3514 existimant
2477 3465 2805 3528 gravissimum

566 3554 833 3617 theologum
850 3592 865 3615 ,
896 3553 1173 3615 scriptorem
1202 3553 1580 3614 celeberrimam,
1606 3554 1856 3618 mumque
1887 3555 1999 3604 libri
2026 3556 2302 3607 imitationis
2331 3557 2510 3608 christi
2543 3559 2804 3620 auctorem)

564 3659 805 3709 nunquam
846 3658 930 3696 eos
974 3645 1301 3709 pervolvendis
1340 3646 1495 3709 ipsius
1521 3646 1747 3709 operibus
1787 3646 1859 3696 vel
1888 3648 2067 3710 aliquot
2107 3649 2331 3700 horarum
2372 3663 2506 3701 mora
2537 3652 2801 3704 inhaesisse.

561 3739 781 3803 Alioquin
801 3739 945 3802 enim,
964 3753 1051 3803 pro
1074 3747 1315 3803 expectata
1337 3739 1562 3789 doctrinae
1584 3739 1830 3803 gravitate,
1850 3742 2006 3790 statim
2026 3740 2445 3806 deprehendissent
2468 3745 2800 3807 subtilitatum,

560 3833 906 3897 pueritiamque
948 3833 1299 3884 ratiociniorum
1334 3834 1431 3884 fere
1472 3842 1745 3898 perpetuam
1772 3834 2078 3898 farraginem:
2107 3849 2298 3898 egenam
2334 3851 2474 3901 quam
2507 3839 2708 3887 maxime
2741 3838 2803 3888 de

561 3927 780 3977 Ecclesiae
818 3927 1017 3976 historia
1056 3934 1104 3976 ct
1146 3927 1460 3978 monumentis
1503 3928 1779 3990 notionem
1825 3927 1983 3991 inepta
2026 3929 2153 3980 circa
2191 3930 2453 3994 physicam,
2495 3931 2798 3994 medicinam,

558 4020 769 4083 aliasque
791 4021 1030 4070 naturales
1053 4021 1272 4071 scientias
1292 4028 1576 4086 systematag
1604 4021 1778 4084 ubique
1792 4027 1950 4071 antem
1977 4022 2026 4073 in
2050 4021 2248 4074 dicendo
2273 4032 2503 4076 mmmm
2524 4025 2794 4089 quasdam,

558 4120 609 4164 et
630 4113 721 4162 sibi
748 4113 840 4176 ipsi
866 4112 1161 4164 fidentissimi
1191 4114 1280 4165 viri
1308 4115 1644 4179 petulantiam3
1677 4122 1732 4164 ut
1755 4114 1954 4179 proinde
1982 4129 2042 4167 ne
2065 4118 2296 4181 possibile
2320 4120 2510 4183 quidem
2535 4121 2797 4174 existimari

554 4209 724 4272 possit,
751 4222 810 4259 ea
840 4221 981 4258 manu
1006 4209 1272 4272 descriptos
1306 4208 1453 4259 luisse
1493 4210 1784 4272 humilitate,
1821 4211 2199 4275 mansuetudine,
2237 4212 2535 4276 simplicitate
2562 4223 2611 4265 et
2635 4217 2794 4267 omni-

555 4303 704 4354 modoe
723 4304 984 4355 sanctitatis
1011 4303 1265 4366 fragrantia
1288 4303 1485 4353 eximios
1503 4305 1819 4357 imitationis
1843 4305 2036 4360 Christi
2058 4309 2228 4359 libros.
2246 4309 2381 4367 Quod
2403 4311 2591 4374 quidem
2613 4325 2792 4376 meum,

555 4398 733 4447 nullius
755 4396 1070 4455 authoritatis,
1103 4394 1352 4457 judicium,
1378 4396 1470 4445 etsi
1496 4397 1699 4447 liberum
1725 4401 1895 4466 cuique
1930 4401 1996 4452 sit
2027 4401 2164 4455 nihili
2203 4401 2375 4469 burc,
2414 4415 2499 4456 oro
2527 4410 2681 4456 tamen
2709 4417 2791 4470 ne,

554 4500 691 4542 antea
717 4504 856 4555 qnam
881 4490 1135 4541 Gersoncm
1162 4490 1314 4553 ipsum
1345 4489 1530 4552 legerit,
1556 4492 1764 4555 rejiciat.
