3146 4973
527 354 652 417 176
1196 360 1575 410 TnAcmrus
1621 361 1711 409 ne
1753 358 2082 408 ranocno.

609 493 678 556 3⁰
712 490 885 573 Ergo
935 505 1159 554 norma
1203 484 1290 551 ad
1329 483 1895 552 determinandam
1938 480 2354 568 parochiatus
2403 478 2754 546 essentiam

519 605 774 673 desumi
809 604 1037 688 nequit
1072 603 1192 667 nisi
1226 620 1311 667 ex
1343 618 1526 666 mero
1554 599 1705 686 jure
1756 599 2213 665 ecclesiastico.
2261 599 2378 663 Jus
2408 604 2627 663 autem
2657 614 2758 659 ec-

521 722 950 787 clesiasticum
1001 736 1135 783 non
1179 724 1434 783 tantum
1486 724 1741 784 constat
1785 715 2042 800 legibus
2083 715 2361 798 scriptiS,
2415 711 2534 779 sed
2562 713 2760 779 etiam

519 838 803 921 legitima
830 842 898 900 et
924 843 1194 919 recepta
1220 833 1451 900 harum
1481 835 1703 917 legum
1734 832 2288 918 interpretatione
2322 831 2395 918 (si
2425 830 2599 895 forte
2625 848 2762 894 am-

519 952 730 1037 higuae
759 949 937 1036 sint),
981 958 1051 1017 et
1096 948 1674 1018 consuetudinibus
1708 949 1845 1015 vim
1873 949 2037 1034 juris
2067 948 2425 1015 communis
2454 947 2763 1013 obtinen-

520 1067 718 1134 tibus.
750 1070 922 1151 Ergo
954 1066 1114 1152 quid
1143 1067 1519 1152 requiratur
1550 1072 1620 1130 et
1645 1064 1918 1131 sufficiat
1946 1063 2033 1130 ad
2058 1064 2404 1131 essentiam
2425 1062 2765 1147 parochia-

521 1188 649 1261 ωε,
693 1202 812 1248 seu
857 1188 933 1248 ut
986 1182 1130 1268 quis
1171 1182 1255 1247 sit
1299 1199 1458 1247 vere
1508 1180 1860 1266 parochus,
1916 1176 2286 1245 eruendum
2334 1183 2455 1256 est,
2498 1184 2640 1243 tum
2680 1196 2764 1243 ex

521 1297 820 1364 Ecclesiae
845 1297 1153 1375 decretis,
1188 1305 1333 1362 tum
1365 1316 1447 1362 ex
1488 1293 2073 1363 consuetudinibus
2112 1293 2245 1359 vim
2272 1291 2438 1379 juris
2477 1311 2766 1359 commu-

522 1416 622 1479 nis
657 1413 1068 1492 habentibuS,
1105 1421 1249 1479 tum
1295 1434 1378 1480 ex
1419 1413 1653 1479 harum
1689 1412 1914 1496 legum
1957 1419 2026 1477 et
2073 1409 2624 1477 consuetudinum
2670 1411 2766 1474 in·-

520 1531 993 1613 terpretatione
1048 1549 1171 1614 per
1226 1528 1586 1595 decisiones
1639 1528 2070 1594 tribunalium
2130 1527 2717 1594 ecclesiasticorum
2741 1574 2759 1606 ‚

525 1663 935 1710 romanarum
989 1644 1350 1729 praesertim
1405 1646 2012 1730 congregationum,
2070 1651 2140 1710 et
2185 1662 2307 1727 per
2356 1661 2764 1710 communem

523 1759 864 1828 doctorum
889 1762 1322 1828 sententiam.

1564 2020 1596 2091 5
1632 2017 1719 2080 ΙΙ.

526 2236 744 2293 Quaenam
764 2234 1055 2286 conditiones
1073 2237 1374 2299 requirantur
1394 2244 1440 2285 et
1467 2235 1697 2285 sufficiant
1723 2233 1783 2284 ad
1811 2236 2112 2297 parochiatus
2141 2235 2411 2296 essentiam,
2450 2247 2534 2284 seu
2565 2238 2616 2282 ut
2657 2232 2767 2294 quis

1385 2342 1523 2378 verus
1552 2329 1615 2378 sit
1650 2331 1903 2392 parochus.

613 2557 1092 2625 Pmonnna.
1128 2596 1218 2608 -
1245 2559 1470 2626 Glossa
1489 2560 1555 2624 in
1586 2559 2044 2626 clementinam
2080 2563 2325 2625 Dudum
2362 2559 2447 2646 (2,
2492 2559 2667 2625 tituli
2699 2568 2760 2637 7,

523 2672 677 2756 libri
703 2677 767 2751 3,
820 2672 904 2739 ad
929 2674 1204 2741 verbum
1232 2672 1643 2759 impendant),
1680 2672 2011 2759 loquendo
2035 2673 2120 2740 de
2162 2674 2477 2742 fratribus
2505 2674 2767 2740 minori-

525 2787 650 2852 bus
679 2807 802 2871 per
833 2787 1147 2855 dioeceses
1174 2788 1258 2856 ad
1297 2790 1738 2858 confessiones
1766 2789 2063 2856 fidelium
2093 2788 2452 2855 audiendas
2473 2789 2765 2873 legitime

525 2902 881 2987 deputatis,
924 2903 1195 2971 adnotat
1237 2925 1350 2972 eos
1377 2926 1511 2972 non
1550 2926 1693 2973 esse
1743 2913 2005 2973 curatos
2036 2928 2052 2990 ;
2100 2903 2185 2970 de
2212 2924 2342 2991 quo
2376 2905 2541 2971 hanc
2577 2906 2773 2971 ratio-

525 3038 675 3084 nem
731 3019 921 3085 affert
966 3042 980 3085 :
1051 3026 1210 3102 Quia
1256 3043 1364 3086 nec
1401 3029 1522 3105 ipsi
1570 3027 1862 3088 adstricti
1907 3030 2047 3087 sunt
2087 3025 2169 3086 ad
2207 3027 2617 3086 eoeecutionem
2673 3024 2771 3085 vet

525 3140 881 3200 excercitium
912 3141 1164 3200 istorum
1200 3145 1464 3218 actuum,
1518 3159 1625 3202 nec
1669 3141 1879 3217 fideles
1931 3147 2072 3208 sunt
2116 3141 2405 3201 adstricti
2452 3146 2522 3201 ut
2573 3142 2640 3200 in
2674 3138 2771 3199 his

523 3253 608 3314 ad
636 3270 733 3313 eos
762 3259 1077 3316 recurrant
1113 3272 1134 3313 .·
1172 3259 1231 3315 et
1260 3259 1349 3316 sic
1389 3256 1528 3317 licet
1559 3273 1640 3316 ex
1661 3255 1990 3336 privileqio
2050 3253 2227 3335 hujus
2264 3260 2569 3335 perpetum
2622 3271 2771 3315 con-

524 3372 865 3431 stitutionis
905 3369 1012 3431 hoc
1046 3375 1317 3450 possint,
1368 3390 1488 3433 non
1532 3389 1642 3451 per
1669 3370 1777 3432 Ιιοσ
1818 3377 1960 3433 sunt
2004 3372 2285 3433 censendi
2318 3375 2540 3432 curati.
2576 3366 2769 3433 Unde

522 3481 709 3566 juxta
737 3481 903 3547 banc
935 3483 1230 3565 glossam,
1276 3492 1351 3550 ut
1396 3486 1538 3568 quis
1576 3502 1773 3549 verus
1819 3484 1902 3548 sit
1929 3483 2250 3567 parochus
2277 3483 2523 3567 duplex
2548 3501 2627 3547 ea
2663 3500 2770 3545 re-

527 3599 810 3680 quiritur
869 3597 1178 3676 conditio,
1240 3584 1477 3683 nempe
1500 3648 1515 3678 ,
1575 3607 1651 3665 ut
1705 3620 1787 3666 ex
1845 3600 2240 3684 obligatione
2295 3600 2637 3678 ministret,
2698 3605 2771 3663 et

526 3718 603 3776 ut
639 3712 1009 3794 parochiani
1046 3732 1128 3778 ex
1167 3713 1562 3798 obligatione
1595 3712 1679 3780 ad
1719 3734 1871 3781 eum
1899 3722 2272 3782 recurrant.
2312 3717 2522 3780 Porro
2557 3716 2770 3798 glossa

528 3823 666 3890 haec
723 3829 1117 3895 unanimiter
1176 3850 1215 3896 a
1275 3828 1656 3897 doctoribus
1705 3838 1977 3915 recepta
2022 3839 2144 3911 est,
2185 3838 2254 3897 et
2279 3833 2484 3897 instar
2519 3832 2768 3916 regulae

527 3943 734 4008 evasit
792 3943 970 4027 apud
1019 3945 1252 4012 Rotam
1304 3953 1376 4013 et
1420 3947 1577 4013 alias
1631 3946 1950 4014 Romanas
2004 3947 2441 4014 cardinalium
2494 3964 2770 4031 congre-

529 4058 842 4139 gationes.

619 4173 972 4241 Concilium
1017 4176 1469 4244 Tridentinum
1517 4179 1699 4265 (sess.
1739 4181 1846 4258 24,
1892 4198 2033 4263 cap.
2073 4184 2175 4258 13,
2211 4183 2286 4245 de
2314 4177 2476 4265 Res.)
2518 4178 2609 4244 sic
2650 4176 2768 4243 de-

529 4293 741 4356 cernit
774 4313 788 4356 :
827 4315 860 4352 «
897 4293 972 4357 In
1032 4293 1108 4358 iis
1141 4312 1402 4379 quoque
1451 4295 1828 4362 civitatibus
1868 4316 1943 4362 ac
1976 4297 2157 4375 locis,
2195 4295 2311 4386 ubi
2361 4293 2769 4380 parochiales

535 4430 568 4467 a
613 4403 912 4473 Ecclesioe
950 4415 1166 4475 certos
1200 4429 1330 4476 non
1367 4409 1613 4478 habent
1641 4409 1829 4490 fineS‚
1865 4430 1986 4480 nec
2028 4429 2254 4479 earum
2288 4419 2586 4479 rectores
2614 4428 2765 4495 pro-
