3146 4973
1226 323 1383 370 nus
1431 323 1715 383 Quum-A.
2455 307 2580 371 447

441 445 507 506 2⁰
553 443 797 509 Auctor
841 443 1099 528 quidam
1146 443 1455 521 Gallicus,
1509 445 1769 511 nomine
1820 443 2074 527 Corgne
2118 446 2208 530 (in
2257 465 2376 512 suo
2419 445 2585 512 lihm

350 561 605 640 Defensa
634 563 739 624 des
774 564 970 624 droits
996 563 1100 624 des
1124 549 1411 642 Eveques,
1448 568 1627 626 tomo
1658 562 1721 637 2,
1756 559 1988 644 pagina
2013 562 2167 638 417,
2207 560 2368 626 edit.
2408 562 2589 628 Pari-

351 676 457 741 siis
511 676 729 760 1768),
769 675 1088 761 ejusmodi
1148 677 1541 743 vicariorum
1586 677 2086 742 nominationem
2144 678 2441 759 gnaviter
2479 695 2589 744 eo-

349 801 539 858 natus
563 800 665 858 est
682 793 1010 878 Episcopis
1055 793 1405 859 vindicare.
1446 792 1545 858 Ad
1590 807 1785 877 quem
1823 807 2115 876 scopum,
2153 799 2356 874 primo
2403 793 2592 878 fingit

350 907 719 975 doctrinam
788 911 1177 974 contrariam
1251 910 1447 974 fuisse
1524 909 1901 974 Jansenistis
1969 909 2173 974 veluti
2225 909 2585 993 propriam.

352 1025 642 1108 Excepto
670 1026 915 1090 scilicet
946 1025 1276 1089 canonista
1308 1024 1562 1102 (fibert,
1613 1024 1784 1090 solos
1807 1030 2125 1091 memorat
2167 1022 2588 1107 jansenisticoe

352 1147 543 1204 sectas
568 1143 936 1223 scriptores,
967 1149 1036 1206 et
1060 1142 1421 1224 proesertim
1449 1140 1991 1222 Van-Espenium‚
2032 1140 2143 1224 qui
2165 1158 2309 1204 eam
2349 1155 2592 1223 propu-

352 1256 696 1338 gnaverint
744 1277 756 1319 ε
803 1255 1128 1337 pontificia
1155 1263 1375 1320 autem
1424 1255 1837 1332 documenta,
1891 1274 2142 1321 necnon
2187 1257 2393 1321 Sacrae
2428 1256 2592 1322 Con·-

353 1371 743 1455 gregationis
793 1371 1062 1436 Concitii
1110 1369 1604 1446 declaratione5‚
1647 1377 1717 1435 et
1741 1370 2215 1436 catholicorum
2250 1371 2590 1440 doctorum

352 1487 762 1562 sententiam,
799 1503 942 1570 quae
990 1484 1351 1551 doctrinam
1400 1486 1577 1551 illam
1621 1493 1690 1551 et
1737 1505 2146 1551 communem
2185 1487 2489 1570 probant,
2522 1498 2591 1554 et

354 1610 601 1668 certam
634 1602 729 1687 (ut
757 1621 909 1666 mox
942 1599 1334 1685 videbimus)
1377 1600 1647 1679 faciunt,
1672 1601 1807 1666 alto
1830 1602 2085 1667 silentio
2122 1605 2587 1686 praetermittit.

356 1718 646 1794 Secunde,
697 1717 898 1782 multa
950 1717 1265 1800 congerit,
1311 1736 1453 1800 quae
1501 1716 1666 1781 adeo
1695 1717 1903 1799 palam
1942 1723 2125 1781 extra
2172 1719 2592 1802 quaestionem

359 1836 697 1912 vagantur,
727 1840 800 1896 ut
828 1833 1237 1897 mirationem
1273 1839 1533 1897 moveat
1565 1831 1702 1896 haec
1738 1831 1820 1895 ab
1851 1851 1929 1898 co
1966 1831 2255 1899 fidenter
2281 1841 2588 1921 tanquam

354 1948 826 2031 peremptorias
855 1949 1276 2032 probationes
1306 1946 1547 2012 afferri.
1598 1946 1901 2025 Adducit,
1957 1949 2142 2014 verbi
2180 1951 2409 2033 gratia,
2442 1969 2596 2018 non-

354 2062 687 2127 nullorum
720 2064 1210 2146 provincialium
1243 2061 1658 2128 conciliorum
1686 2070 1950 2139 statuta,
1984 2063 2224 2147 quihus
2249 2064 2596 2147 prohiben-

354 2183 467 2243 tur
495 2178 761 2262 parochi
783 2179 907 2244 sibi
930 2181 1205 2244 vicarios
1236 2180 1659 2254 constituere,
1697 2177 1816 2241 nisi
1843 2181 2082 2242 idoneos
2117 2188 2174 2243 et
2201 2182 2277 2243 ab
2307 2183 2595 2262 Episcopo

356 2296 755 2374 approbatos:
794 2293 880 2359 de
926 2294 1110 2379 cujus
1153 2292 1643 2376 approbationis
1687 2295 2073 2358 necessitate
2105 2292 2281 2359 nulla
2309 2302 2411 2360 est
2434 2292 2596 2359 diffi-

357 2409 584 2474 cultas.
611 2411 777 2475 Item
823 2410 1060 2496 quibus
1086 2411 1404 2495 Episcopo
1443 2408 1757 2474 tribuitur
1791 2416 2080 2493 potestas
2117 2408 2317 2474 dandi
2358 2413 2593 2495 coaayu-

358 2533 541 2589 torem
583 2526 868 2611 parocho
914 2527 1001 2593 ob
1045 2528 1305 2592 inscitiae
1347 2545 1633 2611 causam3
1684 2524 1861 2614 quod
1919 2527 2170 2609 pariter
2213 2548 2251 2592 a
2295 2528 2477 2594 nullo
2525 2530 2592 2594 in

357 2644 776 2724 quoestionem
826 2651 1117 2720 vocatur,
1162 2661 1310 2708 cum
1354 2640 1424 2708 id
1465 2661 1772 2727 expresse
1812 2640 2187 2708 decreverit
2219 2641 2595 2709 Tridentina

357 2756 647 2841 synodus
672 2759 956 2825 sessione
981 2762 1090 2835 21,
1125 2761 1334 2842 capite
1355 2761 1416 2824 6.
1447 2760 1613 2824 Item
1637 2758 1873 2842 quibus
1893 2757 2232 2841 probatur,
2254 2760 2587 2835 vicarium,

356 2893 393 2938 a
438 2891 568 2958 quo
593 2874 884 2960 (vacante
929 2873 1255 2957 parochia,
1292 2893 1408 2939 seu
1446 2873 1715 2939 absente
1748 2870 1834 2938 ad
1863 2874 2147 2939 notabile
2190 2882 2451 2958 tempus
2482 2894 2595 2959 pa-

354 2988 579 3072 rocho)
628 2988 1071 3073 principaliter
1117 2987 1481 3055 exercenda
1531 2997 1634 3053 est
1681 2990 2039 3053 animarum
2090 3008 2278 3066 cura,
2313 3008 2456 3054 esse
2512 2992 2594 3057 ab

361 3102 676 3189 Episcopo
705 3103 1203 3189 deputandum:
1247 3103 1329 3168 de
1371 3123 1498 3188 qua
1538 3104 1930 3168 vicariorum
1978 3105 2193 3186 specie
2221 3105 2595 3170 nullatenus

360 3221 620 3304 agitur3
655 3240 804 3286 cum
848 3222 1116 3305 quaestio
1167 3221 1250 3286 sit
1287 3219 1629 3285 dumtaxat
1658 3217 1743 3283 de
1776 3219 2053 3295 vicariiS,
2110 3220 2396 3303 parocho
2445 3221 2597 3284 resi-

363 3333 566 3415 denti,
600 3336 843 3414 valido,
884 3345 952 3402 et
990 3336 1387 3401 sufficienter
1409 3336 1646 3419 perit0,
1681 3335 1990 3399 auxilium
2019 3334 2477 3417 praestautibus
2511 3336 2596 3400 ob

361 3448 688 3533 ingentem
714 3452 938 3535 populi
963 3471 1327 3517 numerum.
1372 3456 1573 3516 Tertio
1613 3458 1868 3515 textum
1906 3448 2355 3515 Tridentinum
2395 3453 2481 3515 ita
2506 3451 2598 3514 in-

356 3572 785 3649 terpretatur,
811 3575 886 3632 ut
912 3565 1115 3632 verba
1142 3566 1277 3631 haec
1295 3571 1414 3630 sibi
1440 3569 1767 3648 adjunqere
1798 3568 2133 3629 sacerdotes
2168 3564 2341 3630 idem
2367 3576 2597 3631 sonent

355 3700 430 3747 ac
468 3689 555 3745 eis
584 3688 917 3746 necessaria
955 3686 1037 3747 ad
1070 3690 1214 3746 vttoe
1245 3689 1737 3746 sustentationem
1767 3686 2154 3764 suppeditare
2190 3704 2210 3744 .·
2247 3706 2279 3743 α
2323 3684 2412 3748 Le
2447 3701 2597 3749 con-

361 3819 394 3859 α
426 3797 547 3862 cile
576 3796 660 3862 de
688 3796 925 3864 Trente
948 3797 1049 3864 n'a
1076 3800 1277 3863 voulu
1306 3797 1449 3863 dire
1484 3807 1677 3863 autre
1704 3799 1920 3873 chose,
1948 3800 2131 3863 sinon
2157 3817 2284 3881 que
2308 3798 2407 3863 les
2437 3790 2597 3864 Eve-

362 3934 395 3973 α
432 3928 592 3995 ques
630 3922 950 3996 pourront
977 3912 1396 3979 contraindre
1433 3921 1580 3978 tous
1616 3932 1785 3978 ceux
1827 3912 1940 3995 qui
1971 3920 2118 3976 sont
2142 3913 2303 3976 ainsi
2327 3911 2596 3996 charges

364 4050 396 4086 a
430 4026 549 4094 des
574 4029 909 4113 paroisseS‚
936 4028 1023 4095 de
1056 4031 1367 4113 pourvoir
1388 4032 1425 4093 a
1453 4029 1513 4093 la
1535 4027 1935 4093 subsistance
1958 4026 2076 4091 des
2095 4032 2355 4110 pretres
2377 4034 2599 4095 neces-

361 4167 393 4203 «
429 4148 765 4212 saites...»
800 4147 967 4232 (loco
1007 4148 1227 4225 citato,
1250 4164 1395 4230 pag.
1426 4142 1606 4228 432).

446 4266 514 4329 3⁰
553 4264 803 4329 Verum
838 4271 940 4329 est
967 4264 1360 4328 Jansenistas
1411 4262 1764 4345 scriptores
1807 4260 1913 4345 jus
1967 4260 2133 4328 illud
2157 4262 2592 4347 parochorum

344 4380 634 4446 'vicarios
678 4399 830 4447 suos
857 4378 1229 4444 nominandi
1257 4397 1741 4462 propugnasse3
1786 4374 1904 4442 sed
1933 4396 2080 4442 cum
2111 4378 2178 4441 in
2207 4378 2330 4442 hoc
2372 4378 2597 4444 Roma-
