3146 4973
1146 404 1307 461 rans
1350 404 1581 469 ram.
2388 394 2477 465 99

263 524 509 609 stigium
535 525 602 595 in
623 525 1101 613 antiquioribus
1114 528 1492 603 parisiensis
1507 527 1853 603 academioe
1877 526 2284 603 documentis
2294 548 2480 619 repe-

259 642 384 707 rire
397 642 609 732 potui3
635 649 706 707 et
719 648 972 711 certum
996 650 1099 713 est
1119 643 1434 737 plurimos
1451 645 1651 734 ipsius
1668 644 1973 717 doctores
1992 646 2058 713 in
2084 645 2479 717 contrariam

261 755 443 820 ivisse
471 757 884 829 sententiam.
916 758 1082 825 Hinc
1112 759 1267 829 mihi
1294 766 1440 829 orta
1463 760 1763 849 suspicio,
1786 760 2179 844 opinionem,
2201 778 2343 845 quoe
2367 761 2479 829 im·

259 871 599 951 mediatam
647 873 716 939 in
757 875 1181 969 parochianos
1222 874 1748 962 jurisdictionem
1789 877 2109 961 Episcopo
2157 874 2475 961 denegat,

259 1007 294 1053 a
320 987 614 1059 sorbona
643 1009 767 1059 nec
796 991 1168 1063 authentice
1194 992 1560 1072 admissam.
1579 1011 1703 1063 nec
1727 999 1957 1085 aperte
1986 990 2300 1097 rejectam
2329 999 2485 1065 ante

257 1102 534 1179 mediam
562 1106 779 1179 saeculi
815 1105 1048 1179 decimi
1092 1108 1354 1192 septimi
1396 1116 1693 1197 partem5
1735 1115 1895 1179 tunc
1930 1126 2091 1177 vero
2140 1109 2477 1197 tempor-ia,

259 1215 338 1283 ad
371 1226 663 1291 extrema
697 1221 912 1286 omnia
938 1221 1324 1307 parochistis
1360 1230 1430 1291 et
1459 1221 1826 1307 iansenistis
1864 1222 2241 1300 ruentibus,
2276 1223 2485 1291 visum

259 1331 602 1405 academiae
654 1334 945 1418 praefatae
994 1335 1426 1407 restrictionis
1469 1337 1749 1407 fraenum
1801 1355 1942 1407 esse
1992 1335 2478 1425 opponendum-

257 1447 670 1527 attendenda
698 1450 892 1516 etiam
921 1459 1227 1521 notarum
1254 1452 1491 1537 quihus
1516 1452 1807 1525 Sorbona
1838 1453 2052 1523 utitur
2077 1451 2481 1521 moderatio:

259 1562 607 1639 damnatur
639 1585 875 1651 nempe
914 1574 1220 1655 tanquam
1258 1570 1446 1650 falsa,
1492 1571 1747 1635 decretis
1792 1571 2111 1650 facultatis
2148 1574 2481 1648 contraria,

261 1686 322 1743 et
381 1685 555 1745 omni
596 1684 1029 1763 probabilitate
1076 1683 1330 1769 (utpote
1390 1684 1732 1768 evangelio
1785 1681 2143 1775 refragans)
2198 1686 2493 1751 destituta

262 1795 499 1878 opinio,
546 1813 688 1880 quae
726 1796 1016 1863 divinam
1054 1798 1486 1882 parochorum
1514 1799 2017 1877 institutionem,
2057 1805 2127 1869 et
2156 1816 2384 1873 eorum
2424 1799 2491 1869 in

257 1911 446 1981 tertio
474 1911 866 1983 hierarchiae
902 1911 1130 1985 ordine
1160 1914 1651 1987 collocationem
1679 1913 1964 1999 denegat
1998 1935 2013 1981 :
2050 1921 2284 1987 atvero
2310 1933 2348 1978 a
2374 1933 2495 1989 no·

259 2027 335 2093 tis
356 2027 729 2095 acrioribus
756 2028 1143 2119 abstinetur.
1178 2030 1320 2095 Non
1351 2028 1543 2115 pauci
1575 2029 1925 2115 scriptores
1953 2034 2269 2113 putarunt
2297 2029 2494 2101 etiam

262 2141 336 2208 ad
365 2151 596 2210 notam
625 2142 947 2211 haereseos
979 2142 1335 2210 Sorbonam
1362 2143 1777 2228 processisse,
1817 2142 2080 2225 decepti
2107 2160 2344 2227 nempe
2371 2141 2497 2215 hoc

267 2257 513 2325 loannis
539 2257 804 2351 MaJ'oris
821 2263 1045 2327 textu:
1068 2281 1100 2319 α
1124 2260 1278 2325 Tam
1303 2257 1604 2349 Episcopi
1627 2276 1821 2345 quam
1848 2258 2055 2331 carati
2080 2263 2232 2325 sunt
2246 2256 2331 2325 de
2346 2256 2497 2342 jure

274 2395 304 2432 α
335 2372 577 2454 divino,
605 2371 1156 2459 quemadmodum
1178 2373 1501 2443 Romanus
1529 2373 1873 2457 Pontife13
1906 2391 2028 2441 nec
2058 2373 2284 2461 aliquis
2311 2391 2498 2459 pror-

275 2512 304 2550 «
339 2509 444 2560 sus
474 2489 681 2562 homo
717 2495 937 2574 potest
964 2485 1129 2560 illud
1152 2488 1282 2576 jus,
1321 2496 1389 2553 et
1424 2490 1568 2554 illas
1604 2495 1965 2576 potestates
1996 2488 2231 2558 tollere
2262 2486 2347 2562 de
2379 2490 2500 2558 Ec-

277 2627 306 2666 «
336 2606 552 2684 clesia‚
588 2604 741 2690 plus
762 2622 957 2690 quam
987 2603 1321 2669 Summum
1351 2603 1833 2683 Pontificatum,
1858 2604 2014 2669 licet
2044 2605 2282 2676 Petrus
2307 2604 2501 2672 Palu-

275 2741 306 2781 «
338 2719 543 2790 danus
581 2726 655 2786 et
683 2720 964 2785 loannes
1000 2717 1085 2785 de
1115 2721 1612 2784 Turrecremata
1647 2726 1917 2788 teneant
1952 2719 2342 2806 oppositum,
2369 2717 2501 2794 Sed

279 2856 309 2893 α
338 2835 512 2921 quod
541 2832 672 2924 ipsi
692 2840 945 2911 tenent,
973 2839 1204 2902 censuit
1224 2839 1292 2898 in
1308 2834 1433 2911 fide
1457 2834 1732 2897 lzoeresim
1754 2832 2026 2899 facultas
2044 2839 2331 2900 nostra.»
2354 2833 2504 2922 (Ma-

271 2949 383 3034 jor,
431 2953 499 3017 in
542 2951 583 3014 4
629 2949 745 3013 lib.
780 2951 1251 3032 Sententiarum,
1294 2946 1450 3013 dist.
1485 2948 1594 3028 24,
1634 2966 1699 3033 q.
1738 2945 1832 3034 3.)
1878 2946 2008 3014 Sed
2048 2947 2500 3014 Thomassinus

277 3061 441 3148 (tom.
467 3070 529 3142 1,
563 3070 758 3152 parte
782 3065 842 3144 1,
862 3062 980 3130 lib.
1007 3066 1072 3144 2,
1098 3083 1155 3128 c.
1178 3065 1286 3141 26,
1316 3082 1383 3126 n.
1405 3059 1497 3146 4),
1524 3062 1756 3145 etipse
1786 3061 1981 3126 etiam
2002 3059 2500 3145 jansenistarum

274 3178 654 3261 patriarcha,
687 3179 1037 3263 Duverger
1067 3177 1268 3244 abbas
1299 3174 1386 3242 de
1422 3175 1848 3262 Saint·Cyran
1881 3176 2140 3262 (Petrus
2169 3175 2497 3260 AureliuS,

278 3300 420 3372 tom.
467 3297 529 3374 1,
567 3312 724 3384 pag.
768 3292 943 3380 155),
978 3291 1336 3360 advertunt
1362 3310 1440 3357 ea
1467 3289 1673 3358 verba
1702 3289 1987 3377 Maioris,
2029 3298 2260 3355 censuit
2287 3297 2355 3356 in
2376 3293 2501 3371 fide

278 3411 557 3490 haeresim,
599 3410 841 3476 referri
860 3418 1113 3480 tantum
1143 3408 1229 3478 ad
1259 3426 1372 3475 eos
1389 3406 1504 3494 qui
1535 3405 1858 3476 docerent
1879 3423 2138 3471 omnem
2167 3407 2501 3494 episcopa-

278 3529 404 3588 tum
433 3521 518 3600 de
551 3520 778 3600 medio
794 3523 938 3590 tolli
967 3541 1177 3606 posse.
1195 3524 1277 3588 Et
1303 3542 1537 3591 revera
1564 3524 1819 3590 nullum
1837 3522 2173 3608 reperitur
2193 3523 2496 3590 Sorbonoe

281 3635 640 3720 decretum,
674 3656 805 3726 quo
847 3636 1171 3704 haereseos
1201 3646 1421 3714 notam
1447 3639 1753 3705 inusserit
1790 3639 1870 3702 iis
1909 3638 2019 3723 qui
2065 3637 2497 3722 parochorum

281 3752 716 3826 immediatam
743 3772 782 3822 a
812 3751 1065 3822 Christo
1095 3753 1591 3830 institutionem,
1620 3752 1732 3819 vel
1759 3751 2085 3836 triplicem
2109 3750 2499 3838 proedictum

282 3864 647 3944 hierarchiae
697 3866 996 3942 ordinem
1037 3875 1376 3953 negarent.
1441 3865 1636 3952 Quod
1666 3873 1960 3932 notatum
2014 3866 2356 3945 voluimus,
2411 3887 2497 3934 ne

283 3986 415 4070 quis
471 3993 669 4074 putet
715 4005 833 4060 nos
883 3985 1055 4062 velle
1107 3984 1464 4064 Sorbonam
1500 3983 1652 4066 plus
1681 3999 1867 4070 aequo
1900 3980 2284 4065 parochismi
2314 4001 2495 4052 ream

289 4099 515 4168 tacere.
567 4095 1065 4180 Advertendum
1107 4100 1375 4170 tandem
1404 4096 1747 4180 declarari,
1785 4116 1824 4164 a
1852 4096 2105 4164 Christo
2136 4115 2274 4164 esse
2310 4115 2503 4184 paro-

293 4212 434 4281 chos
461 4219 664 4304 quoad
703 4220 1066 4299 primariam
1117 4221 1595 4294 institutionem;
1626 4229 1770 4300 quae
1816 4210 2021 4277 verba
2047 4212 2250 4296 magis
2297 4213 2504 4298 expli-

294 4335 512 4396 cantur
565 4332 634 4395 in
702 4350 980 4406 censura
1028 4331 1175 4406 anni
1237 4331 1409 4398 1429
1467 4328 1785 4408 adversus
1833 4327 2141 4396 Ioannem
2206 4327 2501 4402 sarrazin
