3146 4973
1287 381 1446 429 rans
1491 379 1721 429 rama.
2498 373 2607 436 141

388 503 646 571 debetis
675 503 992 588 parochos
1020 500 1213 569 hodie
1251 521 1332 569 ea
1368 504 1803 588 praerogativa
1833 522 2098 589 carere3
2130 506 2250 571 nisi
2282 506 2367 573 ad
2396 508 2467 575 id
2506 508 2625 577 de·

387 622 648 687 mentioe
687 619 1106 699 deveneritis,
1141 627 1217 685 ut
1245 619 1658 686 contendatis
1686 639 1817 686 non
1847 639 2036 704 posse
2069 622 2417 689 Ecclesiam
2446 627 2623 712 quod

385 737 707 801 concessit
733 734 1098 802 retrahere.
1129 737 1375 802 Verum
1403 735 1742 801 enimvero
1775 753 1993 820 neque
2024 736 2149 803 hoc
2175 738 2616 820 concedimus,

385 850 666 934 viguisse
721 868 1007 935 unquam
1057 850 1361 916 Ecclesiae
1407 849 1844 934 disciplinam,
1885 868 2027 935 quoe
2078 853 2399 937 parochos
2444 854 2621 923 dicta

382 969 708 1046 potestate
751 944 1189 1031 exornaverit.
1224 966 1387 1031 Nam
1432 984 1562 1031 non
1604 972 1861 1031 tantum
1896 966 1968 1033 id
2006 987 2045 1032 a
2084 969 2462 1050 parochistis
2490 990 2619 1038 non

378 1079 699 1162 probatur
732 1079 831 1164 (ut
861 1082 930 1145 in
969 1080 1292 1164 superiori
1333 1080 1737 1165 paragrapho
1765 1080 2217 1168 ostendimus),
2252 1084 2372 1151 sed
2399 1086 2622 1170 positi-

379 1194 478 1259 vis
515 1191 922 1261 documentis
968 1195 1221 1279 singula
1263 1195 1718 1279 percurrendo
1759 1198 1996 1263 saecula
2034 1201 2428 1265 contrarium
2469 1201 2620 1268 illu-

378 1310 573 1375 strari
630 1319 875 1394 posset.
925 1309 1268 1398 (Videatur
1317 1310 1495 1394 apud
1539 1310 1775 1389 Nardi‚
1826 1319 1986 1378 tom.
2033 1316 2092 1392 i,
2138 1332 2174 1377 a
2216 1316 2449 1398 pagina
2484 1316 2617 1381 405

378 1423 626 1491 dictum
655 1426 996 1510 Augustini
1013 1474 1029 1504 ,
1069 1428 1802 1495 excommunicationem
1832 1448 1974 1495 esse
2003 1450 2184 1512 quam
2213 1435 2365 1511 facit
2392 1439 2615 1514 episco-

373 1545 512 1622 pale
531 1545 869 1624 judicium;
900 1551 971 1608 et
1011 1546 1217 1609 sancti
1262 1544 1508 1609 Nicolai
1544 1545 1598 1622 I,
1635 1565 1710 1608 m
1736 1552 1953 1609 temere
1985 1552 2620 1613 &communicationes

376 1658 569 1734 fiant,
640 1677 717 1721 ne
768 1665 1100 1722 auctoritas
1134 1663 1488 1741 episcopalis
1546 1660 1830 1740 vilescat,
1896 1668 1966 1726 et
2023 1660 2144 1727 alia
2191 1661 2612 1747 hujusmodi.)

378 1772 644 1838 Omissis
673 1781 896 1840 autem
934 1772 1281 1840 brevitatis
1319 1792 1513 1840 causa
1561 1774 1737 1840 hisce
1776 1774 2181 1842 documentis
2197 1825 2215 1858 ‚
2255 1776 2324 1842 id
2355 1785 2615 1844 tantum

381 1887 764 1971 urgebimus
797 1910 813 1953 ε
860 1889 912 1953 si
955 1888 1157 1955 tertio
1207 1886 1463 1955 decimo
1497 1890 1735 1955 saeculo
1753 1938 1769 1967 ,
1808 1896 1885 1954 nt
1931 1889 2163 1969 dicitis,
2207 1910 2244 1956 a
2292 1898 2620 1976 potestate

380 2002 983 2070 excommunicandi
1015 2002 1257 2088 dejecti
1302 2004 1434 2069 sint
1468 2005 1772 2088 parochi,
1815 2025 1937 2072 cur
1972 2007 2151 2073 nulla
2198 2009 2621 2090 reperiuntur

377 2117 569 2203 hujus
603 2127 800 2185 tantae
831 2121 1002 2185 circa
1034 2119 1436 2203 disciplinam
1466 2122 1937 2187 immutationis
1963 2128 2409 2200 monumenta,
2440 2122 2619 2189 nulla

378 2234 691 2319 vestigia?
727 2236 859 2300 Cur
889 2236 1094 2301 nullas
1123 2235 1558 2318 parochorum
1588 2236 1705 2301 hac
1744 2234 1829 2301 de
1859 2254 1933 2301 re
1967 2236 2293 2321 querelas»,
2319 2237 2498 2301 nulla
2533 2236 2619 2303 ad

379 2368 488 2414 eas
523 2349 1031 2435 compescendas
1059 2349 1245 2415 Sedis
1266 2350 1649 2433 Apostolicae
1676 2358 1789 2416 ant
1809 2351 2230 2416 conciliorum
2254 2348 2495 2434 judicia
2522 2352 2620 2416 in-

377 2465 596 2533 dicare
627 2466 902 2534 valetis?
940 2466 1124 2533 Illam
1147 2465 1583 2551 parochorum
1609 2466 2210 2534 exauctorationem
2238 2467 2468 2551 procul
2495 2466 2619 2534 du·

376 2584 488 2649 bio
537 2585 897 2650 somniastis
940 2605 955 2648 :
1015 2591 1344 2667 potestate
1401 2583 2003 2650 excommunicandi
2047 2603 2181 2649 non
2228 2583 2617 2651 exciderunt

379 2699 647 2783 parochi
673 2701 874 2765 tertio
901 2698 1157 2765 decimo
1185 2698 1443 2776 saeculo,
1476 2700 1628 2783 quia
1655 2700 1831 2764 illam
1859 2717 2191 2784 nunquam
2216 2698 2610 2765 habuerunt.

468 2818 537 2879 2⁰
585 2816 744 2880 Eam
780 2822 1173 2898 potestatem
1205 2816 1503 2900 parochis
1533 2835 1662 2881 non
1690 2822 2067 2899 competere
2096 2815 2419 2899 probatur
2442 2815 2617 2880 insu·

377 2950 501 3015 per
529 2951 612 2997 ex
658 2932 983 2997 communi
1015 2931 1359 2998 doctorum
1392 2932 1737 2998 sententia.
1774 2953 1808 2993 α
1849 2932 2469 3010 ExcommunicatiO,
2527 2931 2618 2997 ait

385 3067 422 3110 a
454 3055 712 3114 sanctus
737 3049 1030 3126 Thomas,
1064 3047 1151 3114 ad
1173 3049 1388 3114 forum
1424 3047 1716 3115 exterius
1745 3049 2055 3131 pertinet.
2090 3050 2173 3113 Et
2202 3047 2357 3114 ideo
2380 3049 2477 3114 illi
2498 3049 2617 3114 soii

385 3187 418 3226 α
457 3170 728 3247 possunt
758 3164 1318 3231 excommunicare
1372 3165 1484 3247 qui
1531 3162 1779 3227 hahent
1810 3160 2325 3245 jurisdictionem
2379 3163 2443 3227 in
2472 3161 2617 3228 foro

386 3303 420 3340 α
451 3278 763 3363 judiciali.
802 3281 883 3346 Et
909 3287 1185 3365 propter
1219 3278 1341 3346 hoc
1363 3278 1483 3343 soli
1501 3277 1800 3361 Episcopi
1823 3278 2088 3361 propria
2116 3280 2524 3356 auctoritate,
2546 3286 2618 3344 et

382 3419 416 3456 α
451 3394 733 3480 majores
757 3395 1018 3462 Praelati
1041 3393 1402 3461 secundum
1430 3393 1941 3459 communiorem
1956 3394 2324 3477 opinionem
2348 3401 2617 3476 possunt

387 3535 420 3574 α
455 3513 1017 3578 excommunicare
1042 3532 1058 3596 3
1084 3510 1202 3577 sed
1231 3510 1610 3595 presbyteri
1633 3507 2035 3592 parochiales
2054 3508 2308 3574 nonnisi
2337 3527 2421 3573 ex
2447 3526 2620 3574 com-

390 3651 422 3689 α
456 3627 757 3693 missione
781 3628 874 3692 eis
891 3626 1206 3706 facta,vel
1220 3626 1289 3691 in
1314 3625 1511 3691 certis
1526 3623 1801 3702 casibus,
1819 3625 1986 3689 sicut
2006 3625 2072 3689 in
2091 3622 2273 3688 furto
2296 3630 2368 3688 et
2387 3624 2614 3707 rapina

386 3766 419 3803 α
458 3749 528 3809 et
553 3739 944 3828 hujusmodi,
959 3744 1025 3807 in
1041 3739 1279 3826 quibus
1302 3748 1401 3806 est
1424 3741 1515 3806 eis
1538 3759 1576 3804 a
1599 3738 1749 3824 jure
1773 3754 2150 3805 concessum
2164 3737 2343 3823 quod
2356 3759 2615 3806 excom-

387 3881 421 3919 α
457 3859 791 3924 municare
821 3857 1149 3941 pomint...
1183 3855 1284 3922 Ad
1307 3855 1667 3922 secundum
1700 3853 2070 3934 dicendum,
2104 3852 2280 3939 quod
2314 3854 2615 3922 sacerdo-

389 3997 423 4035 α
462 3982 567 4040 tes
575 3972 1232 4059 parochialeshabent
1255 3971 1522 4056 quidem
1538 3969 2055 4056 jurisdictionem
2066 3972 2133 4035 in
2149 3970 2449 4037 subditos
2463 3991 2615 4038 suos

389 4115 420 4145 α
463 4097 776 4174 quantum
813 4087 899 4153 ad
934 4088 1149 4155 forum
1177 4088 1608 4164 conscientiae,
1637 4084 1757 4152 sed
1775 4105 1905 4150 non
1940 4092 2255 4171 quantum
2288 4085 2374 4152 ad
2395 4085 2611 4154 forum

387 4227 422 4264 a
453 4204 752 4289 judiciale
774 4205 958 4290 :quia
983 4223 1113 4270 non
1132 4213 1397 4286 possunt
1425 4202 1759 4269 conveniri
1777 4221 1994 4269 coram
2019 4202 2205 4269 eisin
2230 4203 2439 4269 causis
2460 4221 2612 4267 con-

388 4342 423 4379 a
454 4320 771 4385 tentiosis.
787 4318 1044 4385 ‘Etideo
1070 4320 1636 4384 excommunicare
1666 4335 1795 4383 non
1811 4323 2104 4400 possunt,
2134 4315 2254 4382 sed
2272 4315 2611 4382 absolvere

389 4455 425 4497 κ
459 4434 525 4497 in
581 4432 727 4501 foro
762 4434 1219 4520 poenitentiali.
1280 4435 1358 4499 Et
1403 4434 1703 4518 quamvis
1770 4434 1983 4498 forum
2034 4430 2475 4518 poenitentiale
2530 4431 2613 4496 sit
