3146 4973
597 393 722 458 ⁴5⁸
1269 408 1643 456 macru-us
1696 408 1778 455 nn
1828 408 2153 456 PAROCRO.

593 536 786 619 plene
817 536 886 601 in
922 537 1048 603 hoc
1083 533 1376 600 adhaeret
1413 533 1754 611 Ronoalio,
1798 535 1868 598 in
1901 534 2074 600 hunc
2109 535 2373 603 modum
2411 538 2827 623 quastionem

593 650 875 717 solventi
909 674 923 716 ε
967 675 998 713 κ
1034 648 1300 718 Certum
1334 658 1434 716 est
1463 648 1819 733 parochum
1854 669 2041 733 posse
2077 650 2403 736 denegare
2432 654 2501 717 in
2529 653 2830 737 paschate

598 789 631 826 κ
668 769 1185 832 communionem
1207 785 1337 831 non
1356 764 1690 832 exhibenti
1711 764 2090 831 schedulam
2117 767 2556 845 confessioniS‚
2583 769 2833 853 quoties

596 905 630 938 α
673 882 1037 964 prudenter
1080 879 1264 946 credi
1297 900 1426 946 non
1477 882 1677 964 possit
1726 881 1917 947 alicui
1951 884 2299 957 asserenti,
2353 902 2423 949 se
2469 881 2829 948 confessum

599 1020 633 1057 «
668 1016 809 1064 esse
853 1018 868 1062 ε
911 1016 1060 1062 nam
1108 1007 1266 1064 tunc
1287 1046 1303 1074 ,
1357 1015 1508 1061 cum
1561 995 1986 1079 parochianus
2038 996 2235 1062 fidem
2291 1018 2421 1064 non
2474 1005 2822 1074 mereatur,

601 1139 627 1168 «ι
666 1113 835 1178 bene
866 1113 1187 1196 parochus
1225 1113 1512 1178 abstinet
1547 1132 1617 1177 se
1652 1113 1733 1178 ab
1771 1111 2287 1179 administranda
2325 1112 2522 1180 iidem
2554 1133 2833 1181 commu-

600 1255 627 1288 «
668 1232 881 1296 nione.
910 1254 943 1290 »

682 1348 755 1410 In
794 1344 1120 1411 tradenda
1169 1354 1390 1411 autem
1434 1344 1612 1411 dicta
1678 1347 2129 1423 attestatione,
2197 1347 2353 1411 sciat
2404 1347 2831 1411 confessarius

593 1461 1100 1527 communiorem
1142 1460 1484 1526 doctorum
1533 1461 1926 1525 sententiam
1977 1479 2142 1536 esse,
2196 1479 2391 1546 quam
2429 1468 2499 1526 et
2530 1459 2831 1526 laudatus

593 1574 988 1640 Benedictus
1025 1577 1169 1641 XIV
1196 1576 1639 1660 amplectitur,
1674 1573 1758 1640 de
1783 1579 2145 1655 confessione
2174 1573 2537 1650 dumtaxat,
2575 1595 2701 1640 non
2725 1596 2834 1639 au-

593 1697 727 1755 tem
780 1688 863 1754 dc
906 1693 1297 1765 absolutione,
1359 1692 1755 1756 mentionem
1801 1710 1941 1757 esse
1999 1689 2366 1756 faciendam
2409 1713 2422 1754 :
2466 1713 2495 1752 α
2530 1691 2832 1756 Testimo-

599 1829 628 1862 τι
667 1807 844 1870 nium
893 1825 1129 1889 nempe
1184 1806 1267 1871 de
1307 1813 1575 1890 peracta
1625 1808 2028 1873 confessione
2058 1806 2483 1873 tribuendum
2532 1809 2668 1872 sine
2701 1808 2827 1872 ulla

601 1946 630 1978 «
667 1922 1086 1988 absolutionis
1126 1926 1502 2006 mentione;
1551 1924 1604 1988 si
1645 1925 2010 2007 praesertim
2053 1923 2483 1988 confessarius
2521 1923 2695 1989 idem
2739 1932 2832 1988 te-

600 2059 630 2095 «
672 2038 1038 2103 stimonium
1075 2039 1212 2103 aliis
1243 2041 1662 2122 concesserit3
1707 2040 1815 2104 vel
1845 2041 2175 2122 cognitum
2205 2040 2345 2104 aliis
2394 2047 2830 2122 perspectum-

601 2177 630 2209 «
674 2172 799 2236 que
852 2153 1055 2219 fuerit·
1091 2152 1176 2218 ad
1223 2174 1477 2219 sacrum
1523 2156 1920 2236 poenitentiae
1968 2155 2259 2219 tribunal
2290 2174 2441 2220 eum
2474 2154 2821 2226 hominem,

603 2284 632 2318 α
671 2260 753 2325 de
784 2281 914 2345 quo
951 2281 1163 2326 sermo
1211 2270 1333 2338 est,
1390 2264 1754 2328 accessisse.
1799 2264 1957 2326 Nam
1997 2262 2049 2324 si
2094 2262 2255 2326 alius
2300 2261 2384 2327 de
2430 2263 2826 2328 confessione

600 2400 630 2434 α
671 2379 878 2443 solum
924 2387 1206 2462 peracta,
1265 2381 1435 2445 alius
1489 2400 1652 2445 vero
1687 2378 1773 2444 de
1823 2388 2095 2461 accepta
2141 2381 2387 2461 pariter
2429 2379 2823 2445 absolutione

599 2519 630 2554 «
666 2496 1107 2561 testimonium
1158 2498 1459 2579 accipiat,
1509 2495 1879 2581 suspicandi
1924 2496 2105 2561 locus
2149 2496 2504 2578 praebetur,
2544 2504 2613 2562 et
2661 2497 2825 2580 sigil-

599 2637 629 2671 «
671 2614 807 2678 lum
848 2613 1268 2679 confessionis
1310 2614 1528 2698 aliquo
1569 2621 1764 2696 pacto
1810 2612 2106 2677 violatur.
2139 2636 2169 2671 »
2214 2611 2632 2696 (Benedictus
2656 2614 2817 2685 xlv.

591 2714 1001 2792 institutione
1035 2730 1144 2803 45,
1175 2748 1242 2793 n.
1288 2728 1419 2810 10.)

683 2841 826 2905 XII.
859 2843 1097 2927 Nequit
1130 2843 1456 2925 parochus
1495 2841 1581 2907 ad
1622 2844 2061 2909 confessiones
2089 2842 2446 2909 audiendas
2475 2844 2583 2909 vel
2610 2842 2828 2928 praedi·

595 2954 873 3022 candum
914 2956 1211 3023 divinum
1253 2958 1553 3035 verbum,
1590 2957 1713 3023 sibi
1756 2959 1823 3022 in
1860 2957 2231 3043 adjutorem
2263 2979 2593 3025 assumere
2622 2960 2823 3024 ullum

593 3072 1023 3149 sacerdotem,
1069 3074 1343 3157 quinon
1390 3074 1475 3138 sit
1519 3073 1602 3139 ab
1656 3074 1974 3156 Episcopo
2007 3074 2221 3158 quoad
2257 3074 2379 3140 hoc
2407 3074 2817 3158 approbatus.

591 3189 754 3253 Nam
785 3207 906 3271 pro
943 3189 1460 3256 confessionibus
1491 3197 1637 3254 tum
1668 3190 1865 3265 licite,
1907 3196 2045 3254 tum
2086 3191 2281 3254 etiam
2322 3189 2533 3254 valide
2564 3189 2824 3254 audien-

595 3301 694 3368 dis
725 3305 987 3369 omnino
1027 3305 1391 3370 necessaria
1434 3311 1535 3368 est
1577 3304 1965 3386 approbatio
1994 3304 2321 3387 Episcopi,
2359 3312 2437 3369 ut
2471 3310 2721 3371 constat
2746 3323 2823 3369 ex

594 3420 802 3501 capite
844 3423 922 3484 15
952 3421 1251 3485 sessionis
1285 3422 1365 3483 23
1412 3418 1804 3483 Tridentinae
1847 3418 2118 3503 synodi3
2164 3429 2231 3485 et
2264 3421 2508 3503 pariter
2552 3427 2625 3483 ut
2656 3420 2815 3503 quis,

594 3535 789 3598 etiam
814 3553 850 3598 a
881 3533 1163 3616 parocho
1192 3535 1526 3610 invitatus,
1558 3534 1736 3599 licite
1768 3535 1975 3599 valeat
2001 3534 2380 3617 praedicare,
2401 3535 2608 3602 debet
2632 3535 2821 3600 licen-

593 3650 748 3712 tiam
778 3648 1077 3713 obtinere
1116 3649 1198 3713 ab
1230 3648 1606 3724 ordinarie,
1644 3658 1718 3713 ut
1749 3656 2001 3715 constat
2025 3670 2105 3714 ex
2134 3653 2345 3734 capite
2381 3653 2419 3714 2
2453 3651 2752 3716 sessionis
2783 3652 2819 3712 5

593 3760 886 3845 ejusdem
923 3760 1313 3827 Tridentium
1359 3762 1612 3846 synodi.
1658 3764 1846 3831 Unde
1886 3785 2154 3849 prorsus
2181 3765 2695 3851 derelinquenda
2729 3771 2821 3828 est

593 3880 806 3959 opinio
863 3878 1300 3962 quorumdam
1357 3882 1837 3945 canonistarum
1867 3929 1882 3957 ,
1933 3884 2043 3966 qui
2096 3884 2248 3947 olim
2294 3883 2689 3947 contrarium
2735 3889 2824 3944 te-

593 3994 866 4067 nebant,
911 4000 1105 4075 prout
1159 3995 1441 4061 Barbosa
1491 3996 1576 4079 (in
1630 4014 1746 4059 suo
1794 4003 2079 4061 tractatu
2122 4000 2194 4060 (le
2246 3999 2548 4073 Par-ocho,
2594 4017 2651 4060 c.
2702 3999 2815 4061 19.

595 4131 657 4171 n.
694 4107 830 4189 38).
