3146 4973
571 312 700 378 342
1257 328 1638 380 Taac‘rsrus
1682 330 1773 377 na
1816 327 2143 378 rnocno.

575 475 607 511 «
644 453 745 518 bis
772 452 886 538 qui
925 452 1016 518 sic
1064 452 1413 519 examinati
1453 461 1672 519 essent
1715 460 1914 537 atque
1945 452 2310 535 postpositi,
2347 453 2415 517 in
2448 459 2804 536 posterum,

577 595 603 625 ι
642 576 719 635 ut
767 568 1009 646 solent,
1066 568 1552 653 appellantibus
1571 618 1587 646 ,
1641 567 2042 653 indulgenda
2091 586 2297 633 necne
2354 570 2576 635 statim
2617 571 2816 639 electi

576 708 609 743 «
644 703 889 752 novum
931 684 1016 751 ad
1060 704 1334 753 examen
1373 688 1774 768 provocatio,
1811 685 1990 750 nulla
2036 684 2421 767 gravaminis
2471 688 2816 772 praerequi·

574 823 609 861 «
640 801 762 867 sita
793 800 1201 884 probatione,
1232 799 1608 884 videretur3
1655 819 1805 866 cum
1837 800 1945 866 isti
1975 818 2057 865 ex
2085 801 2245 863 actis
2280 800 2474 881 primi
2503 801 2818 869 examinis

576 931 996 996 «gravamen
1042 913 1355 979 doctrinae
1388 913 1579 978 facile
1643 913 1931 997 alioquin
1977 911 2262 995 probare
2311 912 2594 996 possint3
2635 913 2816 998 qnod

575 1051 608 1088 «
639 1025 772 1107 alii,
802 1029 994 1093 aliter
1046 1029 1350 1093 nimirum
1409 1029 1785 1106 examinati,
1832 1028 2136 1111 probare,
2187 1027 2310 1092 nisi
2357 1026 2645 1093 secundo
2697 1048 2814 1096 seu

575 1166 608 1203 α
639 1161 810 1208 novo
834 1143 1151 1220 examine,
1204 1162 1330 1208 nou
1377 1151 1705 1226 poterant.
1754 1145 1887 1208 Nec
1924 1142 2201 1207 defuere
2229 1141 2340 1209 alii
2365 1143 2706 1224 probitatis
2738 1163 2817 1209 ac

576 1282 608 1317 «ι
645 1259 893 1342 peritioe
917 1260 985 1327 in
1015 1257 1547 1324 administrandis
1588 1259 1708 1325 diu
1746 1259 2032 1325 ecclesiis
2050 1256 2247 1322 laude
2268 1265 2672 1341 praestantes,
2703 1262 2816 1344 qui

576 1398 607 1433 α
652 1380 1020 1455 monerent,
1053 1373 1329 1438 fraenum
1358 1371 1624 1458 aliquod
1653 1373 2024 1458 hujusmodi
2046 1374 2516 1457 appellantium
2537 1373 2811 1441 licentiae

577 1511 610 1548 «
644 1486 911 1554 tandem
933 1485 1381 1571 injiciendum,
1412 1507 1772 1573 eorumque
1783 1488 1922 1573 jam
1952 1487 2142 1552 nimis
2175 1486 2440 1554 crebras
2469 1506 2709 1554 novum
2729 1487 2813 1553 ad

576 1625 608 1662 «
644 1621 920 1670 examen
971 1604 1466 1686 provocationes
1510 1623 1654 1669 esse
1702 1602 2191 1687 reprimendas3
2240 1603 2483 1687 quippe
2526 1619 2668 1687 quoe
2701 1604 2811 1667 vix

578 1742 607 1777 «
644 1737 927 1803 unquam
983 1711 1120 1785 'sine
1163 1738 1397 1801 magno
1448 1718 1868 1784 ecclesiarum
1917 1717 2158 1783 damno
2208 1719 2611 1801 contingunt.
2649 1719 2811 1784 Nam

578 1857 608 1893 «
645 1852 797 1899 cum
831 1853 1074 1900 novum
1112 1852 1388 1899 examen
1427 1853 1646 1899 coram
1688 1832 1911 1918 judice
1951 1833 2402 1916 appellationis
2431 1833 2622 1916 longe
2662 1851 2813 1917 pro·

578 1974 608 2009 κ
647 1950 753 2015 cul
781 1968 818 2013 a
844 1949 1148 2033 parochia
1176 1948 1625 2032 peragendum
1665 1949 1769 2025 sit,
1790 1949 2041 2015 electus
2064 1949 2146 2013 ab
2170 1948 2486 2031 Episcopo
2517 1949 2629 2032 qui
2663 1966 2811 2031 pro-

578 2092 608 2121 «
644 2071 937 2142 vocatur,
978 2063 1352 2148 parochiam
1392 2082 1589 2149 quam
1641 2063 1933 2147 possidet
1973 2065 2228 2147 cogitur
2263 2064 2516 2130 interea
2561 2071 2814 2148 tempo-

580 2206 607 2237 «
651 2182 740 2245 ris
775 2179 1109 2256 deserere,
1144 2199 1418 2265 eamque
1466 2199 1827 2258 ceconomo,
1857 2180 1966 2247 vel
1997 2179 2237 2244 vicario
2275 2180 2578 2262 cuipiam,
2607 2181 2816 2247 veluti

580 2318 611 2357 «
646 2314 944 2379 sponsam
972 2297 1210 2380 ignotis
1233 2295 1615 2361 custodibus
1664 2297 2065 2380 relinquere,
2111 2315 2350 2379 sponso
2401 2315 2532 2361 non
2557 2315 2817 2379 parum·

581 2438 608 2469 «
656 2409 931 2495 per,sed
951 2409 1066 2475 diu
1089 2428 1242 2475 sane
1276 2409 1611 2494 abfuturo3
1637 2409 1792 2475 dum
1818 2428 2077 2494 nempe,
2097 2411 2428 2496 implicita,
2449 2419 2523 2477 ut
2547 2411 2646 2489 fit,
2667 2411 2809 2488 lite,

581 2549 613 2586 «
647 2534 833 2593 terna
851 2528 1046 2592 etiam
1064 2528 1173 2593 vel
1194 2535 1513 2613 quaterna
1534 2527 1658 2593 alia
1678 2546 1760 2592 ex
1785 2527 1925 2592 aliis
1950 2528 2265 2604 examina,
2289 2547 2489 2611 super
2512 2535 2817 2611 praestan-

580 2667 611 2700 «
650 2643 738 2706 tia
767 2643 1049 2725 primum
1079 2640 1415 2717 doctrinae,
1459 2647 1599 2707 tum
1634 2640 1876 2707 deinde
1907 2642 2181 2707 aliorum
2218 2661 2360 2726 quae
2386 2642 2470 2708 ad
2494 2643 2822 2727 integrau-

582 2779 615 2816 α
648 2756 801 2826 dam
820 2755 1243 2822 idoneitatem
1262 2764 1630 2839 opportuna
1648 2764 1822 2833 sunt,
1844 2765 2034 2822 conte
2043 2757 2250 2823 ntiose
2271 2758 2812 2841 multiplicentur,

582 2893 615 2932 «
651 2878 720 2936 et
743 2869 1107 2948 commode,
1151 2890 1235 2935 ne
1268 2869 1478 2936 dicam
1508 2872 1739 2950 otiose,
1778 2872 2242 2954 transigantur,
2279 2879 2626 2958 antequam
2650 2872 2824 2942 deli-

582 3009 615 3046 «
650 2985 867 3051 berari
910 2987 1112 3068 possit
1149 2986 1282 3051 utri
1314 2988 1847 3052 concurrentium
1892 2987 2197 3069 parochia
2232 2988 2315 3053 sit
2349 2987 2812 3073 adjudicanda.

673 3123 705 3160 «
737 3100 836 3167 Ad
864 3100 1223 3168 tollendam
1251 3100 1576 3186 ejusmodi
1622 3121 1753 3168 non
1797 3103 2007 3166 minus
2036 3103 2473 3187 querelarum,
2510 3121 2706 3187 quam
2727 3106 2826 3170 in·

585 3240 615 3276 «
652 3217 1141 3284 commodorum
1194 3218 1621 3296 occasionem,
1674 3219 1869 3285 Sacra
1907 3218 2333 3302 congregatio
2378 3219 2646 3284 Concilii
2677 3220 2825 3285 Tri-

585 3354 619 3390 «
655 3332 907 3400 dentini
933 3334 1280 3416 interpreS,
1323 3339 1667 3417 postquam
1706 3351 1846 3397 rem
1870 3350 2127 3398 omnem
2164 3351 2202 3398 a
2235 3334 2446 3415 capite
2470 3335 2824 3418 repetitam

586 3471 619 3510 «
652 3451 719 3515 in
739 3450 992 3533 gemina
1021 3450 1326 3524 sessione,
1365 3451 1386 3511 l
1424 3448 1710 3512 octobris
1743 3456 1812 3512 et
1843 3451 1921 3512 16
1942 3447 2314 3513 novembris
2344 3450 2535 3527 1720,
2561 3468 2825 3517 summo

585 3587 618 3626 «
654 3563 871 3629 studio
948 3562 1349 3644 recognovit,
1392 3560 1681 3637 tandem,
1737 3561 2145 3629 sanctissimo
2201 3563 2395 3628 etiam
2452 3572 2817 3642 annuente,

591 3703 618 3737 «
652 3679 881 3743 statuit
942 3675 1141 3761 (quod
1178 3693 1298 3758 per
1337 3679 1694 3758 praesentes
1745 3675 1997 3742 litteras
2036 3678 2399 3762 encyclicas
2440 3680 2822 3764 exequitur)

590 3814 622 3853 α
657 3808 881 3856 omnes
910 3796 979 3854 et
1021 3789 1305 3872 singulos
1352 3790 1705 3873 Episcopos
1749 3791 2034 3875 aliosque
2070 3791 2391 3876 praelatos,
2422 3811 2626 3875 penes
2653 3811 2830 3879 quos

589 3929 623 3968 «
656 3907 738 3972 sit
762 3904 871 3990 jus
893 3913 962 3972 et
1006 3906 1360 3971 auctoritas
1394 3905 1678 3972 faciendi
1706 3924 2115 3987 concursum,
2143 3906 2412 3984 hortari,
2442 3914 2518 3973 ut
2543 3927 2828 3976 examen

588 4048 621 4085 κ
655 4020 978 4108 ejusmodi
1009 4023 1351 4088 instituere
1374 4042 1503 4088 non
1534 4031 1915 4106 graventur,
1947 4025 2136 4109 quale
2155 4023 2287 4106 jam
2318 4031 2388 4088 et
2409 4024 2630 4090 multoe
2659 4023 2832 4091 dioe-

588 4165 620 4200 «
657 4157 860 4217 ceseS,
887 4146 958 4205 et
990 4139 1163 4205 Urbs
1192 4141 1327 4222 ipsa
1354 4139 1685 4218 observat,
1707 4147 1905 4226 atque
1935 4141 2300 4223 Apostolica
2331 4141 2530 4206 etiam
2564 4138 2832 4208 dataria

590 4279 621 4315 «
659 4254 968 4339 postulat,
998 4253 1134 4318 sive
1172 4272 1344 4331 cum,
1369 4252 1536 4320 Sede
1583 4261 1877 4332 vacante,
1901 4263 2086 4321 vacat
2138 4255 2356 4340 aliqua
2393 4255 2668 4322 ecclesia
2708 4275 2834 4339 pa-

591 4395 623 4432 «
662 4368 983 4447 rochialis,
1023 4367 1209 4454 cujus
1261 4368 1519 4435 collatio
1561 4368 1646 4437 ad
1689 4370 1923 4437 Sedem
1972 4372 2400 4455 Apostolicam
2451 4370 2814 4453 pertineat.
