3146 4973
1218 435 1374 481 rans
1426 434 1711 494 QUARTA.
2456 423 2578 485 517

350 582 533 625 causa
583 564 944 645 populorum
1002 561 1172 623 nobis
1225 561 1653 623 multitudines
1702 563 2102 638 inclinantur,
2157 568 2228 623 ut
2286 565 2361 625 de
2407 581 2588 625 mana

354 686 561 742 nostra
579 679 1113 760 partemuiiquam
1142 681 1468 739 commissoe
1502 678 1675 739 nobis
1698 678 2124 740 benedictionis
2146 682 2471 758 accipiant.

444 794 537 859 Ex
575 785 926 877 praemissis
953 799 1136 874 patet
1175 792 1433 857 minime
1466 791 1762 875 parochis
1801 792 2025 871 licere,
2053 791 2295 877 absque
2327 793 2592 859 Pontifi-

356 909 454 974 cio
484 908 852 991 privilegio‚
869 908 1105 972 trinam
1121 905 1671 982 benedictionem,
1688 924 1811 989 per
1826 906 2028 971 verba
2054 912 2152 972 Sit
2178 927 2410 986 nomen,
2423 915 2583 984 etc„

356 1040 693 1106 usurpare.
732 1020 1116 1107 Hujusmodi
1155 1022 1418 1106 quidem
1476 1022 1816 1105 privilegio
1865 1022 2440 1088 Ravennentenses
2487 1041 2590 1086 ca-

355 1139 619 1204 nonicos
667 1135 940 1202 donatos
982 1135 1182 1202 fuisse
1218 1143 1508 1220 constat3
1568 1158 1701 1223 quo
1755 1140 1954 1206 etiam
2003 1139 2200 1225 aliqui
2230 1139 2446 1205 forsan
2487 1138 2594 1204 alii

354 1251 662 1336 gaudent.

444 1372 528 1435 At
557 1368 824 1453 parochi
868 1369 1142 1434 Parisini
1172 1368 1242 1433 id
1271 1369 1391 1433 sibi
1416 1370 1642 1435 illicite
1676 1377 1744 1436 et
1772 1391 1854 1436 ex
1884 1390 2064 1437 mera
2089 1374 2592 1454 proesumptione

352 1483 786 1551 vindicarunt.
816 1487 913 1550 De
943 1502 1073 1569 quo
1093 1483 1258 1550 libet
1286 1483 1759 1567 praelaudatum
1785 1484 1985 1551 Nardi
2015 1484 2443 1552 disserentem
2475 1485 2592 1553 ad-

354 1601 621 1667 ducere.
665 1624 697 1660 «
734 1600 1132 1666 Parisienses
1168 1601 1398 1676 curati,
1437 1601 1668 1684 inquit,
1706 1619 1834 1665 non
1873 1608 2126 1666 tantum
2166 1620 2202 1665 a
2237 1603 2367 1666 suis
2395 1602 2594 1666 sacri-

362 1740 393 1776 «
431 1718 548 1781 stis
572 1718 1010 1800 insigniuntur
1032 1715 1312 1781 formula
1330 1720 1508 1779 Votre
1527 1719 1845 1781 Grandem
1865 1713 1953 1801 (1)
1982 1716 2181 1801 (quod
2209 1717 2593 1783 incredibile

362 1855 393 1890 «
436 1829 722 1915 quidem,
759 1830 877 1897 sed
900 1838 1124 1896 tamen
1161 1848 1391 1896 verum
1416 1829 1540 1913 est)
1566 1853 1583 1913 3
1613 1850 1740 1896 non
1788 1836 2042 1895 tantum
2092 1838 2322 1896 curant
2375 1832 2495 1896 sibi
2525 1833 2592 1896 in

363 1970 396 2006 α
436 1946 707 2011 ecclesia
730 1947 963 2029 praeire
995 1946 1367 2011 Helvetium
1391 1946 1503 2031 (un
1527 1944 1789 2029 Suisse),
1827 1953 1902 2010 ut
1939 1965 2057 2011 nos
2085 1945 2378 2023 dicimuS,
2403 1944 2471 2011 id
2494 1955 2595 2012 est

362 2085 397 2123 «
438 2061 585 2127 atrii
636 2058 975 2126 custodem
1015 2058 1362 2145 quemdam
1385 2108 1401 2137 ‚
1456 2060 1639 2124 hasta
1693 2060 2129 2144 instructum3
2179 2077 2306 2125 non
2340 2068 2593 2126 tantum

364 2201 395 2239 α
428 2178 682 2244 missam
724 2184 986 2243 cantant
1023 2195 1173 2242 cum
1217 2177 1440 2242 multis
1468 2177 1917 2242 assistentibus
1954 2177 2253 2262 (quorum
2280 2176 2427 2242 laici
2454 2179 2593 2261 qui-

362 2315 395 2352 «
430 2290 604 2376 dam)
641 2291 984 2358 diaconum
1021 2300 1089 2358 et
1126 2291 1620 2370 subdiaconum,
1664 2291 1747 2356 ad
1791 2293 2064 2357 formam
2101 2290 2585 2374 pontificalium,

363 2429 397 2468 α
430 2406 772 2492 agentibus
794 2428 810 2492 ;
833 2405 953 2472 sed
982 2424 1105 2491 ego
1135 2408 1320 2472 testis
1349 2424 1515 2484 sum,
1555 2414 1627 2471 et
1669 2413 1871 2472 testes
1916 2425 2170 2472 mecum
2203 2407 2592 2491 quicumque

360 2547 393 2585 α
426 2523 708 2590 Parisios
734 2521 1065 2601 adierunt,
1089 2541 1127 2587 a
1157 2522 1485 2607 proedictis
1512 2523 1832 2607 parochis,
1856 2521 2038 2591 finita
2068 2525 2280 2599 missa,
2315 2525 2592 2588 intonari

359 2662 393 2700 α
434 2639 821 2705 solemniter
847 2656 996 2702 cum
1021 2644 1217 2702 cantu
1242 2641 1628 2719 Adjutorium
1652 2645 1948 2715 nostrum,
1973 2645 2132 2714 etc..
2162 2645 2232 2702 et
2260 2640 2358 2701 Sit
2381 2657 2592 2700 nomen

359 2776 393 2815 «κ
434 2759 679 2819 Domita
725 2757 1139 2832 benedictum;
1180 2760 1324 2817 tum
1370 2752 1454 2817 ab
1486 2751 1718 2818 iisdem
1772 2751 1858 2818 ad
1909 2753 2220 2835 populum
2264 2752 2594 2817 conversis

361 2891 395 2929 α
434 2869 621 2935 fundi
666 2869 1014 2935 formulam
1062 2870 1383 2932 Benedicat
1419 2888 1545 2947 vos,
1581 2876 1706 2933 etc.
1746 2890 1778 2929 »
1820 2868 1953 2953 (Dei
1994 2867 2277 2946 ΡανοσΙιὶ,
2321 2874 2479 2931 tom.
2524 2870 2582 2943 1,

358 2970 505 3067 pag.
542 2982 680 3067 81.)
742 3007 774 3046 c<
823 2985 1041 3049 Romae
1094 2983 1451 3048 scissitatus
1505 3001 1648 3047 sum
1698 2990 1917 3047 utrum
1962 2981 2421 3065 parisiensibus
2483 2999 2594 3063 pa·

364 3123 396 3161 a
436 3098 649 3164 rochis
691 3118 729 3163 a
758 3097 927 3164 Sede
976 3097 1338 3182 Apostolica
1372 3115 1751 3162 concessum
1797 3114 2080 3179 unquam
2108 3095 2312 3160 fuerit
2348 3096 2593 3178 imper-

365 3238 397 3275 «
428 3210 666 3277 tieudae
716 3211 1022 3277 solemnis
1092 3209 1566 3276 benedictionis
1633 3209 2068 3293 privilegium.
2140 3207 2423 3292 Mihique
2471 3226 2593 3290 per

362 3354 396 3390 α
436 3329 770 3397 dominum
801 3328 953 3395 Golt
985 3328 1209 3414 (unum
1243 3347 1326 3392 ex
1372 3329 1448 3391 iis
1491 3327 1698 3410 quiin
1737 3325 2086 3390 secretaria
2116 3331 2325 3389 status
2351 3325 2593 3407 primas

363 3470 396 3507 «
441 3453 662 3530 partes
729 3443 991 3529 gerunt)
1064 3441 1597 3527 respondendum
1673 3443 1929 3508 curavit
1993 3439 2593 3507 Reverendissimus

362 3582 396 3624 α
426 3563 570 3628 Sala
605 3583 619 3628 ε
664 3565 742 3625 Id
773 3579 1083 3642 nunquam
1111 3566 1199 3622 eis
1229 3563 1418 3639 fuisse
1466 3578 1826 3622 concessum.
1878 3558 1995 3623 Est
2048 3574 2204 3640 ergo
2244 3556 2484 3622 abusus
2527 3564 2593 3619 in

363 3702 396 3740 α
428 3683 884 3744 diminutionem
929 3682 1315 3742 auctoritatis
1351 3678 1727 3758 episcopatis.
1774 3676 1856 3740 Et
1894 3677 2007 3759 qui
2048 3674 2202 3739 talia
2247 3681 2583 3755 usurpant,

362 3818 394 3856 α
434 3794 689 3861 seclusa
742 3793 1185 3878 ignorantia...
1235 3787 1360 3876 (2),
1419 3791 1517 3855 rei
1572 3797 1725 3855 sunt
1780 3789 2036 3872 peccati
2093 3790 2308 3871 gravis
2330 3836 2345 3864 ,
2395 3793 2591 3873 atque

364 3933 396 3972 α
436 3910 986 3994 irregularitatem
1032 3909 1377 3972 incurrunt
1396 3953 1413 3983 ‚
1452 3911 1526 3968 ut
1570 3903 1846 3970 adnotat
1887 3901 2187 3986 Majolus‚
2231 3905 2306 3967 de
2349 3907 2593 3983 Irreya-

366 4048 400 4087 «
439 4030 708 4103 lav-itate,
739 4025 856 4091 lib.
891 4027 954 4101 4,
994 4043 1052 4089 c.
1092 4026 1195 4101 13,
1231 4042 1298 4088 n.
1330 4019 1421 4105 4).
1447 4043 1478 4082 »
1527 4019 1663 4105 (Dei
1705 4020 1989 4097 Par-ochi,
2026 4022 2187 4082 tom.
2237 4021 2292 4096 1,
2330 4035 2477 4101 pag.
2507 4019 2590 4083 85

361 4141 427 4205 in
466 4139 669 4223 nota.)

434 4334 507 4395 (1)
541 4334 589 4382 Is
616 4342 769 4382 tamen
791 4335 985 4394 abusus,
1004 4334 1045 4381 si
1075 4346 1235 4383 revera
1261 4333 1439 4382 exstitit
1459 4345 1514 4381 eo
1538 4338 1746 4394 tempore
1768 4344 1859 4394 quo
1877 4328 2020 4380 Nardi
2041 4328 2245 4379 Parisios
2270 4327 2355 4378 ivit
2378 4328 2485 4390 (sub
2502 4327 2596 4378 ini-

365 4424 479 4471 tium
508 4432 674 4480 nempe
702 4419 943 4481 praesemis
970 4417 1176 4479 soeculi),
1206 4431 1327 4467 nuuc
1356 4420 1541 4479 penitus
1563 4419 1776 4466 sublatus
1802 4416 1907 4465 suit.

435 4505 507 4571 (Ξ)
545 4503 690 4557 Addit
713 4513 897 4570 auctor,
927 4517 959 4555 o
982 4503 1235 4561 bonaria,
1260 4516 1370 4555 non
1394 4503 1570 4555 buono
1592 4503 1726 4567 fode.
