3146 4973
605 308 732 371 298
1270 318 1643 367 imon-rus
1703 320 1791 366 m:
1837 317 2161 367 PAROCHO.

603 462 721 511 sou
744 441 1155 527 designatum
1178 462 1216 507 a
1237 450 1537 526 patrono,
1563 441 1631 509 iu
1656 446 1927 509 vacante
1949 438 2269 511 beneficio
2299 438 2636 505 instituere
2662 460 2678 522 ;
2709 440 2829 507 nisi

598 567 819 625 tamen
854 560 1068 644 aliqua
1095 559 1388 627 obstaret
1412 558 1579 622 ratio
1608 557 1954 638 eanonica3
1993 573 2124 639 quo
2168 573 2324 621 casu
2350 553 2530 638 rejici
2567 553 2828 639 quidem

601 679 819 756 potest
849 674 931 739 ab
962 674 1282 756 Episcopo
1312 679 1778 756 praesentatum
1814 669 1932 739 sed
1978 677 2275 737 remanet
2303 676 2577 754 patrono
2602 668 2709 754 jus
2737 672 2829 736 al>-

602 796 820 853 terum
846 786 1303 871 proesentandi.

1636 1010 1801 1085 511.

700 1244 952 1307 Requisitae
974 1241 1263 1292 conditiones
1283 1249 1335 1291 ut
1351 1242 1571 1305 parochia
1604 1243 1693 1291 sub
1725 1243 1832 1303 jure
1862 1248 2135 1307 patronatus
2163 1244 2380 1292 canonice
2399 1242 2724 1293 constituatur.

697 1491 760 1550 1⁰
803 1485 1182 1571 Requiritur
1225 1492 1302 1549 ut
1338 1487 1413 1566 is,
1443 1488 1554 1572 qui
1588 1487 1696 1572 J'us
1725 1495 2109 1571 patronatus
2143 1488 2289 1554 vult
2322 1487 2684 1572 acquirere,
2717 1489 2823 1553 vel

598 1600 875 1667 fundum
919 1620 1039 1685 pro
1086 1602 1361 1667 eeclesia
1412 1601 1794 1669 aedificanda
1820 1652 1838 1681 ,
1895 1604 2003 1669 vel
2050 1621 2366 1687 expensas
2413 1620 2533 1685 pro
2594 1602 2826 1668 eadem

596 1717 1012 1795 exstruenda,
1044 1719 1153 1784 vel
1189 1721 1686 1785 convenientem
1725 1718 1950 1786 dotem
1980 1720 2369 1804 erogaverit.
2404 1721 2585 1797 Nam,
2623 1726 2697 1783 nt
2717 1739 2828 1785 su-

597 1851 714 1915 pra
764 1831 1013 1899 dictum
1059 1843 1180 1913 est,
1229 1835 1325 1900 his
1362 1835 1572 1901 tribus
1612 1835 1953 1902 dumtaxat
2009 1826 2402 1920 regulariter
2447 1835 2566 1900 niti
2603 1841 2827 1918 potest

589 1947 698 2032 jus
726 1954 1125 2032 patronatus.
1153 1950 1440 2016 Dicimus
1472 1955 1859 2034 reyulariter,
1894 1953 2044 2036 quia
2070 1951 2364 2017 absolute
2398 1959 2616 2035 posset
2648 1952 2824 2034 Papa

596 2082 717 2146 per
743 2065 912 2128 viam
944 2066 1103 2129 meri
1147 2066 1468 2150 privilegii
1496 2065 1603 2150 jus
1643 2074 2024 2149 patronatus
2063 2067 2130 2130 in
2167 2066 2450 2150 aliquam
2488 2066 2822 2131 ecclesiam

593 2178 687 2243 ini
732 2182 931 2245 etiam
975 2181 1362 2260 concedere,
1427 2183 1538 2267 qui
1595 2182 1751 2248 nihil
1800 2202 1883 2246 ex
1932 2180 2125 2247 dictis
2151 2182 2363 2247 tribus
2386 2182 2812 2265 proestitisset.

681 2299 749 2360 2⁰
782 2297 1161 2382 Requiritur
1189 2298 1456 2381 insuper
1491 2305 1560 2362 et
1608 2298 1873 2364 omnino
1901 2297 2302 2362 necessarius
2333 2304 2435 2363 est
2470 2314 2821 2361 consensus

594 2408 942 2476 Ordinarii.
1000 2435 1031 2472 α
1079 2411 1467 2495 Respondeo
1490 2460 1506 2490 ,
1553 2413 1644 2476 ait
1694 2412 2085 2490 Leurenius,
2125 2410 2373 2476 dictum
2434 2428 2819 2477 consensum

601 2553 631 2587 «
668 2530 927 2594 omniuo
958 2537 1026 2594 et
1053 2530 1417 2595 necessario
1454 2528 1540 2596 ad
1570 2529 1694 2594 hoc
1725 2529 1997 2614 requiri,
2024 2536 2099 2594 ut
2138 2528 2466 2612 colligitur
2493 2547 2574 2592 ex
2603 2527 2817 2610 capite

598 2667 632 2703 «
668 2648 852 2708 Nobis
881 2692 897 2722 ,
963 2648 1039 2708 de
1092 2649 1240 2709 Jure
1285 2654 1671 2728 patronatu&
1700 2669 1736 2705 »
1799 2646 2038 2732 (Forum
2084 2645 2444 2723 beneficiate,
2490 2649 2675 2725 parte
2726 2646 2768 2706 2
2792 2692 2810 2720 ,

592 2779 656 2844 q.
692 2758 831 2842 36.)
863 2760 1042 2824 Sicut
1068 2779 1303 2844 nempe
1338 2780 1529 2827 causa
1553 2761 1841 2827 efficiens
1867 2760 2212 2826 erectionis
2238 2757 2534 2824 beneficii
2562 2765 2662 2823 est
2675 2759 2820 2840 Epi-

592 2892 846 2958 scopus,
877 2877 967 2942 ita
991 2876 1188 2942 etiam
1213 2878 1517 2961 Episcopi
1538 2877 1892 2942 auctoritas
1912 2873 2154 2941 dicitur
2182 2893 2221 2939 a
2246 2874 2589 2939 canonistis
2624 2893 2818 2939 cansa

591 2991 875 3057 efficiens
922 2993 1379 3059 reservationis
1420 2992 1589 3079 juris
1629 2998 2010 3077 patronatus
2063 2992 2130 3054 in
2179 2989 2531 3073 benefici03
2588 2995 2812 3074 quate-

591 3127 734 3186 nus,
783 3107 939 3173 dum
986 3110 1260 3192 erigitur
1300 3109 1714 3187 heneficium,
1772 3108 2089 3192 approbat
2136 3108 2316 3191 leges
2363 3106 2432 3170 in
2470 3105 2815 3171 erectionis

590 3223 805 3290 limine
845 3224 1173 3311 adiectam
1234 3246 1308 3292 ac
1365 3225 1642 3310 proinde
1705 3226 1901 3291 etiam
1959 3223 2472 3290 reservationem
2519 3230 2813 3305 patmus-

590 3344 696 3402 tus
720 3385 736 3414 ‚
788 3339 840 3402 si
886 3340 1240 3406 reservatio
1296 3338 1432 3403 haec
1495 3340 1671 3404 inter
1712 3336 1921 3403 dictas
1968 3337 2146 3420 leges
2212 3336 2605 3418 reperiatur.
2665 3359 2696 3393 ιι
2731 3335 2812 3402 Et

589 3463 769 3521 corte
809 3455 981 3521 sicut
1020 3456 1157 3521 sine
1189 3455 1541 3538 superioris
1570 3461 1896 3538 potestate
1935 3450 2243 3518 aedificari
2282 3468 2412 3516 non
2445 3456 2665 3534 potest
2699 3468 2810 3516 ec-

587 3573 803 3650 olem,
842 3573 934 3640 ita
994 3590 1115 3637 nec
1170 3571 1469 3637 servituti
1514 3569 1772 3654 patroni
1829 3567 2087 3653 subjici.
2140 3590 2170 3629 υ
2217 3566 2622 3654 (Leurenius,
2663 3566 2809 3632 loco

591 3686 842 3773 citat0.)

676 3810 745 3871 3⁰
776 3807 915 3871 Non
943 3812 1160 3871 tamen
1191 3821 1455 3870 neccsse
1479 3811 1581 3869 est
1615 3809 1692 3867 ut
1723 3800 1938 3868 dictus
1974 3814 2322 3866 consensus
2351 3798 2438 3864 sit
2466 3813 2810 3880 expressus

584 3920 701 3988 sed
732 3919 963 3986 sufficit
986 3921 1182 3986 etiam
1202 3921 1462 3987 tacitus.
1498 3917 1692 4001 Quod
1716 3918 1866 3984 vide
1899 3916 2253 3999 probatum
2281 3935 2320 3980 a
2347 3912 2614 3979 laudato
2644 3911 2807 3978 Leu-

588 4037 769 4103 renio
801 4035 1041 4123 (Forum
1072 4038 1433 4114 beneficiate,
1466 4040 1655 4120 parte
1682 4037 1744 4112 2,
1774 4051 1839 4119 q.
1868 4036 1978 4109 36,
2009 4051 2075 4096 n.
2104 4029 2193 4113 2).

673 4151 746 4217 4⁰
772 4152 1010 4237 Nequit
1038 4151 1315 4217 vicarius
1345 4150 1692 4235 generaIiS,
1744 4148 1986 4232 absque
2035 4144 2295 4229 speciali
2331 4141 2639 4209 mandato
2666 4142 2808 4223 Epi-

584 4270 781 4353 scopi,
810 4269 1243 4334 necessarium
1268 4268 1452 4333 ilium
1476 4282 1853 4332 consensum
1884 4269 2217 4347 proestare.
2251 4260 2654 4346 (Laeurcnius,
2694 4256 2806 4322 ibi-

585 4385 758 4460 dem,
793 4403 857 4469 q.
892 4388 1001 4461 37,
1034 4403 1099 4450 u.
1139 4381 1233 4465 2.)
