3146 4973
644 407 773 469 260
1319 422 1694 471 Tmen-rus
1743 424 1829 471 m:
1875 424 2200 472 panocno.

639 548 703 609 in
736 546 858 612 hoc
893 564 1043 611 casu
1076 546 1427 630 Episcopus
1478 549 1679 631 possit
1732 547 2105 631 parochiam
2155 545 2623 612 dismembrare
2653 554 2722 612 et
2758 567 2876 613 no·

642 681 783 727 vam
809 664 1098 748 erigere3
1134 683 1216 728 an
1243 682 1405 729 vero
1440 661 1512 728 id
1550 672 1858 749 nequeat,
1905 683 1989 729 ex
2026 663 2150 730 hoc
2190 664 2332 747 ipso
2363 660 2543 748 quod
2577 661 2871 729 adhiberi

632 787 789 844 tunc
818 781 1019 863 possit
1048 778 1228 845 aliud
1256 779 1504 846 dictum
1529 780 1894 846 remedium
1915 782 1950 847 ’ἶ
1983 782 2191 847 Porro
2231 778 2318 846 de
2359 779 2480 845 hac
2518 782 2867 865 quaestione

628 895 761 961 duo
812 895 880 959 in
930 895 1100 960 thesi
1171 896 1506 980 posuimus
1554 918 1567 961 ε
1621 900 1682 960 10
1714 905 1815 962 sat
1862 904 2198 981 receptam
2252 894 2464 961 videri
2501 897 2863 980 opinionem

627 1030 769 1095 quae
799 1013 866 1075 in
895 1013 1018 1077 hoc
1051 1031 1203 1077 casu
1239 1013 1555 1097 Episcopo
1587 1012 1868 1097 denegat
1900 1012 2279 1078 facultatem
2314 1010 2860 1095 dismembrandi3

623 1129 692 1190 2⁰
729 1125 880 1192 huic
905 1135 1127 1195 tamen
1157 1129 1496 1194 sententiae
1527 1130 1768 1213 opponi
1792 1147 1979 1213 posse
2011 1130 2315 1207 rationeS,
2355 1147 2496 1213 quae
2539 1131 2863 1213 gravitate

630 1262 758 1307 non
790 1250 1034 1309 carent.
1062 1243 1485 1310 Probandum
1522 1264 1696 1310 nunc
1726 1252 2080 1330 utrumque
2116 1253 2459 1311 assertum.

721 1364 786 1425 1⁰
809 1362 1166 1428 Multorum
1198 1360 1543 1427 doctorum
1573 1363 1789 1445 opinio
1817 1370 1940 1440 est,
1979 1381 2110 1427 non
2144 1381 2335 1445 posse
2370 1362 2761 1446 Episcopum
2797 1363 2860 1426 in

624 1475 801 1540 dicto
835 1496 990 1542 casu
1014 1476 1099 1542 ad
1136 1474 1773 1542 dismembrationem
1807 1485 1874 1542 et
1905 1495 2088 1541 novae
2115 1477 2435 1561 parochiae
2465 1477 2859 1543 erectionem

621 1590 1005 1673 procedere.
1043 1593 1251 1656 «Dato
1280 1593 1473 1657 etiam
1502 1591 1613 1678 (ait
1637 1591 2059 1675 PiguatelluS,
2085 1599 2262 1658 tomo
2293 1595 2356 1671 4,
2389 1593 2665 1658 consult.
2699 1593 2853 1665 230,

625 1729 658 1767 a
700 1727 764 1770 n.
807 1704 914 1791 20)
964 1705 1141 1791 quod
1169 1705 1337 1772 bene
1380 1706 1775 1791 probaretur
1797 1707 1946 1772 talis
1983 1705 2285 1773 distantia
2314 1709 2438 1773 loci
2477 1727 2557 1773 ac
2586 1706 2861 1774 difficul-

624 1846 654 1883 «
690 1829 791 1885 tas
827 1840 1144 1899 accessuS,
1177 1823 1268 1885 ita
1300 1827 1373 1884 ut
1411 1840 1569 1886 vere
1597 1819 2001 1904 parochianis
2021 1820 2296 1887 inferret
2326 1842 2609 1904 maqnum
2638 1828 2859 1886 incom-

621 1961 654 1999 «
687 1941 927 2001 modum
977 1938 1387 2021 requisitum,
1445 1943 1580 2000 tam
1628 1956 1709 1999 ex
1756 1935 2173 2018 dispositione
2217 1937 2441 2021 capitis
2473 1941 2570 2002 Ad
2606 1941 2854 2002 audien-

619 2077 650 2111 «
687 2060 858 2130 tiam,
893 2071 1085 2137 quam
1106 2073 1187 2117 ex
1214 2071 1397 2117 sacro
1429 2051 1704 2115 concilio
1733 2050 2115 2116 Tridentino
2153 2052 2388 2138 (capite
2422 2054 2486 2131 4,
2524 2072 2681 2118 sess.
2710 2052 2845 2137 21),

620 2196 648 2227 α
689 2189 816 2235 non
867 2174 1086 2234 tamen
1121 2167 1357 2233 exinde
1406 2166 1676 2234 videtur
1713 2169 1929 2232 statim
1981 2166 2226 2234 deduci
2282 2167 2600 2235 sufficiens
2658 2188 2852 2235 causa

620 2310 650 2346 «
689 2284 1311 2368 dismembrationis3
1368 2304 1514 2350 cum
1569 2284 1655 2349 ad
1705 2284 1876 2350 hunc
1914 2284 2223 2349 effectum
2258 2293 2335 2350 ut
2382 2285 2637 2351 dicatur
2678 2284 2852 2351 suffi-

618 2426 649 2460 «
682 2402 877 2478 cienS,
934 2420 1197 2466 necesse
1256 2401 1336 2465 sit
1383 2401 1660 2465 ulterius
1710 2400 1887 2485 quod
1930 2400 2123 2465 aliter
2167 2400 2611 2467 commoditati
2658 2421 2849 2486 paro-

615 2547 643 2576 «
682 2519 1055 2583 chianorum
1111 2519 1357 2584 consuli
1404 2538 1532 2583 non
1569 2519 1770 2601 possit
1807 2518 2015 2603 (Rota,
2070 2519 2135 2582 in
2175 2518 2348 2585 dicta
2383 2521 2838 2600 Albinqanensi‚

612 2659 645 2694 α
680 2633 1004 2700 decisione
1038 2635 1191 2712 464,
1240 2653 1307 2698 n.
1351 2635 1415 2711 4,
1475 2641 1868 2698 recentiorum
1887 2660 1916 2715 ‚·
1969 2654 2043 2698 ac
2091 2635 2365 2700 resolvit
2401 2634 2710 2720 Riccius).
2767 2636 2846 2700 Et

613 2775 645 2810 «
681 2749 1041 2833 generatim
1082 2748 1565 2832 dispositionem
1612 2748 1769 2814 dicti
1804 2750 2034 2834 capitis
2059 2754 2156 2814 Ad
2201 2754 2576 2814 audientiam
2618 2757 2686 2814 et
2729 2749 2846 2815 de-

612 2889 643 2923 «
678 2871 932 2931 cretum
977 2864 1429 2931 Tridentinum
1478 2865 1879 2947 procedere,
1940 2865 2204 2951 quando
2258 2867 2451 2931 aliter
2505 2864 2842 2950 provideri

608 3007 638 3042 «
674 3003 802 3048 non
839 2989 1055 3067 potest
1108 2982 1475 3046 necessitati
1540 2982 1662 3045 nisi
1719 3001 1799 3046 ex
1846 2982 2415 3048 dismembratione
2438 3033 2458 3062 ,
2516 2981 2842 3066 judicavit

607 3124 639 3158 α
674 3099 836 3164 Rota
878 3100 965 3185 (in
1008 3117 1178 3183 saepe
1227 3098 1501 3180 allegata
1556 3102 1851 3176 Comensi,
1897 3101 1980 3162 22
2008 3097 2172 3182 junii
2208 3100 2402 3179 1648,
2440 3117 2655 3165 coram
2685 3097 2840 3163 Car·

609 3239 638 3277 a
676 3213 874 3280 dinali
897 3212 1235 3297 Corrado).
1285 3236 1316 3275 »

692 3332 1012 3400 Consonat
1045 3331 1405 3396 Leurenius
1440 3330 1680 3416 (Forum
1715 3331 2076 3409 beneficiale,
2106 3339 2293 3414 parte
2323 3335 2379 3408 l,
2415 3338 2639 3415 quaest.
2677 3333 2830 3406 154,

600 3473 665 3517 n.
699 3449 763 3534 4)
807 3472 880 3515 ια
918 3448 1127 3531 Caput
1164 3450 1259 3512 Ad
1287 3450 1686 3524 audientiam,
1712 3446 1917 3531 inquit
1941 3448 2320 3526 LeureniuS,
2355 3449 2452 3511 uti
2480 3452 2548 3511 et
2571 3454 2768 3530 caput
2799 3451 2819 3511 1

603 3590 636 3628 «
670 3570 745 3629 de
772 3568 962 3628 Rebus
986 3565 1261 3625 Ecclesia²
1289 3583 1407 3625 non
1441 3565 1807 3640 alienandis,
1861 3563 1927 3626 in
1955 3566 2018 3639 6,
2059 3582 2185 3628 non
2219 3579 2695 3647 quamcumque
2735 3559 2835 3626 di·

603 3703 635 3740 «
672 3680 996 3754 stantiam,
1044 3676 1162 3742 sed
1201 3677 1399 3741 talem
1433 3695 1575 3761 quae
1617 3686 1718 3743 est
1748 3698 1897 3744 cum
1937 3696 2170 3762 magno
2203 3676 2641 3761 incommodo;
2674 3679 2833 3743 item

603 3821 635 3855 «
670 3795 1120 3860 necessitatem
1158 3812 1287 3857 non
1324 3795 1705 3879 quamlibet,
1743 3794 1860 3859 sed
1891 3794 2284 3872 evidentem,
2330 3812 2472 3879 quae
2517 3799 2616 3859 est
2658 3793 2826 3872 talis,

604 3937 636 3972 «
672 3920 738 3974 ut
795 3917 851 3972 ei
904 3913 1077 3973 aliud
1127 3914 1453 3973 remedium
1500 3916 1709 3993 aptari
1752 3917 2024 3990 nequeat,
2070 3928 2192 3993 pro
2242 3928 2433 3974 causa
2471 3907 2833 3974 sufficiente

602 4056 630 4089 «
665 4027 815 4093 talis
838 4026 1426 4093 dismembrationis
1464 4035 1532 4092 et
1581 4045 1764 4092 nova}
1806 4025 2189 4110 parochialis
2240 4026 2697 4091 constitutione
2727 4044 2830 4090 re-

599 4170 629 4205 «
664 4144 946 4231 quisivit.
982 4164 1013 4203 »

677 4259 863 4327 Idem
894 4258 1157 4323 videtur
1182 4258 1452 4322 inuuere
1474 4255 1832 4322 Cardinalis
1853 4258 1935 4323 de
1961 4259 2153 4336 Luca,
2187 4254 2342 4322 dum
2370 4256 2687 4344 (discursu
2707 4258 2822 4333 42,

588 4398 651 4442 n.
694 4381 755 4452 5,
796 4377 870 4438 de
902 4369 1209 4454 parochis)
1237 4370 1320 4435 ad
1343 4370 1587 4454 justam
1612 4370 2202 4437 dismembrationis
2233 4390 2493 4438 causam
2515 4373 2820 4456 requirit,

588 4505 653 4559 ut
693 4499 773 4555 sit
804 4492 970 4564 talis,
1006 4491 1161 4568 quod
1192 4492 1351 4551 alias
1378 4491 1610 4551 consule·
1647 4509 1765 4553 non
1798 4492 1995 4552 valeat
2035 4509 2164 4552 cum
2193 4495 2537 4571 provisione
2564 4490 2828 4552 ecc-lesit?
