3146 4973
605 370 732 434 246
1277 354 1654 423 rnAc‘rATns
1699 374 1789 422 nn
1832 376 2161 424 mnocuo,

603 484 876 574 concilio
899 500 1025 570 fuit
1053 497 1451 578 confirmata,
1481 498 1557 564 nt
1580 500 1775 582 patet
1810 516 1891 565 ex
1917 500 2339 586 seqtien'tibus
2371 502 2567 572 distin¹
2598 504 2832 594 synodi

607 624 823 689 verbis
853 643 868 686 :

689 740 758 802 2⁰
793 735 977 802 Alter
1011 752 1243 817 nempe
1271 730 1435 818 juris
1462 737 1706 811 textuS,
1752 730 1818 795 in
1851 733 2157 814 praesenti
2202 738 2477 803 materia
2506 738 2698 808 valde
2735 747 2832 806 at-

602 849 998 925 tondendus,
1047 856 1146 913 est
1182 853 1379 930 caput
1421 847 1457 911 4
1509 845 1808 911 sessionis
1867 848 1942 912 21
2013 846 2405 914 Tridentinae
2460 853 2718 937 synodi,
2766 856 2833 921 in
2898 899 2910 907 -

601 987 730 1054 quo
777 967 869 1032 sic
918 964 1296 1031 decernitur
1332 984 1346 1027 :
1383 967 1686 1045 Episcopi,
1725 968 1910 1026 etiam
1951 970 2237 1046 tanquam
2265 969 2624 1049 Apostolicoe
2657 974 2833 1035 Sedis

599 1089 883 1167 deleqati,
933 1088 999 1145 in
1035 1082 1307 1143 omnibus
1346 1079 1605 1140 ecclesiis
1627 1079 2080 1160 parochialibus
2120 1082 2216 1142 vel
2245 1083 2726 1162 baptismalibus,
2766 1091 2832 1149 in

596 1222 711 1282 quo
743 1200 999 1282 populus
1037 1202 1128 1259 ita
1157 1214 1503 1259 numerosus
1534 1199 1640 1274 sit,
1677 1200 1749 1256 ut
1784 1214 1939 1257 unus
1973 1202 2166 1259 rector
2201 1215 2322 1259 non
2338 1203 2535 1279 possit
2564 1200 2833 1279 sufficere

596 1318 1010 1379 ecclesiasticis
1032 1316 1421 1374 sacramentis
1448 1313 1895 1389 ministrandis,
1930 1318 1989 1372 et
2011 1312 2204 1373 cultui
2232 1314 2440 1374 divino
2460 1319 2821 1396 peraqendo,

599 1438 815 1513 coqant
853 1437 1130 1507 rectores,
1179 1429 1274 1489 vel
1304 1428 1457 1488 alios
1492 1424 1577 1489 ad
1618 1446 1761 1507 quos
1787 1430 2074 1508 pertinet,
2113 1420 2230 1490 sibi
2269 1434 2357 1491 tot
2386 1432 2716 1493 sacerdotes
2746 1434 2831 1495 ad

597 1550 703 1611 hoc
729 1566 943 1609 munus
979 1547 1329 1627 adjunqere‚
1375 1536 1516 1623 qao't
1560 1542 1864 1621 sufficiant
1893 1545 1977 1605 ad
2006 1540 2386 1606 sacramenta
2413 1528 2748 1609 exhibenda
2770 1550 2827 1612 et

597 1665 829 1726 cultum
869 1664 1144 1724 divinum
1184 1656 1622 1720 celebiandum.
1671 1650 1747 1720 In
1787 1662 1866 1720 iis
1909 1679 2046 1721 vero
2084 1664 2150 1721 in
2179 1656 2415 1741 quibus,
2456 1658 2527 1721 ob
2569 1663 2831 1725 locorum

597 1781 954 1842 distantiam
1000 1781 1126 1838 sive
1169 1772 1613 1853 difficultatem,
1654 1774 2010 1854 parochiani
2045 1780 2174 1838 sine
2209 1776 2425 1857 maqno
2464 1774 2829 1841 incommodo

596 1897 679 1957 ad
697 1892 1086 1976 percipienda
1108 1896 1481 1952 sacramenta
1511 1896 1570 1951 ct
1607 1891 1821 1952 divina
1849 1868 2046 1969 officia
2073 1893 2379 1954 audienda
2408 1894 2683 1955 accedere
2711 1888 2831 1956 non

483 2092 488 2097 .
523 2017 528 2021 ’
590 2017 868 2095 possunt,
910 2024 1096 2070 novas
1131 2004 1470 2087 parochias,
1514 2010 1701 2067 etiam
1733 2011 1947 2068 invitis
1974 2010 2320 2083 rectoribus,
2348 2006 2541 2089 jitoeta
2571 2012 2829 2087 formam

598 2128 1043 2189 constitutionis
1066 2123 1407 2186 Alexandri
1442 2118 1568 2200 III,
1608 2140 1738 2201 quoe
1773 2127 1987 2203 incipit
2015 2124 2102 2187 An
2131 2140 2567 2202 mmm-rum,
2607 2131 2830 2188 consti-

601 2250 764 2305 tuere
791 2245 1054 2323 possint.
1085 2240 1227 2302 Illis
1254 2245 1454 2301 autem
1487 2240 1911 2317 sacerdotibus,
1944 2244 2050 2319 qui
2078 2242 2153 2302 de
2182 2259 2334 2301 novo
2362 2240 2539 2302 erunt
2570 2236 2829 2303 ecclesiis

599 2362 832 2421 noviter
867 2360 1076 2418 erectis
1124 2353 1519 2435 praeficiendi,
1563 2361 1895 2436 competens
1944 2361 2285 2435 assiynetur
2322 2360 2526 2436 portio
2571 2352 2829 2420 arbitrio

599 2475 901 2554 Episcopi,
935 2491 1013 2532 ex·
1039 2471 1332 2551 fructibus
1366 2471 1448 2532 ad
1474 2472 1779 2532 ecclesiam
1802 2474 2112 2533 matricem
2146 2472 2673 2553 quomodocumque
2695 2493 2829 2555 per-

601 2587 926 2649 tinentibus
942 2609 972 2665 ,·
1005 2589 1063 2649 e't
1091 2590 1147 2646 si
1182 2605 1409 2648 necesse
1443 2588 1654 2664 suerit,
1691 2587 2037 2665 compellere
2055 2592 2250 2667 possit
2272 2589 2560 2668 populum
2588 2606 2657 2648 ea
2690 2590 2828 2649 sub-

600 2707 968 2779 ministrare,
1008 2720 1139 2782 quoe
1177 2699 1483 2778 sufficiant
1521 2702 1606 2762 ad
1642 2704 1832 2762 vitam
1865 2699 2161 2763 dictorum
2200 2683 2569 2764 sacerdotum
2606 2709 2833 2764 susten·

601 2818 869 2880 tundam.

1622 3015 1653 3085 S
1687 3009 1770 3073 ΙΙ.

598 3227 863 3290 Episcopis,
887 3235 986 3275 tum
1015 3233 1244 3288 quatenus
1261 3239 1291 3273 a
1314 3225 1433 3275 Sede
1452 3226 1719 3289 Apostolica
1737 3225 1984 3288 delegatis,
2011 3233 2107 3276 tum
2136 3227 2275 3276 etiam
2294 3235 2521 3289 quatenus
2543 3226 2830 3287 ordinariis,

664 3321 884 3381 competit
911 3328 1119 3383 potestas
1135 3333 1220 3382 per
1248 3320 1366 3367 viam
1397 3318 1826 3369 dismembrationis
1862 3333 2010 3368 novas
2032 3319 2243 3383 erigendi
2268 3321 2538 3383 parochiam
2573 3321 2831 3384 etquidem

665 3401 822 3464 invitis
847 3414 985 3463 etium
1011 3411 1501 3462 dismembr·1ndarum
1531 3411 1860 3473 parochiarum
1894 3412 2177 3461 rectoribus.

685 3625 736 3688 I.
783 3619 1040 3686 Dictum
1078 3626 1470 3704 potestatem
1498 3618 1744 3685 habent
1783 3621 2078 3706 Episcopi
2102 3629 2408 3706 tanquam
2438 3617 2622 3687 Sedis
2658 3611 2833 3706 Apo·

596 3735 818 3804 stolica
859 3737 1166 3822 delegati.
1212 3739 1371 3803 Nam
1424 3738 1492 3802 in
1541 3738 1742 3804 citato
1790 3735 2170 3803 Tridentino
2203 3736 2475 3803 decreto
2520 3739 2832 3821 expresse

598 3852 984 3936 disponitur,
1033 3856 1093 3917 1⁰
1140 3860 1213 3918 ut
1250 3861 1482 3935 possint
1521 3853 1826 3936 Episcopi
1864 3873 2050 3916 novas
2093 3831 2416 3935 parochias
2440 3853 2832 3934 consumere,-

595 3951 668 4034 ’20
698 3975 773 4033 ut
813 3966 883 4032 id
910 3970 1157 4052 possint
1175 3974 1370 4051 juxta
1400 3973 1662 4049 sormam
1703 3974 2151 4033 constitutionis
2191 3971 2543 4033 Alexandri*
2569 3972 2675 4034 III
2699 3989 2832 4051 quoe

602 4090 816 4167 incipit
849 4099 936 4151 An
968 4097 1413 4168 Aunmmum
1447 4079 1627 4170 quod
1663 4083 1838 4150 idem
1873 4092 1972 4151 est
2018 4104 2093 4149 ac
2132 4079 2355 4150 dicere
2376 4106 2491 4167 per
2523 4092 2684 4150 viam
2709 4089 2831 4149 dis-

595 4199 1044 4264 'memorationis
1081 4219 1265 4282 posse
1299 4199 1381 4264 ab
1413 4200 1740 4285 Episcopis
1772 4199 2106 4284 parochias
2143 4201 2327 4285 erigi,
2380 4195 2701 4284 siquidem
2762 4202 2829 4265 in

593 4305 706 4381 illa
743 4301 1061 4381 decretali
1089 4319 1186 4379 Ad
1230 4319 1605 4379 audientiam
1649 4315 1863 4398 agitur
1901 4313 1986 4381 de
2026 4309 2324 4399 parochia
2371 4335 2493 4398 per
2533 4313 2832 4382 dismem-

599 4431 960 4496 brationem
1007 4417 1494 4515 constituenda3
1539 4435 1609 4496 3⁰
1662 4429 1801 4496 vult
1857 4425 2235 4497 Tridentina
2294 4425 2582 4517 synodus
2634 4437 2708 4496 ut
2756 4431 2829 4497 id
