3146 4973
559 345 682 410 108
1113 352 1127 363 ¹
1230 356 1608 405 ruera-rus
1651 354 1742 405 DE
1785 353 2112 405 ranocno.

547 478 753 563 sicut,
777 502 861 551 ex
892 480 1088 549 modo
1115 480 1429 566 probatiS,
1489 486 1750 548 certum
1804 486 1931 559 est,
1977 496 2165 565 posse
2212 479 2494 546 existere
2548 499 2771 547 verum

550 598 1040 684 presbyterum,
1080 597 1196 683 qui
1230 596 1606 662 nullatenus
1649 594 1973 679 parochus
2014 595 2103 662 sit
2120 644 2142 675 ‚
2187 594 2279 661 ita
2325 602 2398 660 et
2437 614 2478 660 a
2524 595 2774 661 fortiori

546 710 1072 781 concludendum
1105 713 1306 791 venit,
1341 729 1532 795 posse
1561 711 1848 777 existere
1880 728 2113 777 verum
2147 709 2534 796 Episcopum
2568 717 2636 777 et
2663 730 2774 776 ve·

546 848 692 895 rum
739 828 1085 896 diaconum
1104 877 1121 906 ,
1180 827 1425 913 absque
1470 829 1593 912 ipsi
1645 827 1983 894 commisso
2038 826 2304 911 parochi
2346 824 2571 893 officio·
2609 826 2776 912 Ergo

545 942 822 1028 quilibet
849 942 1225 1009 hierarchiae
1251 940 1496 1009 ordinis
1520 942 1762 1027 gradus
1797 931 2081 1009 existere
2130 948 2350 1027 potest
2388 940 2634 1028 absque
2666 959 2778 1025 pa·

545 1057 729 1146 rochi
758 1059 1091 1145 qualitate,
1117 1058 1187 1126 id
1211 1067 1333 1138 est,
1371 1040 1618 1144 absque
1643 1077 1725 1155 eo
1754 1077 1886 1143 quo
1910 1059 2053 1143 quis
2087 1059 2505 1125 constituitur
2535 1065 2607 1123 et
2646 1055 2778 1122 effi·

545 1174 717 1239 citur
751 1173 1092 1258 parochus.
1130 1173 1300 1257 Ergo
1327 1172 1601 1257 parochi
1647 1171 1920 1258 qualitas
1956 1173 2077 1238 toti
2116 1170 2494 1238 hierarchiae
2534 1168 2779 1237 ordinis

542 1290 909 1354 extrinseca
952 1295 1075 1365 est,
1118 1296 1188 1354 et
1234 1288 1604 1354 nullatenus
1647 1286 1797 1370 ipsi*
1820 1287 2184 1353 essentialis
2229 1308 2244 1352 ε
2300 1304 2458 1370 ergo
2511 1284 2777 1370 parochi

543 1411 865 1489 quatenus
893 1402 1061 1468 tales
1085 1402 1332 1467 nullum
1361 1404 1765 1468 constituunt
1793 1401 2165 1468 hierarchiae
2197 1399 2442 1468 ordinis
2469 1397 2769 1485 gradum.

544 1517 731 1585 Unde
754 1520 810 1585 si
833 1516 1155 1601 parochus
1174 1518 1261 1583 sit
1285 1517 1659 1602 presbyter,
1692 1518 1984 1601 pertinet
2004 1514 2269 1602 quidem
2294 1515 2381 1582 ad
2411 1513 2773 1583 secundum

540 1632 916 1701 hierarchias
960 1632 1206 1699 ordinis
1251 1630 1566 1716 gradum3
1620 1632 1743 1699 sed
1774 1639 2097 1719 quatenus
2132 1631 2507 1717 presbyter,
2546 1649 2780 1716 nequa-

540 1766 734 1833 quam
772 1765 930 1813 vero
966 1753 1289 1832 quatenus
1326 1746 1672 1831 parochus.

628 1862 1024 1929 Pnoposmo
1050 1862 1195 1927 111⁸.
1250 1898 1340 1909 —
1385 1867 1650 1926 Etiamsi
1675 1864 1929 1945 parochi
1980 1865 2139 1927 idem
2193 1867 2433 1927 omnino
2481 1869 2677 1926 essent
2706 1881 2775 1924 ac

532 1980 897 2060 presbyteri,
927 1979 1256 2041 absurdum
1278 1980 1437 2058 soret
1460 1998 1557 2040 eos
1603 1983 1672 2041 in
1702 1984 1880 2041 tertio
1921 1979 2277 2041 hierarchice
2305 1981 2544 2042 ordinis
2577 1977 2775 2060 qradu

538 2096 847 2157 collocare.
867 2126 958 2138 —-
981 2093 1143 2157 Nam
1199 2098 1379 2168 tunc,
1439 2111 1570 2157 non
1639 2094 1930 2171 tertium,
1985 2092 2105 2159 sed
2167 2092 2531 2177 secundum
2584 2089 2774 2177 hujus

538 2208 916 2275 hierarchiae
950 2207 1245 2273 ordinem
1287 2211 1785 2276 constituerent.
1823 2209 1985 2274 Cum
2029 2210 2224 2287 enim,
2263 2210 2330 2274 in
2372 2210 2484 2276 illa
2525 2209 2773 2275 hierar-

539 2324 702 2400 chia,
723 2324 1024 2408 Episcopi
1051 2324 1243 2406 Papae
1275 2323 1623 2390 inferiores
1650 2343 1783 2391 non
1812 2326 1962 2403 sint,
1996 2332 2263 2408 primum
2292 2325 2521 2410 utique
2552 2324 2770 2391 locum

539 2445 858 2522 occupant
883 2460 899 2522 ;
941 2437 1118 2504 unde
1155 2446 1453 2506 remanet
1480 2447 1557 2506 ut
1585 2439 2017 2526 preshyteris,
2041 2441 2154 2528 qui
2180 2440 2536 2525 Episcopos
2558 2439 2770 2526 proxi-

537 2572 641 2619 me
673 2559 1059 2637 sequuntur,
1103 2551 1431 2618 secundus
1458 2554 1812 2631 tribuatur,
1855 2574 1984 2621 non
2030 2561 2252 2621 autem
2284 2555 2522 2621 tertius
2558 2555 2761 2620 locus.

624 2669 720 2733 Ex
761 2666 952 2732 dictis
979 2675 1182 2753 patet,
1216 2668 1572 2736 absurdum
1606 2688 1874 2753 prorsus
1914 2670 2056 2736 fore
2102 2669 2616 2754 parochistarum
2662 2688 2770 2753 sy-

535 2787 762 2860 stema,
797 2780 882 2848 de
912 2782 1210 2866 parochis
1233 2786 1504 2850 tertium
1531 2785 1908 2852 hierarchioe
1940 2785 2253 2853 divinitus
2280 2786 2597 2852 institutae
2626 2802 2769 2870 gra-

534 2895 694 2962 dum
741 2896 1192 2974 conflantibus,
1237 2897 1291 2963 si
1334 2899 1457 2965 boc
1484 2898 1570 2966 de
1617 2900 1977 2968 hierarchia
2006 2902 2256 2970 ordinis
2289 2900 2758 2986 intelligerent.

533 3014 852 3080 Remanet
894 3020 971 3079 ut
1013 3014 1189 3080 idern
1231 3023 1540 3102 systema,
1575 3018 1772 3082 etiam
1814 3016 1900 3083 de
1937 3019 2278 3082 hierarchia
2305 3021 2764 3100 jurisdictionis

531 3129 963 3209 intellectum,
995 3130 1232 3197 falsum
1265 3129 1811 3198 demonstremus.

1598 3346 1681 3407 ΙΙ.

533 3534 590 3588 Si
613 3542 807 3601 anatur
829 3539 893 3589 da
909 3539 994 3589 hie
1002 3539 1219 3589 rav-chia
1231 3540 1623 3604 jurisdictionis
1637 3539 1893 3592 divinitus
1906 3543 2169 3604 instituta,
2183 3543 2383 3608 falsum
2403 3547 2475 3594 cst
2496 3540 2757 3608 parochos

1053 3632 1266 3682 tortium
1285 3632 1526 3697 conflare
1553 3634 1939 3686 hierarchicum
1960 3636 2219 3687 ordinem.

616 3817 1228 3892 Pnopos1r10'12.-
1255 3830 1500 3892 Nullius
1539 3835 1778 3894 omnino
1826 3832 2054 3894 valoris
2110 3839 2250 3895 sunt
2294 3833 2674 3913 probationes
2718 3851 2759 3895 a

519 3939 881 4021 parochistis
914 3942 1217 4020 adductae,
1252 3951 1320 4004 ut
1357 3948 1605 4006 tertium
1634 3945 2071 4008 hierarchicum
2099 3946 2557 4028 jurisdictionis
2591 3948 2759 4009 ordi·

524 4071 656 4116 nem
687 4073 765 4116 ea:
799 4060 943 4136 jure
985 4058 1195 4121 divino
1220 4060 1506 4139 parochis
1536 4062 1868 4124 vindicent.
1906 4094 1994 4106 ——
2033 4062 2133 4125 De
2165 4060 2342 4126 facto
2374 4060 2754 4144 parochistoe

527 4168 943 4254 probationes
971 4189 1119 4238 suas
1146 4192 1184 4238 e
1212 4171 1458 4257 duplici
1482 4171 1822 4241 dumtaxat
1854 4174 2036 4240 fonte
2066 4175 2414 4242 hauriunt:
2453 4196 2537 4242 ex
2561 4195 2756 4241 evan-

521 4285 691 4368 gelio
719 4285 983 4364 scilicet,
1030 4294 1100 4353 et
1148 4306 1231 4353 ex
1248 4289 1649 4374 antiquitatis
1712 4308 1829 4357 seu
1873 4289 2240 4363 traditionis
2293 4292 2746 4358 monumentis.

523 4402 889 4485 Excogitari
926 4401 1189 4488 insuper
1239 4413 1502 4489 possent
1553 4413 1859 4491 tanquam
1895 4408 2298 4491 probationis
2339 4407 2554 4474 fontes
2615 4406 2749 4488 ipsa
