3146 4973
528 389 654 452 236
1198 401 1579 449 TRACTATUS
1625 402 1712 449 nn
1756 401 2085 450 PARocflo.

526 527 719 591 situm
775 525 878 601 sit,
927 530 1043 589 aut
1092 529 1320 607 postea
1367 521 1759 588 auctoritate
1813 522 2157 589 Pontificia
2212 530 2552 589 statutum.
2588 523 2757 607 Eigo

525 638 846 706 beneficia
900 644 1124 704 curata
1169 638 1601 722 parochorum
1640 636 1725 703 de
1777 638 2016 722 quibus
2059 641 2328 722 agimus,
2374 646 2559 704 certo
2602 647 2756 705 sunt

526 761 868 840 perpetua,
909 755 966 820 si
992 753 1058 819 in
1089 754 1299 839 prima
1338 773 1566 820 eorum
1612 760 1760 837 post
1791 754 2254 820 concordatum
2307 755 2641 820 erectione
2687 763 2759 820 et

524 869 867 935 collatione
899 869 1205 952 Episcopi
1232 868 1453 933 Galliae
1491 886 1625 932 non
1655 868 2100 951 expresserint
2126 888 2204 934 ea
2226 868 2371 934 fore
2401 867 2486 934 ad
2523 875 2754 933 nutum

528 983 918 1051 revocabilia
955 1006 969 1050 :
1004 984 1184 1068 atqui
1218 981 1291 1048 id
1318 1002 1446 1048 non
1493 988 1988 1067 expresserunt3
2024 1001 2238 1068 neque
2286 990 2515 1066 postea
2556 982 2760 1048 Sedes

523 1101 886 1185 Apostolica
928 1098 1162 1165 eadem
1201 1098 1525 1165 beneficia
1560 1105 1788 1165 curata
1817 1118 1903 1164 ex
1928 1099 2267 1182 perpetuis
2301 1098 2459 1164 fecit
2490 1117 2761 1164 revoca-

523 1214 678 1279 bilia
710 1236 725 1278 2
764 1233 920 1297 ergo
949 1232 1186 1279 revera
1217 1220 1541 1298 perpetua
1589 1214 1672 1279 ab
1708 1214 1918 1278 initio'
1941 1213 2247 1290 fuerunt,
2290 1221 2367 1279 et'
2401 1211 2756 1280 hodiedum

522 1336 937 1414 permanent.
976 1329 1417 1395 confirmatur
1456 1349 1541 1394 ex
1573 1331 2005 1415 ipsorummet
2036 1330 2504 1413 Episcoporum
2538 1329 2756 1395 Galliae

526 1445 942 1527 persuasione
965 1491 980 1522 ,
1032 1445 1145 1530 qui
1187 1443 1508 1529 ejusmodi
1566 1442 1883 1528 parochos
1927 1444 2215 1508 unanimi
2264 1462 2580 1509 consensu
2634 1463 2756 1526 pro

523 1560 861 1643 perpetuis
900 1557 1168 1624 habent.
1198 1560 1367 1625 Item
1405 1579 1489 1625 ex
1516 1560 1706 1643 praxi
1726 1560 2028 1626 Romanae
2054 1560 2281 1643 curioe3
2317 1558 2640 1643 siquidem
2672 1579 2757 1624 ex

526 1674 745 1738 multis
766 1673 973 1738 causis
1004 1672 1088 1739 ad
1115 1674 1318 1757 ipsam
1349 1673 1587 1739 delatis
1619 1682 1826 1758 patet,
1865 1672 2078 1739 dictos
2119 1674 2436 1757 parochos
2466 1692 2504 1737 a
2533 1673 2759 1738 Roma-

526 1790 621 1853 nis
672 1789 1294 1874 congregationibus
1334 1790 1611 1874 supponi
1644 1790 1712 1855 in
1742 1788 1946 1855 officio
1983 1808 2100 1855 suo
2140 1796 2515 1873 perpetuos,
2549 1787 2599 1853 Α
2630 1807 2759 1873 qua

526 1906 935 1972 conclusione
989 1905 1266 1971 ulterius
1311 1904 1631 1971 firmanda
1673 1906 1845 1992 (cum
1881 1924 2073 1971 nemo
2115 1905 2198 1970 sit
2220 1904 2334 1990 qui
2365 1923 2508 1970 eam
2536 1902 2755 1987 neget)

523 2019 1009 2096 abstinebimus,
1074 2027 1149 2084 ut
1204 2020 1424 2086 statim
1471 2040 1765 2105 gressum
1822 2020 2133 2084 faciamus
2191 2018 2275 2085 ad
2328 2021 2761 2082 suco-ursatium

526 2141 839 2213 rectores,
873 2134 958 2201 de
998 2135 1240 2220 quibus
1275 2136 1518 2203 acriter
1552 2136 1823 2219 nuperis
1850 2135 2254 2219 temporibus
2283 2141 2460 2201 mota
2488 2130 2762 2199 difficul-

521 2256 619 2315 tas
645 2257 773 2316 est.

1534 2451 1565 2522 5
1615 2445 1732 2509 ΙΙΙ.

520 2667 681 2718 Cui-ati
710 2667 1079 2728 succursalistae‚
1111 2681 1215 2729 seu,
1247 2674 1299 2717 ut
1326 2680 1407 2717 eos
1437 2674 1623 2729 vocant,
1673 2666 2002 2726 deservitores,
2031 2666 2131 2715 veri
2167 2664 2354 2727 quidam
2392 2671 2503 2714 sunt
2532 2664 2751 2727 parochi;

1179 2769 1255 2810 ast
1280 2762 1340 2810 ad
1357 2769 1524 2811 nutum
1550 2762 1772 2825 Episcopi
1791 2759 2093 2810 revocabiles.

607 3009 660 3072 Ι.
697 3011 837 3070 Veri
871 3014 1014 3070 sunt
1040 3005 1320 3085 parochi.
1357 3043 1446 3054 —
1478 3005 1799 3090 Equidem
1848 3004 2071 3089 primis
2105 3011 2253 3088 post
2288 3003 2753 3071 concordatum

517 3123 667 3187 anni
697 3123 854 3189 1801
888 3119 1325 3204 temporibus,
1370 3122 1568 3185 resin
1601 3120 1875 3186 dubium
1905 3120 2128 3185 vocari
2160 3121 2394 3203 potuit,
2434 3117 2519 3185 ob
2555 3120 2753 3185 ambi·

514 3256 672 3322 guas
708 3254 902 3303 voces
932 3235 1168 3321 quibus
1200 3235 1595 3320 guber-nium
1630 3236 1958 3301 intentum
1988 3253 2175 3318 suum
2211 3235 2648 3300 manifestavit
2683 3237 2749 3299 in

514 3352 789 3418 articulo
828 3355 902 3418 31
957 3371 1039 3417 ex
1094 3351 1432 3435 organiciS‚
1476 3352 1723 3417 tenoris
1768 3349 2139 3435 hujusmodi
2174 3372 2188 3415 ε
2241 3355 2351 3415 Ces
2396 3357 2651 3413 vicaires
2691 3359 2748 3413 et

515 3470 894 3530 desservants
918 3474 1264 3529 exercerent
1294 3468 1423 3529 leur
1461 3470 1772 3529 ministere
1801 3486 1938 3529 sous
1961 3469 2023 3529 la
2057 3468 2453 3529 surveulance
2474 3472 2533 3527 et
2564 3467 2625 3527 la
2652 3467 2743 3528 di-

520 3590 748 3647 rection
773 3586 878 3645 des
912 3583 1132 3660 meres,-
1164 3583 1244 3642 ils
1279 3588 1480 3645 serent
1507 3583 1845 3663 approuve's
1866 3601 1985 3662 par
2016 3568 2297 3662 l’E'veque
2332 3589 2390 3644 et
2416 3583 2750 3644 revocables

512 3717 630 3780 par
674 3701 786 3760 lui.
842 3697 947 3760 Eae
986 3716 1181 3762 voces
1222 3717 1358 3760 sous
1419 3699 1481 3759 la
1531 3700 1831 3760 directione
1876 3700 1981 3761 des
2012 3699 2185 3760 cures
2219 3696 2628 3780 aliquatenus
2653 3696 2750 3759 in-

515 3811 826 3892 nuebant,
882 3831 1104 3878 curam
1145 3813 1470 3879 actualem
1509 3813 1897 3880 succursalis
1929 3831 2271 3877 remanere
2304 3829 2507 3895 penes
2531 3817 2752 3877 recto·

515 3947 658 3995 rem
685 3929 1000 4013 parochiae
1028 3931 1373 4013 praecipuae
1398 3951 1413 4014 3
1444 3951 1526 3996 ex
1567 3949 1696 4015 quo
1736 3930 2028 4012 rigorose
2057 3927 2460 4012 sequebatur
2487 3930 2751 3991 deservi-

518 4055 703 4110 torem
731 4065 863 4111 non
892 4066 1033 4111 esse
1063 4065 1294 4112 verum
1325 4046 1707 4130 parochum‚
1747 4041 1865 4110 sed
1909 4042 2251 4110 dumtaxat
2288 4042 2555 4108 alterius
2579 4043 2753 4106 vica-

517 4163 709 4228 rium.
762 4161 876 4227 Ast
927 4164 990 4224 1⁰
1044 4162 1344 4244 Episcopi
1401 4180 1533 4226 non
1584 4160 1983 4225 tenebantur
2021 4158 2321 4242 gubernii
2363 4175 2748 4224 consensum

519 4275 815 4343 obtinere
847 4277 912 4340 in
948 4275 1143 4341 modo
1162 4273 1681 4360 jurisdictionem
1723 4273 2109 4342 conferendi
2137 4271 2457 4358 ejusmodi
2483 4289 2750 4337 succur-

520 4394 744 4458 salium
784 4390 1187 4474 rectoribus3
1231 4389 1342 4455 sed
1379 4396 1635 4454 tantum
1667 4392 1731 4455 in
1772 4387 2269 4456 determinando
2295 4386 2746 4473 parochiarum
