3146 4973
1216 374 1542 422 Arpmnlx
1588 373 1634 420 1.
2395 357 2526 421 669

310 522 344 561 <t
378 499 472 565 vis
495 497 813 582 hospitale
848 496 962 584 (ait
1001 496 1358 564 cardinalis
1385 496 1470 563 de
1501 495 1696 582 Luca)
1731 515 1961 580 sapere
1995 495 2304 563 videatur
2333 515 2529 583 quan·

270 636 344 680 ·oe
380 616 528 683 dam
577 617 860 700 speciem
926 614 1245 700 parochiae
1304 615 1521 702 quoad
1585 614 1875 681 infirmos
1940 614 2030 680 ibi
2097 616 2396 680 viventes
2461 621 2532 680 et

305 755 340 794 α
378 733 750 811 morienteS,
783 751 1059 818 quorum
1101 732 1420 815 parochus
1457 730 1703 796 dicitur
1733 729 1843 795 ille
1878 728 2187 796 sacerdos
2229 730 2337 795 vel
2378 748 2529 814 cap-

305 873 339 913 «
374 850 691 933 pellanus,
738 852 850 935 qui
886 868 1008 933 pro
1045 849 1339 934 ejusdem
1361 849 1692 933 hospitalis
1722 849 1988 915 servitio
2018 856 2118 914 est
2142 848 2522 932 deputatum,

306 988 340 1027 α
380 972 667 1030 attamen
709 962 955 1030 dicitur
996 964 1328 1049 quoddam
1380 963 1487 1050 jus
1545 963 1914 1048 parochiale
1968 963 2424 1048 improprium,
2459 970 2531 1029 et

301 1104 333 1141 α
375 1099 527 1145 cum
555 1078 831 1166 quadam
887 1078 1337 1164 jurisdictione
1386 1081 1453 1144 in
1494 1098 1804 1163 personas
1852 1078 2098 1164 absque
2150 1079 2519 1163 territori03

298 1218 331 1256 a
367 1216 488 1261 seu
528 1197 747 1261 verius
778 1194 968 1280 juxta
1012 1195 1189 1261 illam
1226 1197 1647 1280 impropriam
1675 1196 1991 1260 territorii
2020 1196 2519 1287 separationem,

297 1334 329 1373 α
363 1330 509 1396 quae
548 1309 633 1377 ad
670 1310 842 1376 hunc
869 1311 1173 1377 effectum
1219 1311 1673 1377 consideratur
1712 1311 1780 1375 in
1828 1312 2232 1377 monasteriis
2272 1318 2342 1375 et
2382 1330 2531 1377 con·

295 1450 328 1489 «
362 1427 672 1494 ventibus
709 1428 1186 1511 regularium.»
1238 1427 1349 1514 (De
1390 1429 1703 1506 ParochiS,
1750 1425 2050 1493 discursu
2098 1430 2205 1505 23,
2261 1447 2326 1491 n.
2390 1424 2524 1510 15.)

384 1567 417 1604 t(
449 1541 834 1627 Hujnsmodi
860 1542 1199 1626 hospitalia
1229 1542 1532 1608 habentia
1564 1543 1866 1626 proprios
1883 1540 2261 1608 sacerdotes
2289 1549 2358 1607 et
2382 1562 2529 1628 cap·

292 1680 326 1719 α
367 1659 662 1741 pellanos
694 1657 981 1742 legitime
1009 1657 1403 1742 approbatos
1423 1678 1497 1724 ac
1520 1657 1872 1742 deputatos
1893 1657 1980 1723 ad
2023 1656 2526 1724 ministrandum

291 1796 325 1834 a
365 1781 775 1839 sacramenta
798 1772 1096 1853 infirmis,
1130 1793 1251 1858 pro
1293 1774 1435 1839 istis
1466 1780 1756 1850 tantum,
1786 1793 1861 1838 ac
1891 1792 2011 1856 pro
2043 1775 2138 1839 eis
2165 1775 2531 1840 ministran-

290 1912 324 1951 α
361 1889 547 1955 tibus
597 1890 710 1976 qui
742 1890 915 1954 intra
962 1907 1190 1956 eorum
1227 1898 1414 1974 septa
1459 1889 1710 1967 vivunt,
1763 1890 2165 1955 constituunt
2203 1887 2525 1974 quandam

291 2028 326 2068 «
357 2006 788 2090 impropriam
819 2005 1214 2089 parochiam,
1264 2011 1461 2091 atque
1514 2002 1845 2090 quoddam
1881 2006 2312 2090 improprium
2334 2005 2527 2072 terri-

292 2146 319 2182 «
356 2124 611 2189 torium
644 2128 1093 2206 separatum.»
1137 2121 1362 2208 (Ibid.,
1398 2142 1468 2186 n.
1514 2119 1646 2205 12.)

374 2241 447 2302 2⁰
498 2238 838 2303 Parochus
888 2238 1103 2323 aliquo
1139 2257 1332 2305 sensu
1386 2238 1630 2304 retinet
1667 2237 2185 2324 Jurisdictionem
2236 2239 2304 2303 in
2355 2237 2532 2324 ejus·
2661 2256 2688 2267 ⁶

283 2353 470 2422 modi
512 2353 923 2438 hospitalium
973 2354 1294 2439 ecclesiis3
1346 2352 1526 2438 quod
1567 2354 1623 2418 si
1658 2355 1928 2439 exponit
1983 2354 2345 2420 Leurenius
2390 2355 2527 2441 (Fo-

279 2493 421 2538 rum
457 2472 829 2551 bemficiale,
854 2476 1041 2555 parte
1088 2475 1145 2550 1,
1180 2490 1244 2556 q.
1278 2469 1433 2550 447,
1471 2490 1536 2536 n.
1578 2469 1641 2555 2)
1683 2493 1697 2536 ε
1742 2493 1774 2532 «
1816 2470 1986 2552 Quin
2015 2471 2150 2538 imo
2187 2471 2251 2535 in
2294 2471 2518 2538 istis...

282 2612 315 2649 α
351 2589 783 2674 hospitalium
811 2588 1100 2654 ecclesiis
1126 2585 1214 2674 (1)
1256 2586 1485 2654 adesse
1514 2585 1756 2653 dicitur
1792 2586 2161 2673 jurisdictio
2194 2587 2527 2655 Ordinarii

283 2731 315 2769 α
354 2707 470 2773 vel
501 2704 796 2789 parochi,
833 2705 902 2769 in
941 2704 1487 2771 concernentibus
1531 2722 1755 2769 curam
1794 2706 2180 2783 animarum,
2221 2713 2291 2770 et
2317 2703 2525 2770 admi-

280 2846 314 2885 «
350 2820 813 2888 nistrationem
840 2827 1419 2899 sacramentorum,
1455 2839 1586 2886 non
1620 2821 1887 2907 quidem
1929 2821 1996 2886 in
2034 2822 2286 2886 ratione
2322 2822 2528 2905 ipsius

278 2961 315 3001 α
351 2938 488 3005 loci
528 2936 902 3014 materialiS,
942 2942 1055 3002 aut
1078 2954 1504 3020 personarum
1553 2935 1645 3002 ibi
1681 2938 2066 3014 viventium,
2111 2935 2231 3002 sed
2273 2938 2521 3005 ratione

280 3077 315 3117 «
353 3055 527 3121 cleri
548 3053 654 3118 vel
685 3053 909 3137 populi
947 3050 1194 3117 subditi
1241 3050 1608 3128 Ordinatio,
1641 3051 1750 3117 vel
1797 3053 2169 3137 respective
2211 3052 2520 3135 parocho,

280 3193 315 3232 «
356 3168 451 3235 ad
480 3168 684 3235 talem
707 3168 1047 3234 ecclesiam
1077 3165 1464 3233 confluentis
1494 3190 1507 3231 ε
1542 3168 1608 3232 in
1640 3171 1956 3252 quantum
1986 3168 2290 3233 nimirum
2323 3167 2390 3231 in
2419 3168 2519 3245 iia,

280 3308 315 3346 α
348 3285 566 3350 invito
597 3282 903 3366 parocho,
938 3282 1235 3349 exerceri
1269 3289 1604 3369 nequeunt
1626 3280 1775 3368 jura
1805 3283 2196 3367 parochialia
2235 3303 2385 3349 cum
2418 3301 2527 3368 pa-

278 3424 314 3463 «
351 3399 707 3468 rochianis.
740 3423 771 3460 »

368 3521 447 3584 3⁰
485 3515 591 3583 Ad
617 3535 910 3602 quaenam
944 3518 1212 3601 praecise
1255 3535 1325 3583 se
1374 3514 1694 3582 extendat
1742 3512 2068 3581 dictorum
2122 3516 2531 3600 cappellano-

268 3649 434 3697 rum
460 3630 1058 3715 quasi-parochialis
1080 3629 1469 3718 jurisdictio,
1515 3630 1608 3695 sic
1637 3627 2032 3695 determinat
2052 3629 2415 3696 Cardinalis
2441 3627 2527 3695 de

266 3748 461 3812 Luca
509 3766 525 3809 :
582 3769 613 3806 «
647 3745 914 3812 Dictum
945 3764 1107 3811 vero
1148 3744 1255 3830 jus
1303 3743 1674 3828 parochiale
1712 3744 1990 3809 rectoris
2023 3743 2382 3828 hospitam,
2421 3744 2530 3810 vel

270 3885 308 3924 c<
344 3858 727 3927 sacerdotis
754 3861 847 3927 ihi
892 3860 1209 3947 deputati,
1245 3858 1732 3925 admittendum
1770 3860 1950 3925 venit
1995 3859 2211 3945 quoad
2248 3879 2348 3939 ea,
2385 3878 2528 3944 quas

270 4001 309 4041 α
344 3976 640 4042 infirmis
659 3976 1026 4042 viventibus
1059 3977 1162 4041 vel
1187 3975 1615 4041 morientibus
1637 3976 1704 4040 in
1719 3974 2020 4056 hospitali
2040 3993 2329 4058 congrua
2346 3981 2520 4052 sunt,

267 4118 305 4156 α
348 4101 428 4161 et
458 4094 537 4157 iu
572 4091 809 4176 quibus
845 4093 1082 4158 militet
1111 4091 1286 4158 dicta
1325 4092 1493 4157 ratio
1520 4089 1914 4157 confusionis
1946 4095 2015 4155 et
2047 4089 2527 4174 impracticabi-

267 4233 305 4272 α
342 4209 607 4276 litatis:
643 4211 815 4275 circa
846 4208 1095 4275 scilicet
1124 4215 1529 4275 sacramenta
1552 4205 2403 4291 poenitentiae,Eucharistioe
2446 4224 2522 4271 ac

334 4464 415 4529 (Ι)
462 4461 700 4525 Loquitur
725 4460 784 4510 de
809 4462 1020 4512 ecclesiis
1042 4461 1296 4526 exemptis;
1326 4460 1406 4512 scd
1436 4475 1463 4510 a
1492 4459 1674 4511 fortiori
1705 4473 1865 4511 verum
1893 4467 1967 4510 est
1991 4457 2049 4509 dc
2078 4459 2277 4509 ceteris.
