3146 4973
1234 415 1390 462 mas
1433 412 1664 461 emm.
2410 400 2532 463 129

313 542 427 625 ipsi
461 542 797 625 acquisit0‚
825 548 1218 624 potestatem
1255 539 1420 605 hanc
1455 539 1745 622 legitime
1796 540 2189 603 exercuerit.
2226 540 2324 603 Ita
2362 539 2537 603 inter

314 658 488 733 alios,
516 656 862 733 Gronzalez,
892 658 1251 739 FagnanuS‚
1281 656 1523 720 Suarez
1547 655 1645 740 (de
1675 659 1978 731 censuris,
1995 653 2162 736 disp.
2183 656 2246 733 2,
2275 662 2435 718 sect.
2466 657 2530 732 2,

314 792 375 835 n.
405 769 839 855 10),Vasquez
872 770 1133 857 (Opusc.
1165 775 1238 834 cle
1279 775 1616 850 Eaecomm.‚
1645 769 1806 835 dub.
1841 774 1943 846 17,
1979 789 2046 833 n.
2084 768 2167 852 1),
2192 770 2417 834 Larius
2449 770 2537 855 (in

315 905 425 949 sua
461 889 901 949 Differ-tatione
932 883 1112 950 edita
1150 886 1312 951 Pisae
1352 905 1518 950 anno
1561 883 1782 968 1733),
1825 884 2219 950 Benedictus
2266 885 2416 949 xlv
2442 885 2541 970 (de

316 1003 551 1084 Synodo
595 1003 945 1078 dioecesana,
977 1002 1026 1065 l.
1069 1004 1132 1080 5,
1165 1020 1223 1065 c.
1258 1002 1322 1078 4,
1362 1020 1427 1065 n.
1463 990 1557 1084 2).
1608 1000 1691 1064 Et
1734 1001 1853 1064 hac
1896 1002 2315 1083 responsione
2373 1002 2539 1084 (quae

318 1117 509 1181 etiam
545 1116 856 1198 applicari
909 1122 1129 1199 potest
1179 1117 1372 1183 titulo
1425 1116 1699 1200 praelati,
1751 1134 1874 1199 per
1926 1116 2323 1181 decretalem
2366 1115 2543 1181 dicto

320 1231 598 1315 plebano
633 1231 945 1315 implicite
987 1229 1351 1314 attributo),
1394 1233 1459 1295 in
1503 1231 1774 1296 nihilum
1821 1230 1958 1296 abit
1994 1231 2336 1296 achilleum
2377 1229 2542 1295 illud

323 1348 834 1431 parochistarum
877 1355 1353 1429 argumentum.
1391 1350 1682 1425 Secundo,
1716 1347 1906 1413 aliam
1948 1348 2309 1429 reperimus
2349 1345 2549 1430 hypo—

326 1462 559 1528 thesim
593 1459 771 1545 apud
815 1461 1147 1527 eruditum
1194 1462 1394 1528 Nardi
1429 1462 1551 1549 (clei
1580 1465 1862 1541 Paroa-hi,
1900 1471 2057 1528 tom.
2085 1466 2143 1540 1,
2178 1481 2325 1546 pag.
2361 1461 2543 1546 410),

327 1596 361 1640 a
389 1575 772 1659 parochistis
831 1586 982 1643 ante
1042 1576 1493 1655 evertendam,
1543 1596 1735 1662 quam
1774 1578 2128 1663 quidquam
2175 1578 2425 1661 possint
2470 1597 2553 1643 ex

329 1692 596 1774 praelata
631 1692 949 1758 decretali
983 1692 1376 1760 concludere
1414 1715 1428 1758 ε
1472 1712 1624 1758 eum
1656 1713 1893 1778 nempe
1923 1694 2275 1777 plebanum
2301 1692 2386 1759 de
2422 1711 2554 1778 quo

324 1810 390 1872 in
422 1808 735 1874 decretali
765 1811 1000 1892 agitur,
1047 1809 1240 1876 fuisse
1284 1828 1514 1875 verum
1555 1811 1899 1893 proelatum
1945 1816 2015 1875 et
2061 1811 2327 1893 capituli
2366 1810 2556 1874 colle-

325 1924 510 2007 gialis
532 1933 762 2009 caput3
797 1924 1148 2007 plebanum
1179 1932 1398 1989 autem
1428 1925 1643 2003 simul,
1685 1944 1763 1991 eo
1787 1924 1966 2010 quod
1995 1924 2143 1989 huic
2176 1925 2551 2008 collegiatae‚

325 2047 401 2104 ut
433 2040 742 2124 frequens
764 2047 928 2118 erat,
971 2059 1226 2105 annexa
1256 2039 1430 2104 foret
1457 2040 1815 2104 animarum
1851 2046 2034 2106 curn.
2072 2024 2196 2104 Eos
2219 2056 2418 2121 porro
2443 2039 2555 2122 qui

324 2155 691 2240 hujusmodi
746 2157 1205 2221 canonicorum
1236 2156 1524 2239 collegiis
1553 2159 1902 2239 praeerant,
1958 2163 2026 2219 et
2062 2174 2285 2219 veram
2330 2154 2561 2237 praela-

325 2280 564 2348 turam,
627 2277 696 2336 et
743 2271 1262 2355 jurisdictionem
1318 2278 1797 2356 consequenter
1858 2270 1987 2334 fori
2040 2270 2292 2334 externi
2313 2318 2328 2347 ,
2386 2288 2557 2352 saepe

326 2387 558 2470 saepins
588 2385 940 2451 obtinuisse
972 2404 1114 2452 esse
1145 2389 1578 2453 notissimum.
1632 2390 1854 2463 Tertio,
1890 2385 2152 2451 solitum
2201 2385 2396 2449 etiam
2436 2384 2561 2449 fuit

325 2502 638 2587 quosdam
671 2503 983 2586 plebanos
1023 2522 1138 2568 seu
1169 2503 1485 2586 parochos
1515 2504 1597 2569 ab
1628 2503 1944 2587 Episcopo
1973 2502 2279 2568 constitui
2304 2509 2565 2564 vicarios

323 2623 602 2700 sor-aneos
631 2641 652 2682 .·
683 2620 906 2684 vicarii
936 2627 1155 2685 autem
1185 2619 1440 2686 foranei
1478 2618 1875 2685 ordinariam
1914 2618 2038 2684 fori
2079 2617 2335 2683 externi
2361 2616 2561 2701 juris-

326 2733 676 2800 dictionem
707 2733 973 2812 habent‚
1019 2742 1088 2800 et
1124 2744 1276 2801 sunt
1314 2737 1530 2821 aliquo
1561 2753 1755 2802 sensu
1786 2735 2064 2818 praelati.
2110 2734 2174 2798 Si
2227 2753 2383 2817 ergo
2422 2734 2564 2817 ple-

325 2849 537 2914 banus
560 2851 762 2914 sancti
788 2850 1111 2914 Pancratii
1147 2849 1232 2914 de
1256 2852 1467 2915 Lucar
1498 2852 1623 2915 fuit
1653 2828 1823 2915 unus
1852 2868 1933 2914 ex
1961 2849 2087 2913 illis
2115 2849 2371 2914 vicariis
2394 2849 2562 2913 fora-

325 2967 466 3031 neis
486 2966 576 3052 (et
598 2970 780 3029 certe
805 2965 1109 3047 possibile
1135 2966 1262 3030 fuit
1277 2984 1428 3030 eum
1447 2973 1523 3030 ut
1535 2966 1736 3030 talem
1759 2964 1843 3029 ab
1863 2964 2177 3047 Episcopo
2201 2963 2554 3048 constitui),

325 3081 545 3162 potuit
571 3080 1134 3146 excommunicare
1172 3088 1240 3146 et
1266 3100 1390 3164 pro
1420 3081 1691 3163 praelato
1719 3080 1967 3158 haberi,
2003 3081 2159 3163 quin
2193 3079 2562 3164 hujusmodi

323 3197 774 3279 praerogativae
802 3196 1126 3262 ullatenus
1156 3195 1242 3261 ad
1280 3195 1599 3280 parochos
1627 3203 1947 3280 quatenus
1972 3194 2136 3260 tales
2162 3199 2554 3277 pertineant.

327 3312 426 3375 En
453 3318 616 3394 quot
649 3309 863 3376 modis
899 3319 1050 3376 ruat
1076 3313 1478 3394 praecipuum
1517 3308 2029 3394 parochistarum
2075 3317 2551 3392 argumentum.

325 3427 420 3491 Ea
461 3434 681 3491 tamen
724 3426 1091 3504 decretaIiS,
1135 3446 1263 3491 non
1297 3430 1449 3492 satis
1498 3429 1597 3513 (ut
1632 3444 1753 3509 par
1781 3422 1946 3507 erat)
1984 3443 2301 3508 perpensa
2331 3433 2399 3490 et
2435 3424 2556 3491 dis·

326 3557 540 3616 cussa,
592 3545 858 3604 veteres
904 3538 1220 3623 quosdam
1275 3540 1636 3604 canonistas
1690 3538 1949 3604 induxit
1998 3538 2082 3603 ad
2141 3537 2555 3605 asserendam

327 3652 629 3737 parochis
665 3652 1269 3718 excommunicandi
1316 3659 1732 3737 potestatem,
1783 3672 1859 3716 ac
1917 3661 2395 3737 consequenter
2452 3656 2561 3720 ali-

326 3768 590 3852 qualem
627 3769 1045 3852 praelaturam
1063 3777 1133 3834 et
1156 3768 1285 3834 fori
1313 3771 1568 3833 externi
1596 3766 2133 3853 jurisdictionem.
2164 3767 2264 3834 Ad
2284 3770 2559 3851 primam

328 3883 839 3966 responsionem,
891 3902 1034 3968 quoe
1082 3891 1181 3949 est
1222 3883 1576 3949 multorum
1623 3884 2121 3967 canonistarum,
2173 3885 2265 3947 sic
2306 3886 2565 3967 reponit

328 3997 780 4064 'thomassinus
821 3997 1032 4083 (parte
1090 4001 1149 4076 1,
1192 3998 1311 4063 lib.
1348 4001 1412 4077 2,
1451 4015 1595 4080 cap.
1631 3999 1739 4076 26,
1776 4017 1844 4061 n.
1885 3996 1946 4080 7)
1998 4018 2013 4063 ε
2061 4020 2094 4058 «
2131 3997 2337 4078 Quam
2371 3997 2565 4065 facile

336 4136 373 4173 α
409 4120 514 4178 est
544 4111 862 4191 divinare,
910 4106 1044 4179 tam
1089 4132 1367 4197 pronum
1413 4119 1514 4178 est
1552 4100 1699 4197 qnae'
1744 4114 1885 4197 quis
1929 4110 2282 4179 divinando
2328 4112 2570 4181 dixerit

339 4251 378 4290 a
409 4229 759 4312 repellere.
797 4230 1005 4296 Multo
1042 4227 1409 4313 expeditius
1441 4236 1539 4294 est
1569 4229 2014 4313 sinceriusque
2062 4228 2257 4293 fateri
2282 4275 2299 4307 ,
2351 4237 2418 4294 et
2453 4231 2569 4295 ali-

336 4361 376 4400 a
411 4339 702 4425 quandiu
744 4357 857 4408 eos
903 4340 1159 4426 (nempe
1188 4338 1526 4424 parochos)
1556 4341 2025 4406 contentiosam
2050 4338 2568 4424 jurisdictionem

333 4473 376 4518 α
413 4455 793 4536 obtinuisse,
829 4465 901 4523 et
931 4457 1016 4523 ab
1045 4476 1125 4523 ea
1153 4456 1419 4524 demum
1461 4454 1813 4540 excidisse3
1863 4473 1993 4541 quo
2054 4463 2270 4520 tamen
2324 4453 2571 4521 factum

2319 4568 2356 4621 9
