3146 4973
638 337 769 403 608
1315 354 1693 404 ΤιιΑοΤΑτυε
1739 357 1827 404 nn
1873 354 2198 403 innocuo.

637 481 780 543 ³01oe
804 486 1049 557 matres,
1092 483 1271 560 avioe,
1305 487 1364 544 ei
1400 488 1762 561 materiem,
1803 487 2028 558 amitte,
2069 498 2298 544 sorores
2326 486 2386 542 et
2414 478 2567 557 filioe
2595 479 2865 557 fratrum

636 602 745 658 aut
771 614 1060 659 sororum.
1076 642 1120 659 ..
1152 594 1476 662 Caeterum
1503 597 1772 663 Nicoeno
1808 594 1986 664 baud
2012 593 2502 661 contradicebat
2525 591 2867 659 decretum

634 710 837 795 illud;
868 709 1188 796 siquidem
1230 711 1355 776 inae
1409 712 1547 777 nliae
1590 711 1953 798 conjunctae
1987 710 2118 796 jam
2160 709 2472 793 implicite
2514 730 2551 774 a
2590 707 2867 773 Nicoenis

635 825 930 910 patribus
958 825 1467 910 designabantur
1501 827 1601 892 his
1631 827 1872 906 verbiS,
1899 829 1997 892 vel
2024 847 2125 891 eas
2155 835 2391 891 tautum
2418 845 2712 909 personas
2737 843 2867 905 quoe

637 948 1030 1026 suspicionem
1060 947 1382 1025 effuqiunt.

721 1057 837 1123 Ast
850 1058 1194 1124 concilium
1221 1056 1665 1144 Forojuliense
1693 1062 1845 1126 anni
1868 1063 2022 1139 791,
2053 1059 2512 1144 Moguntinnm
2529 1057 2679 1123 anni
2711 1059 2863 1130 888,

638 1179 709 1238 et
747 1173 1037 1241 Metense
1078 1173 1372 1259 ejusdem
1409 1176 1582 1255 anni,
1627 1176 2010 1242 clericorum
2066 1194 2216 1240 cum
2263 1173 2646 1240 mulieribus
2679 1172 2868 1237 coha-

636 1288 1018 1356 bitationem
1048 1292 1312 1357 omnino
1347 1298 1417 1356 et
1446 1290 1690 1376 absque
1720 1291 1854 1356 ulla
1902 1292 2289 1374 exceptione
2332 1288 2815 1374 prohibuerunt
2846 1309 2860 1350 ε

639 1404 729 1469 ita
769 1405 1020 1470 scilicet
1057 1413 1133 1471 ut
1174 1425 1257 1470 ne
1294 1406 1421 1471 illae
1463 1405 1730 1491 quidem
1767 1427 1806 1473 a
1846 1408 2128 1472 Nicoenis
2178 1405 2476 1490 patribus
2517 1419 2860 1487 expressae,

639 1528 871 1600 mater,
895 1538 1080 1586 soror
1108 1527 1177 1585 et
1198 1522 1415 1600 amita,
1437 1522 1506 1585 in
1531 1520 1766 1587 eadem
1795 1521 1992 1587 domo
2017 1522 2267 1586 versari
2293 1520 2855 1604 permitterentur.

644 1636 903 1721 (Textus
931 1635 1131 1701 habes
1157 1634 1333 1721 apud
1360 1635 1791 1702 Benedictum
1816 1638 1985 1716 xlv,
2022 1637 2224 1702 citato
2260 1634 2455 1719 loco.)

724 1754 931 1835 Quam
960 1760 1180 1819 tamen
1202 1751 1604 1838 disciplinam
1636 1753 1782 1837 plus
1807 1771 1992 1838 aequo
2017 1751 2292 1837 rigidam
2326 1749 2742 1836 perpendens
2764 1751 2862 1815 ln·

638 1871 975 1937 nocentius
990 1870 1107 1950 m,
1135 1871 1464 1938 Nicoenam
1479 1870 1903 1952 restituit,his
1931 1869 2151 1936 verbis
2174 1892 2189 1935 ε
2211 1875 2362 1935 Cum
2386 1872 2619 1933 clericis
2642 1887 2862 1950 quoque

638 2008 759 2052 non
785 1993 1112 2070 permittas
1153 1989 1537 2052 mulierculas
1579 1990 1875 2069 habitare,
1912 1995 2036 2052 nisi
2078 1991 2236 2069 forte
2290 1990 2366 2051 de
2417 1988 2546 2049 illis
2591 1989 2862 2068 personis

639 2112 925 2184 existant,
969 2112 1037 2169 in
1071 2109 1281 2186 quibus
1321 2109 1606 2170 naturale
1626 2109 1823 2187 foedus
1852 2106 2013 2170 nihil
2052 2111 2364 2187 permittit
2403 2109 2548 2166 soevi
2582 2107 2863 2165 criminis·

641 2227 939 2304 suspicari
978 2221 1212 2307 (capite
1237 2226 1291 2286 Α
1325 2224 1495 2286 nobis
1519 2226 1585 2302 9,
1623 2224 1699 2285 de
1725 2223 2001 2286 Coliabit.
2032 2223 2179 2285 cler.
2221 2229 2279 2283 et
2307 2218 2513 2304 mich).
2554 2219 2732 2283 Hanc
2760 2219 2864 2282 In-

639 2339 923 2404 nocentii
969 2339 1066 2403 111
1106 2335 1509 2405 decretalem
1537 2357 1659 2423 pro
1682 2338 1829 2421 lege
1858 2337 2208 2404 universali
2236 2333 2601 2402 habendam
2636 2339 2865 2400 tenent

641 2448 947 2519 doctores
981 2454 1455 2538 communiter;
1497 2451 1870 2539 docentque
1904 2471 2025 2537 per
2068 2471 2215 2520 eam
2250 2451 2635 2536 derogatum
2666 2449 2868 2516 fnisse

640 2567 1055 2652 rigidioribus
1093 2570 1516 2653 praefatorum
1547 2570 1946 2655 synodorum
1992 2569 2541 2654 dispositionibus.
2575 2568 2865 2654 Cumque

641 2691 790 2770 post
851 2693 1280 2752 memoratum
1347 2686 1732 2753 Pontificem
1796 2687 1976 2752 nulla
2045 2686 2473 2752 intervenerit
2541 2688 2863 2752 contraria

639 2800 941 2867 Ecclesiae
983 2802 1115 2880 lex,
1171 2800 1524 2868 hodiedum
1581 2802 1722 2887 ejus
1771 2802 2123 2869 decretalis
2178 2821 2300 2887 pro
2331 2802 2481 2888 jure
2540 2804 2863 2869 communi

639 2910 940 2979 habenda
975 2922 1101 2993 est,
1133 2921 1331 2998 prout
1357 2935 1438 2980 ex
1470 2916 1768 2999 sequenti
1798 2915 2206 2999 paragrapho
2258 2917 2459 2997 magis
2486 2914 2757 2999 patebit.

1677 3192 1708 3260 S
1756 3184 1833 3248 ll.

801 3403 1145 3453 Decet-iniuntur
1171 3403 1447 3454 hodiernum
1468 3404 1550 3465 jns
1576 3418 1823 3455 commune
1848 3406 1974 3455 circa
2004 3407 2401 3456 cohabitetionem
2429 3407 2706 3456 clericorum

1538 3512 1645 3547 cum
1666 3499 1968 3550 mulieribus,

729 3725 1124 3792 Pnorosl'no
1157 3728 1234 3791 1⁸.
1273 3763 1361 3774 —
1395 3730 1609 3808 Quoad
1658 3731 1962 3812 ejusmodi
2018 3731 2540 3808 cohabitationem,
2569 3732 2881 3793 desumen-

638 3842 782 3903 dum
830 3848 918 3904 est
962 3842 1315 3906 hodiernum
1335 3848 1446 3925 jus
1473 3862 1777 3909 commune
1808 3851 1935 3907 tum
1961 3865 2041 3907 ex
2075 3847 2362 3909 decretali
2393 3845 2445 3910 A
2472 3862 2659 3911 Nonis
2694 3848 2877 3908 Inno-

636 3963 820 4020 centii
841 3961 967 4037 111,
1000 3966 1127 4021 tum
1149 3979 1229 4021 ex
1267 3966 1563 4025 commum·
1590 3964 1898 4025 doctorum
1925 3968 2536 4044 interpretatione.-—
2564 3962 2879 4046 Sequitur

639 4090 722 4135 ex
749 4091 831 4139 eo
861 4072 1039 4159 quod
1090 4072 1342 4141 dictum
1396 4075 1738 4143 decretum
1804 4079 1935 4142 vim
1989 4078 2153 4162 legis
2208 4077 2591 4143 universalis
2625 4075 2875 4142 habere

637 4190 1039 4259 censendum
1074 4194 1179 4271 sit,
1210 4212 1334 4259 nec
1364 4195 1428 4259 ei
1461 4202 1688 4277 postea
1742 4214 1863 4279 per
1904 4196 2101 4265 uuam
2146 4196 2522 4281 generalem
2567 4195 2875 4261 Ecclesiae

639 4304 1124 4392 dispositionem
1161 4308 1364 4372 fuerit
1407 4306 1821 4393 derogatum.
1853 4309 2135 4379 Additur
2170 4319 2411 4391 autem,
2447 4318 2573 4375 tum
2608 4328 2688 4375 σω
2714 4329 2876 4373 σοα-

639 4428 810 4485 muni
833 4424 1135 4487 doctorem
1173 4426 1700 4504 interpretatione,·
1738 4426 1887 4510 quia
1918 4426 2075 4493 dum
2110 4446 2229 4492 nec
2266 4423 2470 4492 Sedes
2507 4426 2648 4509 ipsa
2699 4425 2875 4508 Apo-
