<?xml version="1.0" encoding="UTF-8"?>
<!DOCTYPE html PUBLIC "-//W3C//DTD XHTML 1.0 Transitional//EN"
    "http://www.w3.org/TR/xhtml1/DTD/xhtml1-transitional.dtd">
<html xmlns="http://www.w3.org/1999/xhtml" xml:lang="en" lang="en">
 <head>
  <title>
</title>
<meta http-equiv="Content-Type" content="text/html;charset=utf-8" />
  <meta name='ocr-system' content='tesseract 3.04.00' />
  <meta name='ocr-capabilities' content='ocr_page ocr_carea ocr_par ocr_line ocrx_word'/>
</head>
<body>
  <div class='ocr_page' id='page_1' title='image "./tractatusdeparo00bouigoog_0399.png"; bbox 0 0 3146 4973; ppageno 0'>
   <div class='ocr_carea' id='block_1_1' title="bbox 1201 407 2552 471">
    <p class='ocr_par' dir='ltr' id='par_1_1' title="bbox 1201 407 2552 471">
     <span class='ocr_line' id='line_1_1' title="bbox 1201 407 2552 471; baseline -0.001 -1"><span class='ocrx_word' id='word_1_1' title='bbox 1201 423 1359 471; x_wconf 64' lang='lat' dir='ltr'><strong>rans</strong></span> <span class='ocrx_word' id='word_1_2' title='bbox 1403 422 1665 471; x_wconf 73' lang='lat' dir='ltr'><strong>rsn&#39;ru.</strong></span> <span class='ocrx_word' id='word_1_3' title='bbox 2426 407 2552 470; x_wconf 83' lang='lat'><strong>387</strong></span> 
     </span>
    </p>
   </div>
   <div class='ocr_carea' id='block_1_2' title="bbox 314 543 2579 4545">
    <p class='ocr_par' dir='ltr' id='par_1_2' title="bbox 329 543 2557 862">
     <span class='ocr_line' id='line_1_2' title="bbox 332 543 2557 631; baseline 0 -21"><span class='ocrx_word' id='word_1_4' title='bbox 332 568 365 603; x_wconf 78' lang='grc' dir='ltr'><strong><em>α</em></strong></span> <span class='ocrx_word' id='word_1_5' title='bbox 404 555 743 628; x_wconf 72' lang='lat' dir='ltr'><strong>poenarum</strong></span> <span class='ocrx_word' id='word_1_6' title='bbox 790 565 827 610; x_wconf 89' lang='lat' dir='ltr'><strong>a</strong></span> <span class='ocrx_word' id='word_1_7' title='bbox 872 545 1020 631; x_wconf 86' lang='lat' dir='ltr'><strong>jure</strong></span> <span class='ocrx_word' id='word_1_8' title='bbox 1063 551 1454 612; x_wconf 73' lang='lat' dir='ltr'><strong>statutarum</strong></span> <span class='ocrx_word' id='word_1_9' title='bbox 1482 543 1609 614; x_wconf 52' lang='lat' dir='ltr'><strong>{dat</strong></span> <span class='ocrx_word' id='word_1_10' title='bbox 1653 547 1982 631; x_wconf 77' lang='lat' dir='ltr'>optionem</span> <span class='ocrx_word' id='word_1_11' title='bbox 2032 547 2433 629; x_wconf 78' lang='lat' dir='ltr'><strong>Episcopo...</strong></span> <span class='ocrx_word' id='word_1_12' title='bbox 2467 547 2557 611; x_wconf 83' lang='lat' dir='ltr'><strong>Ac</strong></span> 
     </span>
     <span class='ocr_line' id='line_1_3' title="bbox 331 660 2557 755; baseline 0.003 -32"><span class='ocrx_word' id='word_1_13' title='bbox 331 685 365 721; x_wconf 71' lang='grc' dir='ltr'><em>α</em></span> <span class='ocrx_word' id='word_1_14' title='bbox 398 660 677 744; x_wconf 80' lang='lat' dir='ltr'>proinde</span> <span class='ocrx_word' id='word_1_15' title='bbox 702 680 853 727; x_wconf 82' lang='lat' dir='ltr'><strong>cum</strong></span> <span class='ocrx_word' id='word_1_16' title='bbox 876 662 941 726; x_wconf 91' lang='lat' dir='ltr'><strong>in</strong></span> <span class='ocrx_word' id='word_1_17' title='bbox 962 663 1295 746; x_wconf 66' lang='lat' dir='ltr'><strong>proposito</strong></span> <span class='ocrx_word' id='word_1_18' title='bbox 1324 661 1600 755; x_wconf 64' lang='lat' dir='ltr'><strong>diyersae</strong></span> <span class='ocrx_word' id='word_1_19' title='bbox 1628 677 1835 747; x_wconf 78' lang='lat' dir='ltr'><strong>poenoe</strong></span> <span class='ocrx_word' id='word_1_20' title='bbox 1859 664 1987 728; x_wconf 87' lang='lat' dir='ltr'><strong>sint</strong></span> <span class='ocrx_word' id='word_1_21' title='bbox 2018 668 2301 741; x_wconf 68' lang='lat' dir='ltr'><strong>statutae,</strong></span> <span class='ocrx_word' id='word_1_22' title='bbox 2337 670 2557 747; x_wconf 88' lang='lat' dir='ltr'><strong>potest</strong></span> 
     </span>
     <span class='ocr_line' id='line_1_4' title="bbox 329 776 2090 862; baseline 0.003 -24"><span class='ocrx_word' id='word_1_23' title='bbox 329 801 361 838; x_wconf 72' lang='grc' dir='ltr'><strong>α</strong></span> <span class='ocrx_word' id='word_1_24' title='bbox 390 776 595 862; x_wconf 83' lang='lat' dir='ltr'><strong>judex</strong></span> <span class='ocrx_word' id='word_1_25' title='bbox 622 777 919 861; x_wconf 78' lang='lat' dir='ltr'><strong>infligere</strong></span> <span class='ocrx_word' id='word_1_26' title='bbox 951 795 1145 861; x_wconf 78' lang='lat' dir='ltr'><strong>quam</strong></span> <span class='ocrx_word' id='word_1_27' title='bbox 1182 777 1385 861; x_wconf 78' lang='lat' dir='ltr'><strong>magis</strong></span> <span class='ocrx_word' id='word_1_28' title='bbox 1413 777 1657 844; x_wconf 83' lang='lat' dir='ltr'><strong>viderit</strong></span> <span class='ocrx_word' id='word_1_29' title='bbox 1689 777 2090 862; x_wconf 84' lang='lat' dir='ltr'><strong>expedire...</strong></span> 
     </span>
    </p>

    <p class='ocr_par' dir='ltr' id='par_1_3' title="bbox 314 891 2568 2357">
     <span class='ocr_line' id='line_1_5' title="bbox 419 891 2561 976; baseline 0.001 -22"><span class='ocrx_word' id='word_1_30' title='bbox 419 915 452 954; x_wconf 69' lang='grc' dir='ltr'><em>α</em></span> <span class='ocrx_word' id='word_1_31' title='bbox 486 891 876 975; x_wconf 80' lang='lat' dir='ltr'><strong>Respondeo</strong></span> <span class='ocrx_word' id='word_1_32' title='bbox 906 895 976 958; x_wconf 84' lang='lat'><strong>3⁰</strong></span> <span class='ocrx_word' id='word_1_33' title='bbox 1013 914 1028 958; x_wconf 75' lang='lat' dir='ltr'><strong><em>z</em></strong></span> <span class='ocrx_word' id='word_1_34' title='bbox 1063 892 1200 957; x_wconf 84' lang='lat' dir='ltr'><strong>Etsi</strong></span> <span class='ocrx_word' id='word_1_35' title='bbox 1235 911 1355 975; x_wconf 91' lang='lat' dir='ltr'><strong>pro</strong></span> <span class='ocrx_word' id='word_1_36' title='bbox 1392 894 1664 976; x_wconf 84' lang='lat' dir='ltr'><strong>simplici</strong></span> <span class='ocrx_word' id='word_1_37' title='bbox 1697 893 2122 959; x_wconf 79' lang='lat' dir='ltr'><strong>fornicatione</strong></span> <span class='ocrx_word' id='word_1_38' title='bbox 2152 894 2429 959; x_wconf 84' lang='lat' dir='ltr'><strong>clericus</strong></span> <span class='ocrx_word' id='word_1_39' title='bbox 2457 909 2561 958; x_wconf 87' lang='lat' dir='ltr'><strong>rc-</strong></span> 
     </span>
     <span class='ocr_line' id='line_1_6' title="bbox 314 1005 2559 1092; baseline 0.002 -24"><span class='ocrx_word' id='word_1_40' title='bbox 314 1030 362 1068; x_wconf 69' lang='lat' dir='ltr'><strong>«a</strong></span> <span class='ocrx_word' id='word_1_41' title='bbox 396 1008 711 1090; x_wconf 80' lang='lat' dir='ltr'><strong>gulariter</strong></span> <span class='ocrx_word' id='word_1_42' title='bbox 744 1005 1176 1090; x_wconf 86' lang='lat' dir='ltr'><strong>deponendus</strong></span> <span class='ocrx_word' id='word_1_43' title='bbox 1188 1021 1316 1073; x_wconf 89' lang='lat' dir='ltr'><strong>non</strong></span> <span class='ocrx_word' id='word_1_44' title='bbox 1330 1008 1436 1085; x_wconf 86' lang='lat' dir='ltr'><strong>sit,</strong></span> <span class='ocrx_word' id='word_1_45' title='bbox 1462 1026 1585 1072; x_wconf 91' lang='lat' dir='ltr'><strong>nec</strong></span> <span class='ocrx_word' id='word_1_46' title='bbox 1605 1008 1924 1074; x_wconf 84' lang='lat' dir='ltr'><strong>beneficio</strong></span> <span class='ocrx_word' id='word_1_47' title='bbox 1954 1008 2393 1074; x_wconf 87' lang='lat' dir='ltr'><strong>ecclesiastico</strong></span> <span class='ocrx_word' id='word_1_48' title='bbox 2427 1010 2559 1092; x_wconf 88' lang='lat' dir='ltr'><strong>pri-</strong></span> 
     </span>
     <span class='ocr_line' id='line_1_7' title="bbox 332 1121 2565 1201; baseline 0.003 -18"><span class='ocrx_word' id='word_1_49' title='bbox 332 1146 364 1183; x_wconf 75' lang='lat' dir='ltr'><strong><em>a</em></strong></span> <span class='ocrx_word' id='word_1_50' title='bbox 402 1121 674 1199; x_wconf 70' lang='lat' dir='ltr'><strong>vanduS,</strong></span> <span class='ocrx_word' id='word_1_51' title='bbox 698 1121 1112 1189; x_wconf 82' lang='lat' dir='ltr'><strong>nihilominus</strong></span> <span class='ocrx_word' id='word_1_52' title='bbox 1144 1122 1688 1188; x_wconf 67' lang='lat' dir='ltr'><strong>concurrentibus</strong></span> <span class='ocrx_word' id='word_1_53' title='bbox 1716 1125 1914 1188; x_wconf 82' lang='lat' dir='ltr'><strong>certis</strong></span> <span class='ocrx_word' id='word_1_54' title='bbox 1943 1121 2464 1201; x_wconf 82' lang='lat' dir='ltr'><strong>circumstantiis,</strong></span> <span class='ocrx_word' id='word_1_55' title='bbox 2493 1131 2565 1189; x_wconf 90' lang='lat' dir='ltr'><strong>et</strong></span> 
     </span>
     <span class='ocr_line' id='line_1_8' title="bbox 331 1235 2566 1322; baseline 0.002 -24"><span class='ocrx_word' id='word_1_56' title='bbox 331 1261 363 1298; x_wconf 80' lang='grc' dir='ltr'><strong>α</strong></span> <span class='ocrx_word' id='word_1_57' title='bbox 398 1238 453 1303; x_wconf 90' lang='lat' dir='ltr'><strong>si</strong></span> <span class='ocrx_word' id='word_1_58' title='bbox 492 1239 587 1303; x_wconf 86' lang='lat' dir='ltr'><strong>ita·</strong></span> <span class='ocrx_word' id='word_1_59' title='bbox 611 1236 926 1321; x_wconf 84' lang='lat' dir='ltr'><strong>expedire</strong></span> <span class='ocrx_word' id='word_1_60' title='bbox 960 1235 1377 1321; x_wconf 81' lang='lat' dir='ltr'><strong>judicaverit,</strong></span> <span class='ocrx_word' id='word_1_61' title='bbox 1418 1239 1665 1321; x_wconf 88' lang='lat' dir='ltr'><strong>poterit</strong></span> <span class='ocrx_word' id='word_1_62' title='bbox 1692 1236 1896 1322; x_wconf 76' lang='lat' dir='ltr'><strong>judex</strong></span> <span class='ocrx_word' id='word_1_63' title='bbox 1933 1240 2126 1304; x_wconf 90' lang='lat' dir='ltr'><strong>etiam</strong></span> <span class='ocrx_word' id='word_1_64' title='bbox 2159 1255 2414 1322; x_wconf 86' lang='lat' dir='ltr'><strong>poenam</strong></span> <span class='ocrx_word' id='word_1_65' title='bbox 2447 1236 2566 1304; x_wconf 91' lang='lat' dir='ltr'><strong>de-</strong></span> 
     </span>
     <span class='ocr_line' id='line_1_9' title="bbox 333 1352 2567 1438; baseline 0.001 -22"><span class='ocrx_word' id='word_1_66' title='bbox 333 1378 367 1416; x_wconf 79' lang='lat'>«</span> <span class='ocrx_word' id='word_1_67' title='bbox 408 1354 737 1438; x_wconf 78' lang='lat' dir='ltr'><strong>positionis</strong></span> <span class='ocrx_word' id='word_1_68' title='bbox 762 1354 1187 1437; x_wconf 73' lang='lat' dir='ltr'><strong>imponere...</strong></span> <span class='ocrx_word' id='word_1_69' title='bbox 1243 1354 1435 1418; x_wconf 87' lang='lat' dir='ltr'><strong>Prior</strong></span> <span class='ocrx_word' id='word_1_70' title='bbox 1482 1372 1636 1436; x_wconf 90' lang='lat' dir='ltr'><strong>pars</strong></span> <span class='ocrx_word' id='word_1_71' title='bbox 1694 1362 1878 1438; x_wconf 88' lang='lat' dir='ltr'><strong>patet</strong></span> <span class='ocrx_word' id='word_1_72' title='bbox 1921 1374 2002 1420; x_wconf 83' lang='lat' dir='ltr'><strong>ex</strong></span> <span class='ocrx_word' id='word_1_73' title='bbox 2032 1357 2324 1438; x_wconf 84' lang='lat' dir='ltr'><strong>proxime</strong></span> <span class='ocrx_word' id='word_1_74' title='bbox 2371 1352 2567 1419; x_wconf 84' lang='lat' dir='ltr'><strong>dictis</strong></span> 
     </span>
     <span class='ocr_line' id='line_1_10' title="bbox 334 1465 2560 1578; baseline 0.001 -49"><span class='ocrx_word' id='word_1_75' title='bbox 334 1481 676 1536; x_wconf 62' lang='lat' dir='ltr'><strong>«maluero</strong></span> <span class='ocrx_word' id='word_1_76' title='bbox 707 1465 1131 1550; x_wconf 63' lang='lat' dir='ltr'><strong>praecedenti.</strong></span> <span class='ocrx_word' id='word_1_77' title='bbox 1158 1465 1379 1531; x_wconf 81' lang='lat' dir='ltr'><strong>Altera</strong></span> <span class='ocrx_word' id='word_1_78' title='bbox 1411 1486 1563 1550; x_wconf 89' lang='lat' dir='ltr'><strong>pars</strong></span> <span class='ocrx_word' id='word_1_79' title='bbox 1607 1465 1990 1578; x_wconf 50' lang='lat' dir='ltr'><strong>declaratur</strong></span> <span class='ocrx_word' id='word_1_80' title='bbox 2027 1467 2427 1535; x_wconf 83' lang='lat' dir='ltr'><strong>inductione.</strong></span> <span class='ocrx_word' id='word_1_81' title='bbox 2459 1469 2560 1532; x_wconf 90' lang='lat' dir='ltr'><strong>Sic</strong></span> 
     </span>
     <span class='ocr_line' id='line_1_11' title="bbox 333 1581 2564 1666; baseline 0 -20"><span class='ocrx_word' id='word_1_82' title='bbox 333 1607 366 1646; x_wconf 76' lang='lat' dir='ltr'><strong>a</strong></span> <span class='ocrx_word' id='word_1_83' title='bbox 400 1582 710 1666; x_wconf 82' lang='lat' dir='ltr'><strong>imprimis</strong></span> <span class='ocrx_word' id='word_1_84' title='bbox 736 1589 1009 1666; x_wconf 83' lang='lat' dir='ltr'><strong>propter</strong></span> <span class='ocrx_word' id='word_1_85' title='bbox 1036 1581 1527 1647; x_wconf 79' lang='lat' dir='ltr'><strong>fornicationem</strong></span> <span class='ocrx_word' id='word_1_86' title='bbox 1550 1582 1773 1648; x_wconf 88' lang='lat' dir='ltr'><strong>clerici</strong></span> <span class='ocrx_word' id='word_1_87' title='bbox 1801 1582 2116 1649; x_wconf 85' lang='lat' dir='ltr'><strong>notoriam</strong></span> <span class='ocrx_word' id='word_1_88' title='bbox 2139 1590 2207 1648; x_wconf 87' lang='lat' dir='ltr'><strong>et</strong></span> <span class='ocrx_word' id='word_1_89' title='bbox 2228 1582 2564 1648; x_wconf 84' lang='lat' dir='ltr'><strong>scandalo-</strong></span> 
     </span>
     <span class='ocr_line' id='line_1_12' title="bbox 333 1695 2562 1781; baseline 0.002 -22"><span class='ocrx_word' id='word_1_90' title='bbox 333 1722 365 1759; x_wconf 80' lang='lat'>«</span> <span class='ocrx_word' id='word_1_91' title='bbox 400 1715 539 1764; x_wconf 88' lang='lat' dir='ltr'><strong>sam</strong></span> <span class='ocrx_word' id='word_1_92' title='bbox 569 1716 755 1781; x_wconf 85' lang='lat' dir='ltr'><strong>posse</strong></span> <span class='ocrx_word' id='word_1_93' title='bbox 778 1698 1024 1780; x_wconf 84' lang='lat' dir='ltr'><strong>imponi</strong></span> <span class='ocrx_word' id='word_1_94' title='bbox 1048 1713 1306 1781; x_wconf 85' lang='lat' dir='ltr'><strong>poenam</strong></span> <span class='ocrx_word' id='word_1_95' title='bbox 1339 1695 1758 1780; x_wconf 78' lang='lat' dir='ltr'><strong>depositionis</strong></span> <span class='ocrx_word' id='word_1_96' title='bbox 1790 1697 2061 1763; x_wconf 87' lang='lat' dir='ltr'><strong>arbitrio</strong></span> <span class='ocrx_word' id='word_1_97' title='bbox 2090 1696 2328 1781; x_wconf 85' lang='lat' dir='ltr'><strong>judicis</strong></span> <span class='ocrx_word' id='word_1_98' title='bbox 2359 1697 2562 1764; x_wconf 75' lang='lat' dir='ltr'><strong>tradit</strong></span> 
     </span>
     <span class='ocr_line' id='line_1_13' title="bbox 332 1812 2568 1898; baseline 0.002 -24"><span class='ocrx_word' id='word_1_99' title='bbox 332 1836 364 1874; x_wconf 78' lang='grc' dir='ltr'>α</span> <span class='ocrx_word' id='word_1_100' title='bbox 396 1812 608 1880; x_wconf 76' lang='lat' dir='ltr'><strong>Abbas</strong></span> <span class='ocrx_word' id='word_1_101' title='bbox 636 1814 725 1898; x_wconf 82' lang='lat' dir='ltr'><strong>(in</strong></span> <span class='ocrx_word' id='word_1_102' title='bbox 755 1820 952 1896; x_wconf 83' lang='lat' dir='ltr'><strong>caput</strong></span> <span class='ocrx_word' id='word_1_103' title='bbox 981 1817 1133 1878; x_wconf 74' lang='lat' dir='ltr'><strong>Aesi</strong></span> <span class='ocrx_word' id='word_1_104' title='bbox 1159 1815 1384 1888; x_wconf 77' lang='lat' dir='ltr'><strong>cler-ici,</strong></span> <span class='ocrx_word' id='word_1_105' title='bbox 1421 1830 1488 1876; x_wconf 92' lang='lat' dir='ltr'><strong>n.</strong></span> <span class='ocrx_word' id='word_1_106' title='bbox 1522 1815 1608 1877; x_wconf 85' lang='lat'><strong>35</strong></span> <span class='ocrx_word' id='word_1_107' title='bbox 1631 1818 1701 1877; x_wconf 88' lang='lat' dir='ltr'><strong>et</strong></span> <span class='ocrx_word' id='word_1_108' title='bbox 1732 1814 1840 1888; x_wconf 85' lang='grc'><strong>36,</strong></span> <span class='ocrx_word' id='word_1_109' title='bbox 1875 1812 2273 1898; x_wconf 74' lang='lat' dir='ltr'><strong>deludiciis);</strong></span> <span class='ocrx_word' id='word_1_110' title='bbox 2307 1814 2568 1879; x_wconf 85' lang='lat' dir='ltr'><strong>Farina·</strong></span> 
     </span>
     <span class='ocr_line' id='line_1_14' title="bbox 332 1926 2565 2013; baseline 0.002 -25"><span class='ocrx_word' id='word_1_111' title='bbox 332 1951 367 1988; x_wconf 68' lang='lat' dir='ltr'><strong>a</strong></span> <span class='ocrx_word' id='word_1_112' title='bbox 399 1929 536 1992; x_wconf 87' lang='lat' dir='ltr'><strong>cius</strong></span> <span class='ocrx_word' id='word_1_113' title='bbox 562 1930 650 2013; x_wconf 89' lang='lat' dir='ltr'><strong>(q.</strong></span> <span class='ocrx_word' id='word_1_114' title='bbox 694 1931 841 2006; x_wconf 87' lang='lat'><strong>137,</strong></span> <span class='ocrx_word' id='word_1_115' title='bbox 875 1948 941 1992; x_wconf 89' lang='lat' dir='ltr'><strong>n.</strong></span> <span class='ocrx_word' id='word_1_116' title='bbox 966 1926 1104 2010; x_wconf 86' lang='grc'>21),</span> <span class='ocrx_word' id='word_1_117' title='bbox 1135 1926 1417 2010; x_wconf 83' lang='lat' dir='ltr'><strong>allegans</strong></span> <span class='ocrx_word' id='word_1_118' title='bbox 1446 1927 1814 2009; x_wconf 80' lang='lat' dir='ltr'><strong>complures</strong></span> <span class='ocrx_word' id='word_1_119' title='bbox 1843 1928 2034 2010; x_wconf 86' lang='lat' dir='ltr'><strong>alios;</strong></span> <span class='ocrx_word' id='word_1_120' title='bbox 2071 1927 2367 2010; x_wconf 81' lang='lat' dir='ltr'><strong>quamvis</strong></span> <span class='ocrx_word' id='word_1_121' title='bbox 2401 1946 2565 1993; x_wconf 87' lang='lat' dir='ltr'><strong>non-</strong></span> 
     </span>
     <span class='ocr_line' id='line_1_15' title="bbox 331 2041 2562 2126; baseline 0.002 -22"><span class='ocrx_word' id='word_1_122' title='bbox 331 2067 363 2104; x_wconf 79' lang='lat'>«</span> <span class='ocrx_word' id='word_1_123' title='bbox 403 2044 587 2121; x_wconf 85' lang='lat' dir='ltr'><strong>nulli,</strong></span> <span class='ocrx_word' id='word_1_124' title='bbox 622 2042 802 2126; x_wconf 74' lang='lat' dir='ltr'><strong>apud</strong></span> <span class='ocrx_word' id='word_1_125' title='bbox 838 2041 1140 2109; x_wconf 84' lang='lat' dir='ltr'><strong>eumdem</strong></span> <span class='ocrx_word' id='word_1_126' title='bbox 1176 2061 1454 2108; x_wconf 82' lang='lat' dir='ltr'><strong>numero</strong></span> <span class='ocrx_word' id='word_1_127' title='bbox 1483 2045 1566 2105; x_wconf 93' lang='grc'><strong>22</strong></span> <span class='ocrx_word' id='word_1_128' title='bbox 1603 2041 1903 2125; x_wconf 84' lang='lat' dir='ltr'><strong>allegati,</strong></span> <span class='ocrx_word' id='word_1_129' title='bbox 1943 2041 2411 2120; x_wconf 80' lang='lat' dir='ltr'><strong>contradicant,</strong></span> <span class='ocrx_word' id='word_1_130' title='bbox 2446 2063 2562 2108; x_wconf 79' lang='lat' dir='ltr'><strong>vo·</strong></span> 
     </span>
     <span class='ocr_line' id='line_1_16' title="bbox 334 2157 2566 2242; baseline 0 -19"><span class='ocrx_word' id='word_1_131' title='bbox 334 2187 360 2214; x_wconf 69' lang='lat' dir='ltr'>a</span> <span class='ocrx_word' id='word_1_132' title='bbox 403 2159 614 2224; x_wconf 89' lang='lat' dir='ltr'><strong>lentes</strong></span> <span class='ocrx_word' id='word_1_133' title='bbox 653 2177 772 2242; x_wconf 92' lang='lat' dir='ltr'><strong>pro</strong></span> <span class='ocrx_word' id='word_1_134' title='bbox 817 2158 1267 2235; x_wconf 80' lang='lat' dir='ltr'><strong>fornicatione,</strong></span> <span class='ocrx_word' id='word_1_135' title='bbox 1299 2159 1494 2222; x_wconf 87' lang='lat' dir='ltr'><strong>etiam</strong></span> <span class='ocrx_word' id='word_1_136' title='bbox 1534 2157 1814 2236; x_wconf 86' lang='lat' dir='ltr'><strong>notoria,</strong></span> <span class='ocrx_word' id='word_1_137' title='bbox 1861 2176 1989 2224; x_wconf 90' lang='lat' dir='ltr'><strong>non</strong></span> <span class='ocrx_word' id='word_1_138' title='bbox 2032 2157 2276 2241; x_wconf 84' lang='lat' dir='ltr'><strong>imponi</strong></span> <span class='ocrx_word' id='word_1_139' title='bbox 2307 2176 2566 2241; x_wconf 85' lang='lat' dir='ltr'><strong>poenam</strong></span> 
     </span>
     <span class='ocr_line' id='line_1_17' title="bbox 335 2271 1490 2357; baseline 0.001 -22"><span class='ocrx_word' id='word_1_140' title='bbox 335 2297 366 2335; x_wconf 82' lang='grc' dir='ltr'>α</span> <span class='ocrx_word' id='word_1_141' title='bbox 407 2272 849 2357; x_wconf 76' lang='lat' dir='ltr'><strong>depositioniS,</strong></span> <span class='ocrx_word' id='word_1_142' title='bbox 886 2271 1000 2339; x_wconf 87' lang='lat' dir='ltr'><strong>sed</strong></span> <span class='ocrx_word' id='word_1_143' title='bbox 1035 2273 1490 2356; x_wconf 79' lang='lat' dir='ltr'><strong>suspensionis,</strong></span> 
     </span>
    </p>

    <p class='ocr_par' dir='ltr' id='par_1_4' title="bbox 328 2388 2567 3031">
     <span class='ocr_line' id='line_1_18' title="bbox 424 2388 2550 2473; baseline -0 -18"><span class='ocrx_word' id='word_1_144' title='bbox 424 2416 450 2446; x_wconf 78' lang='grc' dir='ltr'><strong>α</strong></span> <span class='ocrx_word' id='word_1_145' title='bbox 487 2389 743 2456; x_wconf 89' lang='lat' dir='ltr'><strong>Deinde</strong></span> <span class='ocrx_word' id='word_1_146' title='bbox 781 2390 835 2454; x_wconf 87' lang='lat' dir='ltr'><strong>si</strong></span> <span class='ocrx_word' id='word_1_147' title='bbox 871 2389 1146 2456; x_wconf 84' lang='lat' dir='ltr'><strong>clericus</strong></span> <span class='ocrx_word' id='word_1_148' title='bbox 1178 2389 1540 2454; x_wconf 83' lang='lat' dir='ltr'><strong>committat</strong></span> <span class='ocrx_word' id='word_1_149' title='bbox 1567 2389 2062 2454; x_wconf 79' lang='lat' dir='ltr'><strong>fornicationem</strong></span> <span class='ocrx_word' id='word_1_150' title='bbox 2099 2388 2550 2473; x_wconf 84' lang='lat' dir='ltr'><strong>qualificatam,</strong></span> 
     </span>
     <span class='ocr_line' id='line_1_19' title="bbox 331 2503 2554 2589; baseline 0.002 -24"><span class='ocrx_word' id='word_1_151' title='bbox 331 2530 364 2565; x_wconf 74' lang='lat' dir='ltr'><strong>a</strong></span> <span class='ocrx_word' id='word_1_152' title='bbox 405 2504 589 2572; x_wconf 88' lang='lat' dir='ltr'><strong>verbi</strong></span> <span class='ocrx_word' id='word_1_153' title='bbox 616 2505 844 2589; x_wconf 85' lang='lat' dir='ltr'><strong>gratia,</strong></span> <span class='ocrx_word' id='word_1_154' title='bbox 876 2511 1214 2589; x_wconf 85' lang='lat' dir='ltr'><strong>peccatum</strong></span> <span class='ocrx_word' id='word_1_155' title='bbox 1236 2504 1467 2588; x_wconf 85' lang='lat' dir='ltr'><strong>stupri,</strong></span> <span class='ocrx_word' id='word_1_156' title='bbox 1502 2503 1830 2581; x_wconf 89' lang='lat' dir='ltr'><strong>adulterii,</strong></span> <span class='ocrx_word' id='word_1_157' title='bbox 1866 2504 2205 2588; x_wconf 80' lang='lat' dir='ltr'><strong>sacrilegii,</strong></span> <span class='ocrx_word' id='word_1_158' title='bbox 2250 2507 2554 2583; x_wconf 79' lang='lat' dir='ltr'><strong>incestuS,</strong></span> 
     </span>
     <span class='ocr_line' id='line_1_20' title="bbox 332 2618 2556 2703; baseline 0.002 -22"><span class='ocrx_word' id='word_1_159' title='bbox 332 2644 366 2681; x_wconf 72' lang='lat' dir='ltr'><strong>a</strong></span> <span class='ocrx_word' id='word_1_160' title='bbox 403 2620 731 2697; x_wconf 78' lang='lat' dir='ltr'><strong>sodomiae,</strong></span> <span class='ocrx_word' id='word_1_161' title='bbox 760 2627 918 2697; x_wconf 89' lang='lat' dir='ltr'><strong>etc.,</strong></span> <span class='ocrx_word' id='word_1_162' title='bbox 943 2628 1129 2686; x_wconf 80' lang='lat' dir='ltr'><strong>extra</strong></span> <span class='ocrx_word' id='word_1_163' title='bbox 1160 2621 1670 2686; x_wconf 80' lang='lat' dir='ltr'><strong>controversiam</strong></span> <span class='ocrx_word' id='word_1_164' title='bbox 1701 2626 1824 2697; x_wconf 85' lang='lat' dir='ltr'><strong>est,</strong></span> <span class='ocrx_word' id='word_1_165' title='bbox 1871 2618 1956 2684; x_wconf 91' lang='lat' dir='ltr'><strong>ob</strong></span> <span class='ocrx_word' id='word_1_166' title='bbox 1986 2619 2134 2703; x_wconf 85' lang='lat' dir='ltr'><strong>jura</strong></span> <span class='ocrx_word' id='word_1_167' title='bbox 2181 2620 2556 2697; x_wconf 88' lang='lat' dir='ltr'><strong>clarissima,</strong></span> 
     </span>
     <span class='ocr_line' id='line_1_21' title="bbox 329 2733 2567 2820; baseline 0.001 -24"><span class='ocrx_word' id='word_1_168' title='bbox 329 2759 365 2796; x_wconf 72' lang='lat' dir='ltr'><strong>a</strong></span> <span class='ocrx_word' id='word_1_169' title='bbox 405 2733 583 2820; x_wconf 86' lang='lat' dir='ltr'><strong>quod</strong></span> <span class='ocrx_word' id='word_1_170' title='bbox 630 2734 773 2802; x_wconf 81' lang='lat' dir='ltr'><strong>talis</strong></span> <span class='ocrx_word' id='word_1_171' title='bbox 817 2734 1178 2812; x_wconf 81' lang='lat' dir='ltr'><strong>fornicatio,</strong></span> <span class='ocrx_word' id='word_1_172' title='bbox 1229 2733 1314 2800; x_wconf 92' lang='lat' dir='ltr'><strong>ob</strong></span> <span class='ocrx_word' id='word_1_173' title='bbox 1357 2752 1672 2799; x_wconf 85' lang='lat' dir='ltr'><strong>annexam</strong></span> <span class='ocrx_word' id='word_1_174' title='bbox 1711 2733 1886 2799; x_wconf 84' lang='lat' dir='ltr'><strong>illam</strong></span> <span class='ocrx_word' id='word_1_175' title='bbox 1926 2735 2327 2818; x_wconf 80' lang='lat' dir='ltr'><strong>qualitatem,</strong></span> <span class='ocrx_word' id='word_1_176' title='bbox 2367 2735 2567 2818; x_wconf 88' lang='lat' dir='ltr'><strong>possit</strong></span> 
     </span>
     <span class='ocr_line' id='line_1_22' title="bbox 329 2847 2567 2935; baseline 0.001 -23"><span class='ocrx_word' id='word_1_177' title='bbox 329 2875 365 2912; x_wconf 71' lang='lat' dir='ltr'><strong>a</strong></span> <span class='ocrx_word' id='word_1_178' title='bbox 411 2852 623 2935; x_wconf 83' lang='lat' dir='ltr'><strong>puniri</strong></span> <span class='ocrx_word' id='word_1_179' title='bbox 665 2868 853 2934; x_wconf 84' lang='lat' dir='ltr'><strong>poena</strong></span> <span class='ocrx_word' id='word_1_180' title='bbox 886 2849 1327 2933; x_wconf 83' lang='lat' dir='ltr'><strong>depositionis,</strong></span> <span class='ocrx_word' id='word_1_181' title='bbox 1364 2867 1483 2915; x_wconf 90' lang='lat' dir='ltr'><strong>seu</strong></span> <span class='ocrx_word' id='word_1_182' title='bbox 1514 2856 1851 2932; x_wconf 86' lang='lat' dir='ltr'><strong>perpetuoe</strong></span> <span class='ocrx_word' id='word_1_183' title='bbox 1894 2849 2274 2932; x_wconf 79' lang='lat' dir='ltr'><strong>privationis</strong></span> <span class='ocrx_word' id='word_1_184' title='bbox 2315 2847 2567 2915; x_wconf 82' lang='lat' dir='ltr'><strong>benefi-</strong></span> 
     </span>
     <span class='ocr_line' id='line_1_23' title="bbox 328 2966 731 3031; baseline 0.01 -6"><span class='ocrx_word' id='word_1_185' title='bbox 328 2990 367 3025; x_wconf 77' lang='lat' dir='ltr'><strong>a</strong></span> <span class='ocrx_word' id='word_1_186' title='bbox 400 2966 701 3031; x_wconf 86' lang='lat' dir='ltr'><strong>ciorum..</strong></span> <span class='ocrx_word' id='word_1_187' title='bbox 717 3015 731 3029; x_wconf 97' lang='lat'><strong>.</strong></span> 
     </span>
    </p>

    <p class='ocr_par' dir='ltr' id='par_1_5' title="bbox 329 3076 2568 3964">
     <span class='ocr_line' id='line_1_24' title="bbox 424 3076 2561 3164; baseline 0 -23"><span class='ocrx_word' id='word_1_188' title='bbox 424 3104 457 3141; x_wconf 73' lang='grc' dir='ltr'><strong>α</strong></span> <span class='ocrx_word' id='word_1_189' title='bbox 489 3078 772 3164; x_wconf 76' lang='lat' dir='ltr'><strong>objicies</strong></span> <span class='ocrx_word' id='word_1_190' title='bbox 805 3084 1036 3145; x_wconf 81' lang='lat' dir='ltr'><strong>contra</strong></span> <span class='ocrx_word' id='word_1_191' title='bbox 1074 3079 1367 3161; x_wconf 82' lang='lat' dir='ltr'><strong>proxime</strong></span> <span class='ocrx_word' id='word_1_192' title='bbox 1398 3077 1578 3143; x_wconf 71' lang='lat' dir='ltr'><strong>dicta</strong></span> <span class='ocrx_word' id='word_1_193' title='bbox 1610 3099 1625 3142; x_wconf 74' lang='grc' dir='ltr'>ε</span> <span class='ocrx_word' id='word_1_194' title='bbox 1665 3076 2137 3143; x_wconf 88' lang='lat' dir='ltr'><strong>concubinatus</strong></span> <span class='ocrx_word' id='word_1_195' title='bbox 2174 3078 2561 3144; x_wconf 87' lang='lat' dir='ltr'><strong>clericorum</strong></span> 
     </span>
     <span class='ocr_line' id='line_1_25' title="bbox 329 3190 2568 3278; baseline 0 -25"><span class='ocrx_word' id='word_1_196' title='bbox 329 3218 365 3256; x_wconf 84' lang='lat'>«</span> <span class='ocrx_word' id='word_1_197' title='bbox 402 3202 506 3259; x_wconf 90' lang='lat' dir='ltr'><strong>est</strong></span> <span class='ocrx_word' id='word_1_198' title='bbox 542 3193 733 3278; x_wconf 83' lang='lat' dir='ltr'><strong>longe</strong></span> <span class='ocrx_word' id='word_1_199' title='bbox 783 3194 1045 3276; x_wconf 82' lang='lat' dir='ltr'><strong>gravius</strong></span> <span class='ocrx_word' id='word_1_200' title='bbox 1093 3194 1339 3257; x_wconf 82' lang='lat' dir='ltr'><strong>crimen</strong></span> <span class='ocrx_word' id='word_1_201' title='bbox 1391 3210 1583 3278; x_wconf 87' lang='lat' dir='ltr'><strong>quam</strong></span> <span class='ocrx_word' id='word_1_202' title='bbox 1640 3191 1915 3275; x_wconf 84' lang='lat' dir='ltr'><strong>simplex</strong></span> <span class='ocrx_word' id='word_1_203' title='bbox 1956 3190 2295 3256; x_wconf 82' lang='lat' dir='ltr'><strong>fornicatio</strong></span> <span class='ocrx_word' id='word_1_204' title='bbox 2333 3213 2348 3255; x_wconf 76' lang='grc' dir='ltr'>ε</span> <span class='ocrx_word' id='word_1_205' title='bbox 2385 3192 2568 3275; x_wconf 86' lang='lat' dir='ltr'><strong>atqui</strong></span> 
     </span>
     <span class='ocr_line' id='line_1_26' title="bbox 331 3305 2560 3394; baseline -0.001 -22"><span class='ocrx_word' id='word_1_206' title='bbox 331 3334 365 3372; x_wconf 75' lang='grc' dir='ltr'><em>α</em></span> <span class='ocrx_word' id='word_1_207' title='bbox 400 3317 672 3394; x_wconf 90' lang='lat' dir='ltr'><strong>propter</strong></span> <span class='ocrx_word' id='word_1_208' title='bbox 702 3309 1199 3376; x_wconf 88' lang='lat' dir='ltr'><strong>concubinatum</strong></span> <span class='ocrx_word' id='word_1_209' title='bbox 1230 3326 1361 3373; x_wconf 91' lang='lat' dir='ltr'><strong>non</strong></span> <span class='ocrx_word' id='word_1_210' title='bbox 1391 3313 1608 3389; x_wconf 89' lang='lat' dir='ltr'><strong>potest</strong></span> <span class='ocrx_word' id='word_1_211' title='bbox 1625 3305 1902 3371; x_wconf 90' lang='lat' dir='ltr'><strong>clericus</strong></span> <span class='ocrx_word' id='word_1_212' title='bbox 1926 3306 2102 3369; x_wconf 90' lang='lat' dir='ltr'><strong>illico</strong></span> <span class='ocrx_word' id='word_1_213' title='bbox 2123 3305 2336 3388; x_wconf 88' lang='lat' dir='ltr'><strong>puniri</strong></span> <span class='ocrx_word' id='word_1_214' title='bbox 2370 3323 2560 3389; x_wconf 86' lang='lat' dir='ltr'><strong>poena</strong></span> 
     </span>
     <span class='ocr_line' id='line_1_27' title="bbox 335 3416 2565 3507; baseline -0 -22"><span class='ocrx_word' id='word_1_215' title='bbox 335 3449 368 3485; x_wconf 79' lang='grc' dir='ltr'>α</span> <span class='ocrx_word' id='word_1_216' title='bbox 408 3424 788 3507; x_wconf 84' lang='lat' dir='ltr'><strong>privationis</strong></span> <span class='ocrx_word' id='word_1_217' title='bbox 821 3420 1123 3488; x_wconf 88' lang='lat' dir='ltr'><strong>beneficii</strong></span> <span class='ocrx_word' id='word_1_218' title='bbox 1161 3428 1273 3485; x_wconf 90' lang='lat' dir='ltr'><strong>aut</strong></span> <span class='ocrx_word' id='word_1_219' title='bbox 1317 3418 1771 3503; x_wconf 80' lang='lat' dir='ltr'><strong>depositionis3</strong></span> <span class='ocrx_word' id='word_1_220' title='bbox 1805 3416 1924 3485; x_wconf 90' lang='lat' dir='ltr'><strong>sed</strong></span> <span class='ocrx_word' id='word_1_221' title='bbox 1952 3417 2156 3484; x_wconf 89' lang='lat' dir='ltr'><strong>debet</strong></span> <span class='ocrx_word' id='word_1_222' title='bbox 2185 3418 2565 3500; x_wconf 78' lang='lat' dir='ltr'><strong>praecedere</strong></span> 
     </span>
     <span class='ocr_line' id='line_1_28' title="bbox 336 3533 2565 3621; baseline 0 -20"><span class='ocrx_word' id='word_1_223' title='bbox 336 3565 369 3601; x_wconf 86' lang='lat'>«</span> <span class='ocrx_word' id='word_1_224' title='bbox 407 3540 695 3615; x_wconf 88' lang='lat' dir='ltr'><strong>monitio,</strong></span> <span class='ocrx_word' id='word_1_225' title='bbox 732 3539 1085 3621; x_wconf 89' lang='lat' dir='ltr'><strong>suspensio,</strong></span> <span class='ocrx_word' id='word_1_226' title='bbox 1118 3555 1194 3601; x_wconf 92' lang='lat' dir='ltr'><strong>ac</strong></span> <span class='ocrx_word' id='word_1_227' title='bbox 1226 3533 1599 3619; x_wconf 84' lang='lat' dir='ltr'><strong>hujusmodi</strong></span> <span class='ocrx_word' id='word_1_228' title='bbox 1640 3534 1844 3621; x_wconf 81' lang='lat' dir='ltr'><strong>(juxta</strong></span> <span class='ocrx_word' id='word_1_229' title='bbox 1883 3543 2080 3620; x_wconf 91' lang='lat' dir='ltr'><strong>caput</strong></span> <span class='ocrx_word' id='word_1_230' title='bbox 2115 3539 2378 3600; x_wconf 75' lang='lat' dir='ltr'><strong>Clericus</strong></span> <span class='ocrx_word' id='word_1_231' title='bbox 2401 3538 2464 3613; x_wconf 85' lang='lat'><strong>3,</strong></span> <span class='ocrx_word' id='word_1_232' title='bbox 2496 3543 2565 3601; x_wconf 90' lang='lat' dir='ltr'><strong>et</strong></span> 
     </span>
     <span class='ocr_line' id='line_1_29' title="bbox 339 3652 2563 3736; baseline 0.003 -24"><span class='ocrx_word' id='word_1_233' title='bbox 339 3676 372 3712; x_wconf 72' lang='lat' dir='ltr'><em>a</em></span> <span class='ocrx_word' id='word_1_234' title='bbox 406 3660 605 3736; x_wconf 83' lang='lat' dir='ltr'><strong>caput</strong></span> <span class='ocrx_word' id='word_1_235' title='bbox 627 3658 799 3718; x_wconf 79' lang='lat' dir='ltr'><strong>Sicut</strong></span> <span class='ocrx_word' id='word_1_236' title='bbox 828 3654 891 3729; x_wconf 79' lang='lat'><strong>4,</strong></span> <span class='ocrx_word' id='word_1_237' title='bbox 921 3656 996 3717; x_wconf 85' lang='lat' dir='ltr'><strong>dc</strong></span> <span class='ocrx_word' id='word_1_238' title='bbox 1023 3652 1409 3715; x_wconf 73' lang='lat' dir='ltr'><strong>Cohabitione</strong></span> <span class='ocrx_word' id='word_1_239' title='bbox 1435 3654 1636 3713; x_wconf 80' lang='lat' dir='ltr'><strong>cleric.</strong></span> <span class='ocrx_word' id='word_1_240' title='bbox 1672 3658 1729 3714; x_wconf 81' lang='lat' dir='ltr'><strong>et</strong></span> <span class='ocrx_word' id='word_1_241' title='bbox 1747 3654 2098 3732; x_wconf 51' lang='lat' dir='ltr'><strong>mulierum,-</strong></span> <span class='ocrx_word' id='word_1_242' title='bbox 2124 3660 2193 3717; x_wconf 89' lang='lat' dir='ltr'><strong>et</strong></span> <span class='ocrx_word' id='word_1_243' title='bbox 2221 3652 2563 3719; x_wconf 84' lang='lat' dir='ltr'><strong>concilium</strong></span> 
     </span>
     <span class='ocr_line' id='line_1_30' title="bbox 341 3765 2566 3853; baseline 0.001 -21"><span class='ocrx_word' id='word_1_244' title='bbox 341 3793 373 3831; x_wconf 84' lang='lat'>«</span> <span class='ocrx_word' id='word_1_245' title='bbox 408 3767 858 3834; x_wconf 88' lang='lat' dir='ltr'><strong>Tridentinum</strong></span> <span class='ocrx_word' id='word_1_246' title='bbox 887 3786 1046 3833; x_wconf 74' lang='lat' dir='ltr'><strong>sess,</strong></span> <span class='ocrx_word' id='word_1_247' title='bbox 1091 3770 1199 3843; x_wconf 84' lang='grc'><strong>25,</strong></span> <span class='ocrx_word' id='word_1_248' title='bbox 1238 3786 1298 3831; x_wconf 93' lang='lat' dir='ltr'><strong>c.</strong></span> <span class='ocrx_word' id='word_1_249' title='bbox 1343 3765 1447 3849; x_wconf 81' lang='lat'><strong>14)</strong></span> <span class='ocrx_word' id='word_1_250' title='bbox 1490 3789 1504 3829; x_wconf 91' lang='lat'>:</span> <span class='ocrx_word' id='word_1_251' title='bbox 1543 3785 1702 3849; x_wconf 82' lang='lat' dir='ltr'><strong>ergo</strong></span> <span class='ocrx_word' id='word_1_252' title='bbox 1739 3765 1935 3844; x_wconf 90' lang='lat' dir='ltr'><strong>idem,</strong></span> <span class='ocrx_word' id='word_1_253' title='bbox 1978 3777 2046 3834; x_wconf 87' lang='lat' dir='ltr'><strong>et</strong></span> <span class='ocrx_word' id='word_1_254' title='bbox 2075 3766 2343 3853; x_wconf 88' lang='lat' dir='ltr'><strong>quidem</strong></span> <span class='ocrx_word' id='word_1_255' title='bbox 2369 3788 2406 3834; x_wconf 92' lang='lat' dir='ltr'><strong>a</strong></span> <span class='ocrx_word' id='word_1_256' title='bbox 2441 3769 2566 3835; x_wconf 85' lang='lat' dir='ltr'><strong>for-</strong></span> 
     </span>
     <span class='ocr_line' id='line_1_31' title="bbox 340 3880 2148 3964; baseline 0.003 -22"><span class='ocrx_word' id='word_1_257' title='bbox 340 3907 375 3945; x_wconf 85' lang='lat'>«</span> <span class='ocrx_word' id='word_1_258' title='bbox 413 3885 565 3949; x_wconf 89' lang='lat' dir='ltr'><strong>tiori</strong></span> <span class='ocrx_word' id='word_1_259' title='bbox 600 3882 865 3948; x_wconf 82' lang='lat' dir='ltr'><strong>videtur</strong></span> <span class='ocrx_word' id='word_1_260' title='bbox 886 3881 1240 3948; x_wconf 81' lang='lat' dir='ltr'><strong>dicendum</strong></span> <span class='ocrx_word' id='word_1_261' title='bbox 1278 3880 1365 3946; x_wconf 88' lang='lat' dir='ltr'><strong>de</strong></span> <span class='ocrx_word' id='word_1_262' title='bbox 1400 3880 1674 3964; x_wconf 86' lang='lat' dir='ltr'><strong>simplici</strong></span> <span class='ocrx_word' id='word_1_263' title='bbox 1701 3880 2148 3949; x_wconf 77' lang='lat' dir='ltr'><strong>fornicatione.</strong></span> 
     </span>
    </p>

    <p class='ocr_par' dir='ltr' id='par_1_6' title="bbox 343 3995 2579 4545">
     <span class='ocr_line' id='line_1_32' title="bbox 433 3995 2563 4083; baseline 0.003 -24"><span class='ocrx_word' id='word_1_264' title='bbox 433 4022 466 4059; x_wconf 73' lang='grc' dir='ltr'>α</span> <span class='ocrx_word' id='word_1_265' title='bbox 498 3997 999 4083; x_wconf 80' lang='lat' dir='ltr'><strong>RespondeO...:</strong></span> <span class='ocrx_word' id='word_1_266' title='bbox 1034 3999 1212 4082; x_wconf 87' lang='lat' dir='ltr'><strong>Nego</strong></span> <span class='ocrx_word' id='word_1_267' title='bbox 1243 3997 1583 4073; x_wconf 87' lang='lat' dir='ltr'><strong>minorem,</strong></span> <span class='ocrx_word' id='word_1_268' title='bbox 1627 3996 1679 4060; x_wconf 93' lang='lat' dir='ltr'><strong>si</strong></span> <span class='ocrx_word' id='word_1_269' title='bbox 1711 4002 1965 4061; x_wconf 86' lang='lat' dir='ltr'><strong>constet</strong></span> <span class='ocrx_word' id='word_1_270' title='bbox 1994 3995 2077 4064; x_wconf 91' lang='lat' dir='ltr'><strong>de</strong></span> <span class='ocrx_word' id='word_1_271' title='bbox 2103 3998 2563 4079; x_wconf 87' lang='lat' dir='ltr'><strong>concubinatu,</strong></span> 
     </span>
     <span class='ocr_line' id='line_1_33' title="bbox 343 4110 2565 4197; baseline 0.001 -17"><span class='ocrx_word' id='word_1_272' title='bbox 343 4138 377 4172; x_wconf 73' lang='lat' dir='ltr'><strong><em>a</em></strong></span> <span class='ocrx_word' id='word_1_273' title='bbox 411 4130 527 4180; x_wconf 81' lang='lat' dir='ltr'><strong>seu</strong></span> <span class='ocrx_word' id='word_1_274' title='bbox 555 4115 835 4197; x_wconf 77' lang='lat' dir='ltr'><strong>repetita</strong></span> <span class='ocrx_word' id='word_1_275' title='bbox 867 4112 1314 4179; x_wconf 81' lang='lat' dir='ltr'><strong>fornicatione.</strong></span> <span class='ocrx_word' id='word_1_276' title='bbox 1364 4113 1522 4177; x_wconf 88' lang='lat' dir='ltr'><strong>Nam</strong></span> <span class='ocrx_word' id='word_1_277' title='bbox 1562 4110 1907 4176; x_wconf 87' lang='lat' dir='ltr'><strong>concilium</strong></span> <span class='ocrx_word' id='word_1_278' title='bbox 1938 4111 2384 4179; x_wconf 78' lang='lat' dir='ltr'><strong>Tridentinum</strong></span> <span class='ocrx_word' id='word_1_279' title='bbox 2421 4115 2565 4182; x_wconf 87' lang='lat' dir='ltr'><strong>loco</strong></span> 
     </span>
     <span class='ocr_line' id='line_1_34' title="bbox 344 4225 2571 4313; baseline 0.001 -22"><span class='ocrx_word' id='word_1_280' title='bbox 344 4254 380 4291; x_wconf 76' lang='grc' dir='ltr'><strong>ιι</strong></span> <span class='ocrx_word' id='word_1_281' title='bbox 411 4231 610 4295; x_wconf 86' lang='lat' dir='ltr'><strong>citato</strong></span> <span class='ocrx_word' id='word_1_282' title='bbox 633 4244 764 4295; x_wconf 88' lang='lat' dir='ltr'><strong>non</strong></span> <span class='ocrx_word' id='word_1_283' title='bbox 792 4236 1061 4295; x_wconf 84' lang='lat' dir='ltr'><strong>revocat</strong></span> <span class='ocrx_word' id='word_1_284' title='bbox 1095 4246 1320 4311; x_wconf 85' lang='lat' dir='ltr'><strong>poenas</strong></span> <span class='ocrx_word' id='word_1_285' title='bbox 1349 4225 1498 4313; x_wconf 86' lang='lat' dir='ltr'><strong>jure</strong></span> <span class='ocrx_word' id='word_1_286' title='bbox 1521 4226 1789 4309; x_wconf 86' lang='lat' dir='ltr'><strong>antiquo</strong></span> <span class='ocrx_word' id='word_1_287' title='bbox 1817 4232 2093 4292; x_wconf 86' lang='lat' dir='ltr'><strong>statutas</strong></span> <span class='ocrx_word' id='word_1_288' title='bbox 2116 4227 2284 4293; x_wconf 90' lang='lat' dir='ltr'><strong>:imo</strong></span> <span class='ocrx_word' id='word_1_289' title='bbox 2300 4230 2456 4294; x_wconf 88' lang='lat' dir='ltr'><strong>istas</strong></span> <span class='ocrx_word' id='word_1_290' title='bbox 2475 4230 2571 4294; x_wconf 93' lang='lat' dir='ltr'><strong>in-</strong></span> 
     </span>
     <span class='ocr_line' id='line_1_35' title="bbox 345 4339 2561 4426; baseline 0 -21"><span class='ocrx_word' id='word_1_291' title='bbox 345 4368 379 4405; x_wconf 85' lang='lat'>«</span> <span class='ocrx_word' id='word_1_292' title='bbox 416 4352 632 4422; x_wconf 73' lang='lat' dir='ltr'><strong>novat,</strong></span> <span class='ocrx_word' id='word_1_293' title='bbox 661 4342 967 4409; x_wconf 81' lang='lat' dir='ltr'><strong>addendo</strong></span> <span class='ocrx_word' id='word_1_294' title='bbox 999 4351 1220 4407; x_wconf 81' lang='lat' dir='ltr'><strong>tamen</strong></span> <span class='ocrx_word' id='word_1_295' title='bbox 1247 4342 1402 4425; x_wconf 85' lang='lat' dir='ltr'><strong>ipsis</strong></span> <span class='ocrx_word' id='word_1_296' title='bbox 1430 4341 1609 4407; x_wconf 88' lang='lat' dir='ltr'><strong>alias.</strong></span> <span class='ocrx_word' id='word_1_297' title='bbox 1644 4340 1809 4420; x_wconf 86' lang='lat' dir='ltr'><strong>Quia</strong></span> <span class='ocrx_word' id='word_1_298' title='bbox 1843 4341 2042 4424; x_wconf 80' lang='lat' dir='ltr'><strong>igitur</strong></span> <span class='ocrx_word' id='word_1_299' title='bbox 2081 4339 2232 4424; x_wconf 85' lang='lat' dir='ltr'><strong>jure</strong></span> <span class='ocrx_word' id='word_1_300' title='bbox 2272 4343 2561 4426; x_wconf 87' lang='lat' dir='ltr'><strong>antiquo,</strong></span> 
     </span>
     <span class='ocr_line' id='line_1_36' title="bbox 350 4455 2579 4545; baseline 0 -25"><span class='ocrx_word' id='word_1_301' title='bbox 350 4486 383 4520; x_wconf 67' lang='grc' dir='ltr'><strong>κ</strong></span> <span class='ocrx_word' id='word_1_302' title='bbox 421 4468 694 4545; x_wconf 85' lang='lat' dir='ltr'><strong>propter</strong></span> <span class='ocrx_word' id='word_1_303' title='bbox 724 4458 1212 4525; x_wconf 81' lang='lat' dir='ltr'><strong>fornicationem</strong></span> <span class='ocrx_word' id='word_1_304' title='bbox 1249 4456 1678 4542; x_wconf 80' lang='lat' dir='ltr'><strong>qualificatam</strong></span> <span class='ocrx_word' id='word_1_305' title='bbox 1714 4457 1966 4539; x_wconf 83' lang='lat' dir='ltr'><strong>riteque</strong></span> <span class='ocrx_word' id='word_1_306' title='bbox 1995 4455 2357 4538; x_wconf 88' lang='lat' dir='ltr'><strong>probatam,</strong></span> <span class='ocrx_word' id='word_1_307' title='bbox 2393 4463 2579 4541; x_wconf 86' lang='lat' dir='ltr'><strong>pote·</strong></span> 
     </span>
    </p>
   </div>
  </div>
 </body>
</html>
