3146 4973
640 352 767 412 462
1315 363 1687 410 macrinus
1735 361 1820 408 or.
1869 361 2193 408 amoeno
2311 348 2319 352 ’

635 490 955 576 ejusmodi
979 507 1381 572 responsum,
1418 487 1603 552 libris
1632 485 2062 551 decretalium
2091 484 2405 546 insertum
2462 478 2657 563 (libro
2683 482 2747 550 3,
2787 479 2866 539 ti·

634 606 773 671 tulo
816 608 888 670 41
928 609 1021 668 ’de
1049 607 1459 668 Celebratione
1497 608 1844 679 missarum,
1893 598 2106 680 capite
2137 597 2230 680 3),
2267 613 2389 678 pro
2421 594 2566 677 lege
2599 593 2864 657 univer-

634 721 750 786 sali
785 719 1087 784 Ecclesiae
1117 718 1505 782 unanimiter
1534 723 1601 781 et
1634 721 2009 780 constanter
2031 712 2321 806 habitum
2341 710 2490 774 fuit.
2528 708 2611 772 Et
2642 726 2865 792 quam-

634 836 732 913 vis
788 832 1090 899 Pontifex
1145 838 1372 897 utatur
1426 830 1765 896 dumtaxat
1831 828 2034 893 verbo
2086 827 2330 906 sufficit,
2386 843 2616 890 verum
2667 822 2756 887 ibi
2799 832 2864 886 et

637 951 897 1035 proprie
951 949 1202 1013 dictum
1252 956 1658 1031 praeceptum
1710 965 1851 1010 esse
1898 942 2393 1026 intelligendum
2447 939 2684 1023 probat
2725 937 2868 1003 tum*

636 1065 985 1131 decretalis
1018 1071 1384 1140 contextus,
1422 1071 1561 1127 tum
1593 1068 1894 1126 constans
1939 1068 2007 1124 et
2039 1058 2361 1123 unanimis
2403 1057 2747 1122 doctorum
2772 1055 2864 1118 in·

634 1181 1042 1264 terpretatio,
1070 1188 1138 1245 et
1161 1179 1478 1263 generalis
1512 1178 1798 1245 ecclesiae
1826 1176 2062 1259 praxiS,
2086 1192 2228 1258 quae
2254 1174 2444 1259 juxta
2472 1173 2638 1237 hanc
2663 1173 2868 1235 inter-

635 1299 1069 1380 pretationem
1101 1300 1425 1379 perpetuo
1456 1292 1895 1360 determinata
1921 1298 2041 1356 est.
2074 1290 2154 1354 Id
2188 1292 2459 1373 insuper
2490 1294 2864 1370 supponunt

518 1475 540 1492 ,
636 1421 956 1498 quotquot
1014 1413 1353 1476 Sacrarum
1405 1408 1995 1492 congregationum
2054 1405 2419 1471 decisiones
2478 1402 2854 1476 declarant,

634 1547 789 1592 num
841 1528 906 1591 in
958 1527 1071 1591 tali
1119 1526 1222 1591 vel
1265 1526 1379 1590 tali
1416 1544 1570 1589 casu
1617 1524 1784 1589 adsit
1829 1521 2148 1588 sufficiens
2179 1522 2546 1596 necessitas,
2591 1528 2662 1584 ut
2688 1520 2866 1584 licite

635 1644 835 1728 possit
871 1640 1179 1707 sacerdos
1218 1641 1315 1706 bis
1352 1640 1586 1706 eodem
1629 1640 1734 1705 die
1780 1638 2138 1705 celebrare.
2192 1639 2323 1702 Nisi
2367 1637 2538 1700 enim
2578 1642 2868 1700 exstaret

634 1761 765 1838 lex,
802 1758 873 1824 id
910 1765 1096 1824 extra
1139 1777 1359 1823 casum
1396 1756 1797 1822 necessitatis
1826 1755 2200 1839 prohibens,
2253 1753 2492 1820 absone
2540 1770 2868 1836 quaerere-

635 1885 749 1941 tur
773 1874 859 1941 de
893 1874 1012 1940 hac
1038 1871 1378 1940 sufficienti
1404 1875 1816 1938 necessitate.

724 1990 915 2058 Unde
962 1999 1144 2056 certa
1195 1999 1294 2056 est
1346 1991 1608 2055 omnino
1655 1991 1798 2066 lex,
1837 2009 1963 2074 qua
2012 1988 2396 2072 prohibetur
2432 1986 2736 2052 sacerdos
2768 1988 2868 2053 bis

636 2107 864 2174 eodem
916 2106 1021 2172 die
1068 2106 1423 2171 celebrare.
1460 2106 1540 2171 At
1566 2106 1758 2171 simul
1793 2114 1971 2170 certa
2001 2112 2131 2181 est,
2169 2112 2238 2168 et
2280 2100 2549 2188 quidem
2584 2102 2668 2168 de
2712 2101 2865 2186 jure

637 2224 997 2299 communi,
1036 2220 1282 2305 duplex
1313 2223 1612 2304 exceptio
1653 2244 1665 2285 :
1703 2223 1884 2304 prior
1917 2239 2150 2302 nempe
2179 2218 2392 2303 quoad
2424 2218 2601 2284 diem
2629 2218 2868 2283 Natali·

634 2338 893 2403 Domini
929 2360 941 2401 z
978 2336 1300 2422 posterior
1329 2336 1413 2401 ob
1443 2342 1816 2400 necessitatis
1847 2355 2084 2401 casum.

723 2453 884 2518 Cum
919 2461 1134 2518 autem
1182 2453 1320 2530 lex,
1376 2458 1749 2517 necessitatis
1784 2472 1984 2515 casum
2024 2470 2062 2516 a
2093 2450 2381 2533 generali
2436 2449 2866 2534 prohibitione

633 2568 1035 2653 excipiendo,
1100 2586 1507 2653 nequaquam
1559 2566 2029 2645 declaraverit,
2073 2568 2217 2652 quis
2261 2567 2343 2631 sit
2390 2576 2459 2633 et
2511 2566 2867 2651 quotuplex

633 2686 743 2753 ille
793 2706 998 2763 casus,
1053 2685 1178 2750 fuit
1230 2693 1456 2768 postea
1509 2684 1645 2749 hacc
1685 2687 1952 2769 quoestio
2002 2683 2458 2751 a.doctoribus
2512 2682 2863 2766 disputata.

635 2802 996 2886 Excogitati
1026 2819 1259 2883 nempe
1296 2800 1486 2866 fuere
1523 2800 1607 2865 ab
1642 2801 1797 2883 ipsis
1827 2820 1955 2865 non
1987 2802 2176 2885 pauci
2207 2797 2528 2885 ejusmodi
2568 2817 2773 2876 casus,
2803 2797 2869 2861 in

634 2918 868 3002 quihus
926 2918 1143 2983 locum
1210 2934 1350 2981 esse
1400 2915 1590 2982 dictae
1643 2918 2010 3000 exceptioni
2072 2918 2544 2985 existimarunt.
2601 2917 2700 2980 De
2749 2914 2870 2979 hac

636 3050 897 3097 casuum
926 3033 1093 3097 serie
1128 3029 1456 3115 agendum
1486 3050 1660 3097 nunc
1690 3032 1811 3096 sub
1842 3030 2267 3116 sequentibus
2298 3030 2864 3114 propositionibus.

725 3149 1121 3214 Pnoposmo
1152 3149 1293 3213 111⁸.
1339 3185 1426 3195 —-
1456 3150 1674 3212 Plures
1713 3168 1884 3211 casus
1913 3150 1989 3210 ab
2018 3154 2288 3229 antiquis
2325 3153 2654 3210 canonistas
2679 3147 2874 3209 habiti

638 3276 921 3348 tanquam
948 3286 986 3328 a
1016 3269 1292 3347 praefatoe
1339 3267 1489 3345 ἱερεῖς·
1533 3265 1937 3345 prohibitione
1959 3272 2228 3346 excepti,
2275 3272 2342 3327 ut
2383 3267 2534 3327 tales
2568 3264 2742 3327 hodie
2763 3264 2872 3325 lta-

636 3385 812 3447 bendi
855 3402 976 3445 non
1015 3390 1176 3445 sunt.
1224 3419 1311 3429 -
1354 3379 1704 3444 Durandus
1745 3382 2083 3465 (Rationale
2111 3383 2455 3444 divinorum
2495 3380 2861 3459 officiorum,

634 3499 679 3563 1.
718 3500 783 3573 4,
817 3518 875 3562 c.
916 3495 999 3581 1),
1057 3497 1263 3578 glossa
1300 3496 1387 3581 (in
1433 3503 1633 3579 caput
1682 3498 2075 3573 Consuluisti‚
2113 3498 2149 3559 3
2177 3544 2191 3571 ,
2235 3498 2310 3559 de
2356 3497 2582 3559 Celebr.
2644 3490 2866 3576 miss.),

634 3614 868 3697 aliique
910 3620 1171 3678 veteres
1220 3612 1601 3687 canonistoe,
1661 3612 1833 3675 inter
1884 3630 2101 3687 casuS,
2146 3612 2210 3673 in
2261 3610 2497 3694 quibus
2548 3606 2870 3675 sacerdoti

635 3729 863 3793 liceret
894 3727 992 3791 bis
1019 3725 1250 3792 eodem
1283 3726 1388 3791 die
1421 3745 1676 3793 sacrum
1708 3725 1952 3804 facere,
1977 3726 2449 3791 enumerabant
2481 3734 2864 3810 sequentes:

637 3843 690 3908 si
712 3842 1210 3925 supervenirent
1251 3841 1539 3926 hospites
1582 3850 1693 3906 aut
1733 3842 2093 3925 peregrini,
2143 3840 2318 3905 dicta
2343 3840 2475 3924 jam
2502 3842 2710 3917 missa,
2745 3859 2870 3906 nec

637 3959 799 4023 alius
845 3957 1104 4023 adesset
1137 3958 1480 4036 sacerdOS,
1516 3959 1630 4042 qui
1680 3957 1870 4023 aliam
1919 3958 2172 4022 missam
2217 3955 2553 4021 celebrare
2597 3962 2813 4039 posset
2850 3980 2862 4020 :

637 4076 796 4140 item
830 4076 884 4139 si
914 4077 1371 4158 superveniret
1416 4076 1721 4158 princeps
1756 4098 1768 4139 :
1804 4075 1855 4139 si
1883 4074 2124 4157 nuptiae
2161 4092 2294 4138 non
2323 4080 2588 4157 possent
2626 4073 2694 4137 iu
2729 4090 2870 4138 cra-

637 4192 867 4256 stinam
920 4189 1095 4256 diem
1146 4188 1392 4256 differri
1435 4213 1448 4255 :
1492 4191 1544 4254 si
1592 4189 1880 4255 dandum
1926 4186 2317 4255 moribundo
2353 4187 2694 4263 viaticum,
2748 4204 2866 4251 nec

637 4305 895 4371 adesset
946 4305 1262 4388 particula
1316 4314 1718 4371 consecrata.
2003 4332 2030 4365 s

728 4423 934 4487 Porro
987 4419 1194 4484 dictos
1237 4436 1421 4485 casus
1470 4438 1599 4485 non
1654 4440 1792 4487 esse
1835 4420 2487 4506 comprehendendos
2542 4420 2663 4485 snb
2717 4437 2866 4484 casu
