3146 4973
1163 401 1324 451 mas
1365 401 1597 449 rmus.
2409 385 2485 451 81

268 526 434 594 chos
477 526 815 593 exstitisse.
851 526 1038 592 Idem
1074 523 1432 591 dicendum
1470 525 1555 591 de
1607 523 1819 590 altero
1864 519 2001 590 divi
2044 524 2230 590 Pauli
2274 531 2488 604 textu,

264 649 470 726 atque
500 661 538 705 a
583 641 842 708 fortiori
883 639 971 706 de
1004 639 1262 735 duobus
1308 640 1450 705 aliis
1491 647 1808 723 pastorum
1845 645 1915 704 et
1940 643 2347 701 consenior-um
2379 635 2495 703 de·

261 756 835 824 nominationibus.

353 878 427 939 3⁰
470 871 763 939 Tandem
780 922 798 951 ,
852 871 1094 940 nedum
1155 872 1372 958 aliquo
1417 870 1782 937 traditionis
1831 871 2198 936 testimonio
2250 871 2498 936 nitatur

268 986 511 1054 divinae
585 977 1017 1073 parochorum
1079 991 1500 1057 institutionis
1564 990 1779 1074 opinio
1798 1037 1815 1069 ‚
1903 996 2043 1055 tota
2100 988 2502 1073 antiquitatis

269 1111 846 1171 monumentorum
891 1105 1065 1172 mole
1118 1107 1516 1172 contrarium
1557 1105 1903 1181 evincitur,
1945 1111 2024 1169 ut
2079 1122 2163 1167 ex
2208 1101 2503 1187 professo

268 1216 744 1285 demonstravit
778 1220 1020 1286 Marius
1049 1221 1253 1306 Lupi;
1299 1222 1413 1305 qui
1448 1218 1736 1287 adducta
1767 1218 1850 1285 ab
1887 1217 2274 1285 adversariis
2305 1216 2506 1283 docu-

271 1343 491 1403 menta
525 1335 672 1400 fuse
703 1344 1026 1415 recenset,
1060 1355 1267 1421 eaque
1305 1336 1466 1402 nihil
1487 1335 1768 1421 probare
1806 1343 1877 1402 et
1911 1333 1998 1401 ad
2029 1353 2170 1401 rem
2207 1353 2338 1399 non
2364 1353 2508 1401 esse

267 1450 701 1519 demonstrat.
723 1451 823 1519 Ad
866 1472 1063 1539 quem
1105 1461 1464 1532 auctorem,
1500 1473 1584 1520 ne
1615 1472 1757 1519 rem
1787 1460 1999 1518 actam
2031 1449 2286 1536 agendo
2312 1451 2509 1517 inuti-

271 1566 423 1634 liter
451 1569 910 1646 immoremur,
943 1569 1362 1635 remittimus,

357 1685 445 1751 11.
482 1682 622 1749 Sed
648 1702 864 1769 neque
892 1684 1309 1768 apostolicam
1344 1685 1542 1753 fuisse
1569 1684 2005 1770 parochorum
2043 1684 2513 1751 institutionem

276 1808 502 1884 aperte
535 1799 839 1885 sequitur
863 1819 956 1894 ex·
975 1820 1054 1867 eo
1076 1800 1278 1886 quod,
1302 1821 1434 1868 non
1458 1801 1842 1886 apostolicis,
1879 1799 2002 1869 sed
2015 1802 2209 1884 longe
2239 1819 2516 1886 sequen-

279 1914 451 1981 tibus
507 1916 924 2000 temporibus
971 1916 1195 1983 induci
1250 1918 1568 2001 coeperint
1613 1916 1898 2001 parochi,
1948 1924 2025 1982 ut
2073 1933 2271 2000 supra
2321 1916 2517 1980 etiam

281 2030 730 2113 probavimus.
767 2031 1086 2098 Remanet
1120 2050 1280 2117 ergo
1314 2040 1390 2097 ut
1423 2036 1838 2097 ecclesiastices
1874 2029 2218 2097 dumtaxat
2262 2031 2518 2096 institu-

283 2146 470 2212 tionis
499 2165 653 2213 esse
686 2146 1004 2231 parochos
1027 2147 1434 2214 admittatur.

371 2267 557 2327 Nota.
600 2298 696 2310 —
725 2262 861 2327 Etsi
897 2263 1050 2329 olim
1095 2264 1385 2329 nonnulli
1417 2262 1725 2331 doctores
1758 2264 2035 2329 innocue
2067 2270 2137 2328 et
2178 2261 2349 2329 bona
2387 2260 2521 2327 fide

293 2378 738 2445 institutorum
765 2377 1080 2445 divinitus
1110 2378 1543 2463 parochorum
1575 2385 1858 2463 systema
1883 2376 2232 2458 admisere,
2268 2383 2524 2461 postea-

294 2511 480 2578 quam
508 2502 738 2561 tamen
773 2513 853 2561 eo
893 2514 1118 2562 errore
1146 2494 1312 2561 adeo
1348 2494 1534 2561 abusi
1564 2501 1718 2560 sunt
1755 2493 2052 2561 moderni
2080 2493 2367 2560 haeretici
2400 2492 2517 2580 (1),

299 2609 471 2674 nullo
506 2629 644 2676 non
673 2616 906 2677 conatu
943 2631 982 2676 a
1026 2610 1185 2676 viris
1232 2609 1564 2677 catholicis
1611 2616 1711 2675 est
1740 2607 2172 2694 rejiciendum
2207 2617 2277 2675 et
2306 2607 2525 2693 profli-

300 2723 605 2804 gundum.

367 2975 437 3039 (1)
471 2973 522 3024 Β
543 2982 737 3038 troppo
761 2973 1077 3024 scandaloso
1111 2974 1152 3024 il
1181 2972 1300 3036 sare
1333 2974 1355 3022 i
1383 2972 1608 3035 parocho·
1641 2971 1992 3023 d'istieuzt‘om
2024 2972 2230 3023 divino.
2266 2971 2525 3037 (zaccaria,

304 3068 547 3129 appendice
571 3070 619 3117 al
651 3067 941 3131 Consumto
966 3068 1198 3128 morico,
1232 3081 1342 3130 pag.
1375 3066 1515 3130 192.)

370 3160 396 3210 1
417 3160 738 3213 Giansenmi
759 3160 931 3224 fanno
952 3161 972 3211 ι’
993 3162 1218 3225 parochi
1237 3161 1423 3225 aquali
1447 3162 1504 3212 ai
1531 3160 1760 3215 Vaccvi.
1781 3160 2134 3211 dictatas-ando
2158 3162 2213 3213 la
2240 3162 2354 3214 loro
2373 3166 2527 3212 auto-

307 3253 410 3302 rita
434 3256 497 3305 de
521 3256 692 3305 drino
714 3257 915 3306 divino.
945 3256 1125 3318 (Μοιιί,
1149 3254 1352 3318 Βρίνίω
1380 3254 1465 3304 del
1490 3253 1657 3304 accolo
1675 3253 1877 3308 XVIII.
1902 3266 2009 3316 pag.
2031 3255 2174 3316 213.)

371 3347 397 3397 I
416 3349 738 3401 Glemom'sti
752 3363 851 3399 con
868 3350 1064 3400 canoni
1086 3362 1112 3398 ο
1137 3348 1464 3398 monumenti
1485 3360 1516 3395 o
1541 3346 1758 3397 alterau'
1784 3358 1816 3393 ο
1845 3345 2121 3411 rabinati
2148 3352 2361 3398 lontano
2392 3348 2530 3397 αἳτι-

311 3443 516 3494 nalum
537 3445 558 3493 ἰ
580 3445 826 3507 parochi.
848 3444 939 3493 che
962 3444 1151 3493 dicono
1176 3442 1382 3492 movilia·
1403 3441 1495 3491 dal
1520 3440 1826 3503 dispuli-emo
1848 3441 2154 3503 episcopale.
2176 3442 2240 3490 ed
2276 3442 2531 3492 imislono

311 3535 436 3584 suna
462 3537 575 3586 loro
608 3542 814 3600 precem
846 3536 1143 3585 mantione
1167 3535 1367 3584 divina.
1400 3531 1658 3598 (L'Abbate
1695 3534 1861 3592 Gustu,
1891 3531 2169 3595 Innuenza
2198 3533 2284 3582 dei
2311 3531 2529 3584 δίωκε·

313 3630 426 3678 nictu·
451 3631 592 3682 nella
621 3631 950 3681 revolutam
977 3631 1034 3680 do·
1063 3628 1320 3682 Francia.
1360 3641 1465 3688 vag.
1498 3627 1608 3690 50.)
