3146 4973
1269 349 1425 399 rans
1470 350 1792 400 saeuum.
2514 340 2644 404 285

500 472 805 553 Qum-no
835 472 923 537 2⁸.
956 508 1047 520 -
1084 476 1374 554 Quianam
1414 482 1775 556 potestatem
1817 475 2346 555 habcatbeneficia
2368 485 2429 542 et
2464 483 2644 542 cocle-

411 592 537 649 sias
573 590 870 651 mendi?
915 625 1006 639 --
1057 591 1121 651 1⁰
1173 610 1206 648 α
1243 589 1445 654 Uuire
1500 590 1914 673 episcopatus
1957 587 2044 655 ad
2100 590 2310 655 solum
2352 593 2641 675 pertinet

415 723 449 761 α
480 702 805 785 Papam...
847 703 1023 786 Papa
1056 719 1187 766 non
1222 703 1429 769 solum
1460 704 1897 787 episcopatus,
1933 701 2053 769 sed
2088 704 2286 769 etiam
2316 723 2639 789 quaecum-

347 794 352 799 *
414 838 446 877 α
483 834 612 901 que
644 817 765 883 alia
799 816 1116 885 beneficia
1160 819 1349 883 unire
1386 825 1604 901 potest
1623 866 1640 897 ,
1677 837 1827 884 cum
1866 820 1933 882 in
1977 817 2279 885 omnihus
2307 819 2639 885 beneficiis

410 955 444 991 α
478 931 832 1015 plenariam
861 932 1100 998 habeat
1128 939 1546 1017 potestatem.
1580 956 1614 994 n

493 1049 563 1111 2⁰
598 1073 624 1105 α
665 1048 1020 1130 Episcopus
1045 1055 1263 1130 potest
1295 1066 1378 1112 ex
1413 1047 1715 1131 legitimis
1758 1049 1966 1113 causis
1997 1049 2183 1115 unire
2221 1049 2536 1117 beneficia
2567 1059 2636 1118 et

409 1182 443 1222 α
475 1161 782 1226 ecclesias
809 1179 938 1227 suae
968 1159 1351 1227 dioecesis...
1387 1160 1923 1246 Archiepiscopus
1951 1164 2179 1248 nequit
2220 1166 2405 1229 unire
2434 1164 2634 1230 bene-

408 1296 442 1335 «
479 1273 624 1340 ficia
652 1274 1011 1341 dioecesum
1042 1295 1307 1342 suorum
1336 1274 1918 1359 suffraganeorum.
1947 1299 1982 1339 a>

493 1392 562 1454 3⁰
598 1411 633 1449 «ι
668 1390 1031 1474 Capitulum
1057 1438 1073 1469 ‚
1122 1389 1277 1457 sede
1322 1399 1594 1456 vacante
1614 1439 1631 1468 ,
1683 1398 1902 1474 potest
1948 1392 2133 1456 unire
2179 1412 2257 1459 ea
2309 1392 2628 1460 beneficia

407 1526 441 1565 α
475 1523 617 1589 quoe
655 1512 871 1588 potest
905 1508 1280 1590 Episcopus,
1316 1505 1678 1597 dummodo
1714 1525 1836 1589 per
1861 1526 2005 1573 eam
2032 1509 2337 1575 unionem
2366 1507 2629 1594 jurisdi-

406 1642 439 1681 α
476 1621 674 1685 ctioni
700 1621 1048 1704 episcopali
1078 1620 1238 1686 nihil
1270 1618 1682 1688 detrahatur.
1716 1643 1749 1683 »

489 1736 562 1798 4⁰
603 1757 636 1796 α
679 1736 956 1818 Legatus
997 1754 1033 1800 a
1079 1735 1289 1801 latere
1325 1736 1389 1799 in
1428 1738 1763 1820 provincia
1812 1736 1933 1802 sibi
1983 1736 2356 1804 concredita
2408 1746 2627 1822 potest

403 1872 439 1910 α
475 1851 659 1915 unire
712 1850 1030 1916 beneficia
1086 1848 1276 1915 dictoe
1337 1852 1686 1934 provinciae
1746 1869 1877 1916 suae
1935 1852 2275 1935 legationis
2299 1899 2316 1931 ‚
2380 1851 2624 1937 absque

402 1985 437 2023 α
471 1970 689 2030 tamen
719 1964 1095 2050 praejudicio
1125 1967 1423 2049 Episcopi
1455 1987 1469 2031 ε
1504 1967 1786 2049 Legatus
1815 1967 1984 2031 euim
2011 1986 2050 2032 a
2077 1968 2283 2033 latere
2314 1975 2530 2051 potest
2558 1969 2625 2032 iu

404 2102 437 2140 α
470 2099 586 2145 sua
619 2080 948 2166 provincia
975 2082 1188 2147 omnia
1218 2099 1360 2166 quoe
1392 2082 1746 2165 Episcopus
1776 2081 1844 2146 in
1874 2100 1987 2146 sua
2019 2080 2305 2148 dioecesi.
2337 2105 2370 2144 »

375 2191 382 2197 ’
491 2198 560 2258 5⁰
589 2217 622 2255 «
659 2195 949 2260 vicarius
992 2196 1314 2279 generalis
1361 2196 1660 2279 Episcopi
1704 2216 1833 2262 nou
1874 2205 2089 2280 potest
2122 2196 2442 2264 beneficia
2480 2200 2623 2265 uni·

405 2332 437 2369 a
471 2328 576 2389 re,
613 2312 735 2376 nisi
769 2312 1143 2395 specialiter
1193 2312 1278 2377 ab
1324 2312 1641 2397 Episcopo
1692 2313 2159 2379 committatur.
2192 2335 2224 2375 >J
2266 2313 2614 2399 (Ferraris,

398 2442 558 2491 voce
595 2430 771 2507 Unio,
805 2446 871 2492 n.
904 2436 938 2493 7
976 2434 1045 2494 et
1072 2426 1238 2513 seq.)

486 2544 556 2606 6⁰
598 2564 633 2604 «
666 2544 762 2608 An
797 2542 1068 2609 abbates
1081 2592 1096 2622 ‚
1139 2541 1400 2628 quaudo
1442 2542 1963 2629 jurisdictionem
1997 2544 2241 2610 habeut
2276 2545 2621 2628 quasi-epi·

401 2680 435 2720 a
470 2660 818 2742 scopalem,
853 2659 1027 2726 dicta
1056 2666 1376 2744 potestate
1402 2661 1720 2744 polleant,
1756 2660 2151 2745 disputatur.
2183 2683 2217 2724 ι
2253 2660 2440 2746 (Vide
2472 2663 2622 2727 Fer·

397 2778 578 2854 raris,
616 2777 762 2843 loco
795 2777 1016 2855 citato,
1054 2796 1120 2840 n.
1165 2774 1300 2860 14.)

484 2894 787 2974 QUAES'rlo
832 2895 922 2957 3⁸.
968 2928 1059 2944 -—-
1103 2895 1389 2971 Ouaeuam
1421 2899 1543 2955 sint
1590 2895 1958 2957 conditiones
1993 2899 2315 2974 requisitae,
2363 2902 2432 2957 ut
2470 2898 2617 2977 lcqi-

399 3017 541 3072 time
566 3010 682 3087 fiat
709 3014 854 3073 unio
885 3011 960 3071 ab
992 3012 1281 3089 Episcopo
1302 3012 1332 3071 ?
1360 3044 1451 3056 -—
1482 3009 1637 3073 Tres
1666 3009 2031 3092 praesertim
2063 3009 2312 3093 requiri
2347 3008 2622 3076 tradunt

394 3129 825 3190 communiter
867 3123 1176 3191 doctores
1216 3145 1231 3190 :
1269 3122 1508 3208 justam
1557 3142 1817 3189 causam
1834 3172 1850 3201 ,
1908 3125 2280 3190 citationem
2335 3128 2618 3191 omnium

392 3241 706 3306 interesse
738 3239 1114 3306 habentium
1129 3287 1145 3316 ‚
1182 3245 1252 3305 et
1282 3256 1663 3304 consensum
1696 3239 1986 3322 capituli.

488 3381 519 3417 α
554 3362 767 3421 Prima
795 3359 1059 3421 conditio
1089 3357 1396 3440 requisita
1424 3353 1509 3420 ad
1536 3352 1901 3420 faciendam
1932 3355 2285 3438 legitimam
2316 3358 2619 3422 unionem

398 3496 431 3534 α
466 3470 928 3539 beneficiorum
960 3479 1063 3537 est
1089 3491 1278 3537 causa
1319 3470 1495 3556 justa
1530 3479 1600 3538 et
1627 3472 1871 3554 praevia
1895 3471 2178 3554 cognitio
2220 3470 2308 3537 de
2341 3471 2482 3555 ejus
2509 3491 2619 3536 ve-

396 3610 428 3646 «
465 3589 740 3652 ritate...
781 3588 966 3661 Justa
1008 3605 1198 3653 causa
1240 3594 1341 3652 est
1378 3585 1685 3652 Ecclesiae
1730 3584 2087 3665 necessitas'‚
2127 3586 2236 3652 vel
2267 3587 2471 3669 ipsius
2495 3592 2618 3650 uti·

398 3725 429 3763 a
466 3704 634 3766 litas.
649 3752 662 3766 .
679 3750 693 3765 .
720 3702 1074 3767 Necessitas
1092 3709 1313 3766 autem
1334 3701 1632 3766 Ecclesiae
1658 3708 1820 3765 tunc
1855 3708 2158 3767 censetur
2183 3701 2610 3780 intervenire,

394 3842 428 3878 α
461 3816 721 3902 quando
743 3816 1095 3902 praebenda
1110 3864 1126 3895 ‚
1158 3817 1266 3880 cui
1285 3816 1438 3880 unio
1463 3816 1756 3912 facienda
1780 3824 1880 3882 est
1897 3864 1915 3895 ,
1951 3825 2133 3883 caret
2154 3815 2619 3883 sufficientibus

393 3958 425 3992 α
463 3932 786 3999 reditibus
806 3931 890 3999 ad
914 3931 1221 3999 alendum
1250 3932 1638 3997 ministrum.
1654 3983 1668 3998 .
1684 3981 1699 3996 .
1730 3932 1899 3996 Item
1921 3931 2182 4015 quando
2205 3934 2488 3999 Ecclesia
2516 3940 2618 3997 est

392 4073 425 4109 «
462 4048 798 4116 destructa
825 4049 909 4116 ab
938 4049 1229 4116 hostibus
1257 4048 1366 4114 vel
1397 4046 1772 4114 desolata...
1815 4049 1981 4113 Item
2020 4047 2283 4133 quaudo
2316 4049 2614 4114 Ecclesioe

391 4188 425 4224 α
460 4173 609 4231 sunt
638 4165 886 4243 vicinae‚
923 4170 992 4230 et
1019 4172 1267 4231 restant
1296 4163 1482 4247 pauci
1506 4162 1591 4228 de
1623 4163 1886 4246 popum,
1921 4162 2062 4227 aliis
2086 4165 2444 4230 mortuis...
2479 4164 2617 4229 Uti-

392 4305 424 4343 «
460 4281 606 4347 litas
634 4300 792 4348 vero
821 4288 980 4345 tunc
1008 4280 1364 4346 intervenit
1381 4327 1396 4355 ‚
1434 4277 1699 4364 quando
1726 4285 2000 4361 propter
2027 4279 2365 4345 fructuum
2403 4279 2616 4343 tenui-

393 4421 425 4460 «
463 4404 662 4464 tatem
691 4415 823 4463 nou
845 4397 1269 4464 inveniuntur
1290 4396 1511 4461 clerici
1538 4394 1759 4463 idonei
1783 4392 1867 4461 ad
1896 4392 2430 4484 deserviendum.
