3146 4973
1566 292 1860 372 ...vj-

586 451 918 562 proinde
972 475 1297 536 erronee
1345 477 1673 561 prorsus
1734 455 2230 551 asseruerim,
2293 452 2643 535 ablatum
2682 450 2823 534 Hi-

586 590 881 698 spaniae
936 590 1292 698 capitulis
1353 591 1589 674 fuisse
1627 593 1754 701 jus
1794 617 2029 675 omne
2075 590 2510 674 collationis
2547 589 2820 672 simul-

586 734 861 804 taneae.
896 722 1119 818 Quod
1165 724 1639 832 caeteroquin
1695 723 2094 821 mendum,
2146 751 2238 806 ex
2278 721 2633 805 adductis
2670 721 2827 803 ibi—

586 857 764 938 dem
803 882 848 937 a
899 855 1196 962 meipso
1256 855 1442 937 dicti
1503 858 1950 939 concordati
2005 856 2290 954 verbiS,
2327 856 2521 938 adeo
2578 865 2819 963 patet,

585 1001 672 1073 ut
706 989 1127 1100 legentium
1153 989 1483 1099 quisque
1511 990 1737 1075 facile
1765 991 1958 1073 illud
1985 992 2422 1100 perspicere
2458 989 2820 1098 potuerit,

584 1134 662 1206 et
685 1125 1070 1206 incuriam
1109 1127 1189 1204 in
1235 1122 1649 1207 scribendo
1698 1134 2021 1233 typosve
2060 1122 2523 1233 corrigendo
2563 1122 2825 1230 suspi-

587 1257 777 1340 cari.

692 1391 1099 1472 Annos-mo
1144 1388 1272 1470 11⁸.
1314 1436 1397 1449 -·
1434 1396 1535 1469 De
1576 1389 1958 1470 hodiernis
2020 1388 2285 1470 Gallice
2346 1387 2822 1468 consuetudi-

585 1521 830 1622 nibuS,
899 1551 950 1602 a
1008 1527 1187 1628 jure
1259 1523 1630 1603 communi
1687 1523 2213 1604 recedentibus.
2284 1569 2380 1582 —
2449 1521 2535 1601 In
2600 1521 2827 1603 editis

586 1655 779 1736 meis
821 1655 1273 1738 tractatibus
1310 1654 1731 1738 identidem
1772 1655 2103 1763 contigit
2156 1655 2233 1734 in
2285 1652 2631 1736 medium
2677 1653 2822 1734 ad-

586 1781 765 1866 duci
825 1785 1247 1867 hodiernas
1312 1786 1686 1894 quasdam
1753 1783 2019 1867 Galliae
2082 1785 2713 1881 consuetudines,
2748 1794 2827 1867 et

586 1918 684 1999 de
717 1918 810 1998 iis
849 1918 1140 2026 (utpote
1186 1916 1344 2026 juri
1401 1919 1800 2001 communi
1842 1919 2273 2025 contrariis)
2313 1917 2823 2026 quaestionem

586 2050 917 2147 institui,
979 2075 1168 2133 num
1220 2075 1365 2159 pro
1426 2048 1788 2159 legitimis
1847 2049 2228 2133 habendae
2283 2051 2464 2133 sint.
2520 2049 2607 2130 ln
2667 2077 2825 2159 qua

584 2181 1092 2290 expendenda
1127 2181 1607 2277 difficultate,
1652 2182 1792 2266 etsi
1833 2182 2127 2266 nullam
2164 2194 2452 2265 certam
2510 2181 2824 2265 conclu-

588 2314 889 2398 sionem
928 2315 1414 2415 deduxerim,
1465 2314 1631 2412 sed,
1675 2316 2100 2424 propositis
2139 2314 2606 2413 rationibuS,
2651 2342 2829 2424 quae

588 2447 783 2530 mihi
841 2448 1303 2534 videbantur
1358 2451 1441 2529 in
1501 2473 1742 2531 unam
1781 2448 2041 2557 potius
2105 2474 2341 2558 quam
2381 2448 2459 2531 in
2502 2448 2827 2532 alteram

590 2591 889 2687 partem
936 2608 1239 2690 urgere,
1301 2607 1468 2664 rem
1533 2592 1775 2664 totam
1837 2582 2283 2691 reliquerim
2342 2583 2828 2666 doctioribus

586 2712 1173 2811 enucleandam,
1222 2732 1298 2798 et
1336 2715 1433 2795 iis
1486 2716 1588 2797 ad
1640 2740 1841 2823 quos
1898 2715 2234 2822 pertinet
2293 2714 2830 2798 ecclesiasticis

591 2847 1125 2955 superioribus
1161 2848 1712 2944 definiendam,
1740 2847 2306 2930 nonnullorum
2347 2862 2603 2930 tamen
2637 2875 2827 2930 cen-

590 2979 872 3060 soriam
916 2978 1297 3086 virgulam
1336 2981 1544 3062 haud
1577 2979 1839 3088 effugi.
1883 2978 2060 3058 Mihi
2099 3004 2380 3086 nempe
2408 3005 2495 3060 ex
2537 2978 2830 3087 duplici

589 3111 843 3219 capite
910 3114 1309 3222 negotium
1398 3113 1786 3195 facessunt
1858 3143 1872 3189 z
1937 3111 2232 3220 primo,
2303 3112 2523 3220 quod
2549 3137 2828 3193 meam

587 3244 1305 3355 (quantulicumque
1344 3246 1624 3354 privati
1692 3245 2112 3352 scriptoris)
2176 3243 2630 3353 opinionem
2682 3244 2831 3325 hac

587 3380 684 3460 de
722 3405 807 3461 re
852 3380 1196 3487 pandere
1239 3378 1909 3487 praesumpserim:
1968 3380 2321 3475 secunde,
2365 3376 2582 3482 quod
2628 3375 2710 3456 in
2749 3377 2832 3459 id

590 3513 906 3594 tendere
939 3513 1227 3609 videar,
1261 3522 1349 3593 ut
1375 3510 1744 3619 quaelibet
1779 3508 2163 3619 ejusmodi
2196 3507 2466 3591 Galliae
2493 3532 2830 3591 consue—

588 3643 900 3727 tudines
956 3645 1054 3728 de
1122 3644 1378 3727 medio
1419 3642 1832 3739 tonantum
1877 3667 2056 3724 cum
2112 3641 2266 3750 ipsi
2322 3639 2585 3750 potius
2636 3640 2830 3723 reti-

592 3778 890 3862 nendas
928 3805 1056 3861 eas
1115 3788 1519 3877 censeant;
1564 3779 1726 3858 imo
1777 3802 1920 3858 nec
1975 3801 2208 3884 posse
2259 3774 2550 3883 absque
2616 3776 2830 3883 gravi

589 3911 1077 3994 ecclesiarum
1117 3908 1383 3992 Galliae
1421 3909 1891 3992 detrimento
1930 3934 2023 3989 ex
2061 3908 2158 3988 iis
2186 3904 2634 4015 complures
2674 3907 2827 3986 im-

595 4047 881 4128 mutari
926 4044 1401 4127 existiment.

701 4178 848 4260 Sed
889 4180 1108 4286 (pace
1145 4201 1413 4259 eorum
1462 4175 1819 4282 dixerim)
1858 4176 2120 4258 minus
2167 4201 2390 4282 aequa
2429 4198 2520 4256 ac
2556 4171 2830 4255 mode-

608 4323 760 4395 *ata
832 4322 1155 4420 utraque
1211 4335 1561 4394 censura.
1623 4309 1818 4396 Nam
1861 4314 1938 4392 1⁰
1995 4310 2238 4410 nescit
2298 4333 2523 4394 nemo
2591 4331 2834 4416 quam
