3146 4973
549 310 631 373 56
1227 320 1605 372 macra-rus
1647 323 1738 371 ns
1780 294 2108 373 ranocno.

544 447 733 535 dotes)
766 454 1075 516 discrevit.
1116 447 1219 516 Ibi
1246 456 1429 516 certe
1452 447 1618 515 nihil
1641 447 1728 516 de
1757 446 2077 533 parochis.
2109 444 2373 515 Asserta
2387 452 2607 512 autem
2643 447 2777 509 sub-

545 571 781 649 roqatio
829 567 1314 648 presbyterorum
1356 564 1502 631 loco
1555 566 1638 630 72
1685 561 2156 647 discipulorum
2174 609 2192 642 ,
2231 561 2320 630 de
2365 561 2563 629 toties
2602 559 2777 626 dicta

546 677 966 746 institutionis
992 675 1415 742 similitudine
1451 674 1726 760 intelligi
1747 682 1989 760 potest.

634 794 1111 860 Docummuu
1141 792 1252 857 XI.
1283 827 1374 839 —
1404 790 1594 875 Hugo
1624 809 1662 855 a
1703 798 1925 857 sancto
1954 791 2220 857 Victore
2246 788 2446 876 (apud
2474 786 2778 857 nardina-

544 911 676 976 lem
707 909 775 974 la
807 910 1126 986 Luzerne‚
1160 912 1371 972 Droits
1404 915 1467 971 et
1502 911 1755 972 Devoirs
1778 911 1883 972 des
1907 893 2198 989 aeques,
2231 925 2381 992 pag.
2418 909 2574 983 217,
2606 903 2770 972 edit.

544 1022 782 1109 Migne)
824 1046 841 1090 :
883 1028 1052 1089 Sicut
1103 1030 1171 1088 in
1220 1027 1520 1106 Apostolis
1564 1027 1765 1105 forma
1806 1031 1896 1089 est
1913 1024 2297 1107 pontificum,
2332 1028 2427 1087 ita
2458 1028 2526 1085 in
2561 1024 2682 1086 duo
2716 1030 2776 1085 et

546 1142 632 1206 70
684 1142 1003 1221 discipulis
1035 1142 1233 1220 forma
1273 1147 1363 1203 est
1401 1141 1884 1225 presbyterorum
1929 1141 2176 1203 secundi
2205 1142 2462 1202 ordinis.
2517 1137 2653 1205 Nec
2681 1136 2778 1202 ibi

544 1253 902 1340 quidquam
947 1252 1037 1320 de
1087 1253 1453 1358 parochis:
1508 1253 1596 1319 de
1638 1252 2044 1338 presbyteris
2085 1271 2246 1319 vero
2296 1257 2543 1318 asserta
2589 1250 2776 1318 solita

547 1388 699 1437 cum
739 1372 820 1435 72
850 1367 1186 1453 discipulis
1220 1343 1603 1437 similitudo,

636 1483 846 1551 Citato
882 1484 1028 1550 loco
1067 1483 1320 1566 praefati
1370 1484 1587 1567 operis
1628 1481 1990 1549 cardinalis
2015 1480 2101 1549 de
2130 1406 2197 1548 la
2236 1482 2532 1549 Luzeme
2564 1478 2778 1547 videri

550 1607 818 1685 possunt
835 1599 1145 1666 nonnulla
1169 1599 1289 1665 alia
1311 1598 1730 1677 documenta,
1754 1619 1795 1665 a
1814 1597 2199 1682 parochistis
2221 1596 2524 1665 exhiberi
2549 1598 2771 1665 solita:

549 1722 772 1783 textus
819 1733 1058 1799 nempe
1117 1714 1412 1782 nonnulli
1457 1716 1641 1780 Petri
1679 1712 2028 1781 Lombardi
2056 1762 2072 1792 ‚
2124 1713 2434 1791 Gratiani,
2478 1712 2775 1778 Fulberti
2847 1694 2862 1703 ’

550 1830 963 1898 carnotensis
1013 1829 1345 1915 Episcopi,
1383 1831 1420 1895 J
1422 1849 1644 1897 oannis
1692 1831 1910 1907 XXII,
1951 1835 2022 1895 et
2072 1828 2281 1894 sancti
2324 1827 2603 1895 Thomae.
2645 1825 2777 1893 Sed

551 1945 786 2031 quihus
820 1945 1083 2013 omnino
1120 1943 1497 2030 quadrant
1473 1964 1608 2030 Jam
1636 1945 1842 2012 allatae
1881 1945 2356 2029 responsiones.

639 2062 736 2126 En
778 2079 936 2145 ergo
981 2060 1049 2125 in
1096 2079 1229 2145 quo
1274 2068 1405 2126 stet
1452 2061 1650 2129 toties
1710 2066 2120 2127 recantatum
2173 2058 2338 2127 illud
2385 2058 2780 2144 parochista·

552 2195 699 2243 rum
722 2195 806 2243 ex
833 2176 1187 2243 traditione
1210 2182 1691 2259 argumentum.
1711 2177 1857 2259 Quo
1880 2181 2061 2242 certe
2085 2173 2154 2240 id
2182 2175 2394 2242 solum
2425 2176 2769 2253 evincitur,

548 2292 743 2375 ipsos,
762 2291 922 2359 dum
943 2292 1101 2358 talia
1118 2298 1451 2375 promunt,
1471 2292 1602 2357 suis
1630 2310 1700 2357 se
1728 2290 2027 2358 manibus
2045 2291 2423 2374 praefocare.
2444 2291 2778 2374 Legantur

552 2415 624 2473 et
660 2407 1037 2492 relegantur
1076 2404 1398 2493 ejusmodi
1439 2406 1522 2472 ab
1559 2406 1714 2492 ipsis
1758 2407 1955 2472 allata
2002 2405 2417 2485 documenta,
2451 2413 2521 2473 et
2547 2408 2604 2473 si
2633 2425 2780 2492 qum

550 2522 675 2589 alia
710 2522 938 2589 similia
963 2524 1237 2607 reperiri
1267 2523 1554 2607 possint;
1596 2529 1670 2589 et
1698 2542 1960 2607 semper
1995 2524 2369 2606 reperietur
2411 2521 2780 2590 similitudi·

553 2657 705 2706 nem
733 2656 884 2704 cum
917 2646 950 2703 7
959 2641 999 2703 2
1033 2636 1366 2723 discipulis
1394 2636 1700 2705 affirmari
1726 2638 1813 2706 de
1832 2638 2235 2724 presbyteris
2261 2644 2582 2724 quatenus
2598 2658 2782 2724 pres·

553 2754 826 2840 hyteriS,
891 2771 1221 2838 nunquam
1266 2752 1353 2821 de
1394 2754 1695 2839 parochis
1751 2762 2075 2840 quatenus
2129 2753 2453 2838 parochis.
2509 2755 2781 2840 Semper

554 2886 789 2954 nempe
840 2868 1214 2952 reperietur
1254 2869 1322 2933 in
1359 2869 1638 2954 antiquis
1683 2870 2111 2936 monumentis
2141 2867 2560 2947 considerari,
2601 2870 2782 2937 ordi-

558 3005 708 3052 nem
745 2983 1266 3071 presbyteratus,
1302 3002 1432 3052 non
1458 3003 1622 3052 vero
1657 2983 2161 3069 parochialitatis
2183 2983 2484 3063 officium,
2520 2985 2780 3073 quando

554 3106 939 3168 asseruntur
981 3099 1251 3167 secundi
1279 3099 1528 3167 ordinis
1562 3099 1939 3168 sacerdotes
1964 3104 2049 3166 ad
2086 3104 2345 3182 formam
2385 3103 2466 3166 72
2506 3098 2783 3184 discipu·

552 3218 768 3284 lorum
817 3215 1016 3282 fuisse
1059 3215 1376 3302 ,instituti
1441 3214 1634 3283 Unde
1691 3215 1883 3300 plane
1938 3216 2348 3281 mentiuntur
2397 3214 2778 3300 parochistae

551 3329 815 3419 quando
839 3331 1154 3398 audacter
1187 3330 1529 3409 affirmant,
1558 3329 1975 3398 traditionem
2005 3329 2301 3414 parochis
2322 3332 2664 3416 proprium
2691 3332 2782 3400 fa-

551 3468 729 3529 cere,
763 3445 940 3535 quod
970 3448 1100 3514 sint
1136 3450 1220 3513 72
1251 3445 1720 3530 discipulorum
1755 3463 2201 3532 successorem
2234 3455 2305 3514 et
2333 3446 2490 3514 inde
2519 3448 2782 3516 conclu·

551 3564 721 3630 dunt
754 3563 1187 3649 parochorum
1232 3563 1708 3629 institutionem
1741 3580 1885 3630 esse
1932 3562 2097 3649 juris
2138 3562 2341 3629 divini
2360 3612 2377 3642 ‚
2418 3583 2778 3650 eorumque

545 3677 1067 3765 jurisdictionem
1094 3678 1179 3744 ab
1206 3679 1482 3763 ipsomet
1513 3677 1767 3746 Christo
1802 3678 1957 3762 ipsis
1994 3676 2374 3746 immediate
2418 3679 2772 3763 profluere.

570 3847 575 3854 .
640 3797 849 3876 Quam
879 3792 1191 3861 doctrinis
1219 3802 1473 3879 pestem
1502 3802 1700 3880 atque
1732 3793 1975 3861 erroris
2004 3801 2371 3862 monstrum
2397 3797 2621 3882 paucis
2648 3794 2780 3862 his-

553 3930 629 3976 ce
662 3909 882 3976 verbis
916 3910 1231 3977 conclusit
1264 3910 1567 3989 Juvenin,
1604 3917 1834 3977 auctor
1878 3911 2111 3978 merito
2143 3928 2182 3975 a
2213 3909 2382 3979 Sede
2412 3910 2780 3996 Apostolica

547 4024 896 4092 damnatus
928 4046 944 4090 ε
990 4030 1205 4090 Verum
1229 4030 1286 4090 si
1317 4030 1517 4090 curati
1548 4031 1674 4090 sini
1711 4043 2070 4089 successores
2097 4031 2486 4110 septuaqinta
2522 4029 2778 4090 duorum

545 4142 1003 4222 discipulorum,
1031 4147 1363 4207 necessario
1391 4148 1661 4223 sequitur
1677 4160 1774 4205 eos
1799 4161 1923 4205 csse
1941 4159 2022 4205 ex
2043 4145 2396 4207 immediata
2428 4144 2664 4208 Christi
2689 4147 2779 4206 in·

545 4262 892 4337 stitutione‚·
910 4278 1007 4321 eos
1035 4277 1207 4322 suam
1230 4259 1308 4321 ab
1338 4262 1587 4340 ipsomet
1610 4258 1855 4322 Christo
1864 4260 2348 4340 jurisdictionem
2373 4260 2618 4338 haber&
2634 4277 2776 4322 nam

546 4374 625 4435 ab
654 4377 783 4454 ipso
814 4375 1154 4437 ivnmediais
1177 4375 1348 4436 electi
1393 4380 1533 4436 sunt
1569 4374 1651 4437 72
1680 4374 1990 4455 discipuli,
2033 4375 2111 4436 ab
2146 4380 2396 4457 ipsomet
2419 4379 2594 4438 missi
2635 4380 2776 4437 sune
