3146 4973
1239 263 1399 370 rans
1440 317 1672 384 ratu.
2490 304 2571 368 57

335 449 427 511 aa
458 465 609 530 opus
642 446 1072 528 ementium.
1108 444 1203 513 Ex
1251 442 1375 510 hoe
1402 448 1626 511 autem
1668 443 1972 513 Juvenini
2009 444 2574 530 argumentatione

336 561 663 647 intelligat
697 560 930 640 lector,
964 577 1086 626 eur
1116 557 1498 644 paroehistae
1540 565 1725 627 tanto
1767 559 1913 625 nisu
1955 567 2378 645 propugnent
2406 577 2575 644 proe-

336 687 594 747 tensam
628 677 801 745 illam
838 676 1277 761 parochorum
1314 696 1354 742 a
1394 679 1476 743 72
1507 675 1843 762 discipulis
1881 678 2206 762 genesim3
2235 694 2361 744 nee
2386 675 2576 744 nobis

336 793 727 877 exprobret,
760 792 941 880 qnod
981 791 1388 860 confutando
1434 801 1567 859 tam
1598 797 1830 878 aperto
1865 792 2078 859 errori
2105 792 2573 880 aliquantisper

330 912 753 977 immoremu.

419 1024 555 1093 Sed
587 1023 932 1112 numquid,
975 1028 1147 1093 inter
1168 1026 1571 1095 recentiores
1588 1024 1822 1093 saltem
1844 1023 2171 1105 doctores,
2215 1025 2430 1093 nullos
2471 1042 2572 1111 sy·

329 1139 627 1207 sternatis
650 1139 753 1205 sui
785 1145 1096 1222 patronos
1125 1139 1415 1206 habent?
1453 1140 1697 1224 Utique
1734 1136 1977 1206 habent
1991 1146 2228 1217 totum,
2273 1156 2404 1225 qua
2431 1138 2566 1207 late

330 1275 464 1341 per
500 1255 730 1323 orbem
756 1254 1053 1333 invaluit,
1083 1254 1584 1322 Jansenistieum
1611 1271 1876 1339 agmen3
1910 1253 2157 1321 habent
2174 1253 2568 1337 Sorbonam3

340 1371 593 1440 habent
618 1380 691 1439 et
719 1371 1021 1439 Sorbonae
1052 1371 1279 1450 (leons,
1308 1371 1690 1438 Geraonem.
1734 1394 1768 1432 α
1799 1371 2054 1439 Gerson
2077 1370 2190 1458 (ait
2217 1369 2573 1437 Cardinalis

340 1511 379 1551 a
418 1488 505 1555 de
544 1488 612 1554 la
633 1489 956 1566 Laome,
991 1492 1203 1553 Droits
1242 1495 1303 1551 et
1348 1491 1600 1553 Devoirs
1637 1490 1742 1551 des
1772 1474 2036 1570 Eveques
2072 1495 2132 1552 et
2162 1490 2268 1552 des
2296 1494 2562 1573 precra-5,

340 1625 378 1664 α
410 1604 648 1688 pagina
678 1604 833 1681 230,
869 1601 1032 1669 edit.
1069 1599 1309 1687 Migne)
1341 1609 1442 1669 est
1467 1602 1533 1670 le
1558 1602 1847 1688 premier
1872 1602 1986 1689 qui
2014 1602 2107 1668 ait
2139 1608 2441 1680 soutenu‚
2484 1620 2571 1668 au

331 1743 367 1781 a
402 1719 775 1805 qninzieme
803 1719 1024 1797 siecle,
1074 1738 1205 1805 que
1244 1719 1310 1785 la
1349 1720 1536 1805 place
1594 1718 1713 1787 des
1755 1718 2046 1787 soixante
2085 1725 2157 1784 et
2186 1718 2398 1786 douze
2436 1718 2569 1785 dis-

334 1860 369 1896 «
401 1835 612 1920 eiples
656 1842 758 1902 est
809 1837 1095 1918 oeeupee
1150 1852 1271 1919 par
1317 1834 1415 1901 les
1462 1834 1637 1901 senls
1688 1838 1903 1902 cures..
1956 1857 1989 1896 υ
2048 1834 2289 1918 Quanti
2344 1841 2565 1901 autem

325 1949 637 2017 facienda
688 1950 777 2016 sit
812 1949 1125 2016 Sorbonae
1168 1956 1241 2016 et
1277 1951 1587 2019 Gersonis
1637 1951 1988 2019 auotoritas
2031 1949 2139 2037 (de
2191 1949 2567 2017 Jansenistis

329 2066 509 2133 enim
556 2067 829 2153 qnaestio
872 2084 1017 2133 esse
1056 2065 1333 2153 nequit),
1376 2066 1503 2134 sub
1549 2068 1850 2154 sequenti
1881 2067 2288 2154 paragrapho
2320 2083 2566 2151 expen-

325 2182 565 2251 dimus.
2225 2229 2243 2241 ,

1352 2385 1383 2459 5
1422 2380 1534 2444 lv.

322 2573 598 2626 Auctoritas
619 2573 883 2631 doctorum,
916 2575 995 2638 qni
1020 2573 1315 2624 admiserunt
1343 2575 1652 2637 parochorum
1680 2586 1710 2622 a
1730 2575 1798 2623 72
1831 2572 2079 2638 discipulis
2113 2587 2170 2624 ex
2193 2573 2352 2625 divina
2370 2573 2562 2625 luatu-

863 2670 991 2720 tiono
1013 2668 1373 2732 derivationem,
1391 2670 1484 2720 vim
1505 2668 1736 2733 probandi
1759 2682 1851 2720 non
1878 2669 2037 2720 habet.

413 2875 728 2941 Fatemur
767 2870 853 2938 ab
896 2877 1143 2938 asserta
1183 2871 1251 2937 in
1299 2870 1746 2956 superioribus
1799 2870 2224 2957 paragraphis
2262 2868 2562 2935 doctrina

315 3005 596 3076 prorsus
619 2986 964 3054 ‹liment-ire
992 2986 1372 3066 Gersonem,
1409 2987 1866 3074 celebremque
1893 2985 2272 3065 Sorbomm,
2312 2992 2382 3052 et
2410 2985 2562 3051 insi·

312 3122 489 3189 gnes
510 3102 892 3170 Parisiensis
926 3103 1254 3169 facultatis
1277 3100 1583 3171 doctores
1612 3103 1946 3186 plurimos.
1989 3102 2105 3168 Ast
2143 3118 2302 3166 num
2325 3101 2561 3168 merito

314 3237 555 3287 eorum
607 3218 728 3286 hae
779 3220 845 3286 in
892 3238 969 3285 re
1012 3217 1375 3286 auotoritas
1416 3215 1610 3301 objici
1666 3218 1901 3297 valeat,
1949 3216 2269 3301 tantisper
2309 3234 2554 3302 expen-

311 3335 577 3402 damus.

1406 3531 1459 3594 Ι.

790 3724 932 3776 Num
966 3724 1150 3776 merito
1181 3724 1466 3790 objiciatur
1495 3723 1738 3777 Gonnum
1777 3724 2087 3775 auctoritas.

410 3929 552 3996 Non
574 3929 621 3994 ii
646 3945 892 4006 snmus,
920 3930 1033 4014 qui
1062 3928 1277 3995 virum
1305 3927 1487 3994 illum
1506 3926 1872 3998 nominibus
1887 3934 2118 4011 moysi,
2141 3931 2552 3994 doctissimae

310 4046 583 4124 piissimi
604 4057 892 4126 unquam
920 4040 1375 4126 salutabimus3
1396 4058 1592 4125 quem
1611 4041 1828 4125 potius
1852 4040 1950 4108 rei
1975 4038 2306 4108 catholiam
2330 4042 2558 4112 exitia-

315 4157 449 4222 lem
485 4156 775 4223 extitisse
812 4157 1274 4236 existimamus,
1299 4175 1450 4223 eum
1479 4156 1700 4223 multis
1735 4175 1893 4224 vere
1915 4158 2038 4242 piis
2073 4165 2144 4225 et
2176 4155 2556 4225 orthodoxis

317 4272 734 4358 auctoribus;
766 4273 940 4341 inter
964 4291 1129 4359 quos
1154 4274 1244 4339 sio
1270 4272 1472 4339 Nardi
1501 4273 1626 4360 (dei
1645 4276 1930 4355 Paret-lii,
1963 4281 2123 4340 tom.
2160 4278 2218 4353 1,
2250 4293 2318 4358 p.
2339 4272 2492 4358 289)
2530 4293 2547 4338 :

326 4411 361 4452 α
402 4390 682 4468 Germa,
720 4391 827 4457 oni
876 4408 1103 4457 verum
1150 4406 1385 4456 nomen
1428 4390 1714 4491 Joannes
1763 4388 2032 4467 CarHer,
2069 4406 2238 4454 anno
2287 4391 2448 4455 1363
2487 4388 2552 4453 in
