3146 4973
1219 408 1385 474 'rm
1431 425 1703 485 Qum-ra.
2440 387 2566 476 58‘7

336 555 522 640 cujus
549 554 814 638 patroni
841 552 1109 630 festum,
1143 553 1450 637 tanquam
1482 550 1567 617 de
1594 558 1924 635 praecepto
1950 537 2368 637 praesumitur
2393 545 2578 619 initio

332 672 460 737 rite
488 670 895 752 institutum3
938 685 1014 733 ac
1044 667 1320 752 proinde
1357 667 1570 753 quoad
1614 667 2070 752 obligationem
2113 645 2427 735 offerendi
2455 669 2579 754 'pro

333 786 599 873 popu10,
636 783 819 849 festis
840 785 1204 868 suppressis
1230 782 1785 849 annumerandum
1823 790 1945 848 est.

425 903 824 967 PROPOSITIO
856 901 957 965 Ψ.
990 935 1072 946 —-
1106 904 1369 982 Excepto
1410 921 1552 963 casu
1588 903 1845 982 leqitimi
1872 904 2305 982 impedimenti,
2345 907 2578 965 tenetur

327 1019 626 1102 parochus
655 1021 900 1079 missam
919 1019 1036 1098 pro
1067 1019 1290 1098 populo
1311 1036 1425 1098 per
1466 1022 1727 1099 seipsum
1753 1020 1999 1097 offerre;
2022 1037 2128 1080 nec
2156 1025 2350 1097 potest
2383 1015 2575 1083 altum

335 1136 726 1211 sacerdotem,
761 1137 867 1213 qui
891 1135 957 1197 id
986 1139 1254 1211 proestet,
1281 1135 1401 1194 sibi
1426 1135 1804 1196 substituere.
1835 1168 1922 1179 —
1942 1132 2074 1196 Pro
2107 1140 2288 1197 certa
2317 1135 2577 1201 omnino

335 1246 634 1314 habenda
664 1254 765 1313 est
797 1247 1125 1312 conclusio
1157 1247 1317 1324 haec,
1353 1247 1584 1330 utpote
1630 1248 1957 1313 multoties
1995 1265 2032 1311 a
2064 1247 2253 1314 Sacra
2292 1248 2576 1332 Congre-

333 1366 589 1448 gatione
631 1363 900 1429 Concilii
945 1363 1226 1428 firmata.
1266 1363 1314 1427 E
1365 1363 1600 1448 quibus
1642 1361 2189 1430 declarationibus
2236 1363 2580 1430 nonnullas

334 1479 675 1544 dumtaxat
698 1477 804 1541 hic
835 1477 1278 1563 subjiciemus,

424 1596 500 1658 In
539 1597 857 1670 Fesutana,
901 1594 986 1657 26
1009 1591 1288 1678 januarii
1319 1573 1518 1670 ¹1771,
1563 1591 1649 1657 ad
1688 1589 1888 1658 dubia
1938 1614 1953 1657 ε
2000 1596 2064 1657 1⁰
2102 1597 2196 1657 An
2221 1595 2472 1673 parochi
2513 1599 2578 1658 in

337 1711 653 1773 (lominicis
671 1711 934 1791 aliisque
963 1707 1136 1790 sestis
1183 1709 1416 1788 diebus,
1464 1716 1757 1789 praesente
1802 1705 2114 1788 cadavere,
2160 1711 2393 1790 possint
2438 1713 2586 1772 cele-

339 1831 514 1891 brare
551 1833 790 1889 missam
832 1847 948 1909 pro
993 1825 1298 1906 damnata,
1334 1834 1392 1888 et
1420 1828 1503 1888 acl
1547 1827 1740 1889 alium
1768 1828 1929 1888 diem
1970 1827 2303 1906 transfefre
2337 1833 2583 1890 missam

327 1962 447 2024 pro
480 1944 699 2022 populo
732 1939 1210 2023 applicandam?
1241 1945 1324 2005 Et
1354 1948 1646 2030 quatenns
1695 1945 1993 2022 neqative.
2035 1943 2209 2004 -20
2253 1945 2348 2004 An
2372 1943 2588 2005 saltem

339 2059 738 2138 applicatiom‘
769 2062 965 2119 missae
991 2075 1108 2138 pro
1131 2057 1353 2138 populo
1375 2057 1656 2136 supplere
1682 2061 1916 2135 possint
1938 2075 2053 2137 per
2091 2057 2283 2118 altum
2313 2059 2587 2119 sacerdo-

345 2180 462 2235 tem
486 2175 515 2235 ?
539 2171 841 2236 —Sacra
876 2171 1301 2255 Congregatio
1335 2163 1674 2253 respondit
1706 2191 1720 2235 :
1759 2173 1854 2234 Ad
1876 2177 2149 2252 primum
2170 2167 2469 2252 amative,
2507 2175 2589 2236 dd

345 2285 666 2349 'secundum
700 2292 1002 2367 neqative.

433 2403 510 2466 In
556 2420 746 2466 causa
780 2404 989 2464 Castri
1018 2401 1180 2478 Albi,
1221 2405 1599 2464 visitationis
1641 2401 1940 2480 liminum,
1983 2405 2062 2468 18
2089 2400 2230 2485 julii
2266 2401 2459 2479 1789,
2503 2399 2589 2466 a¹d

347 2514 628 2583 dubium
670 2540 687 2583 :
730 2520 824 2582 An
839 2519 1095 2601 parochi
1130 2520 1437 2581 dictarum
1474 2519 1861 2581 ecclesiarum
1908 2518 2165 2603 (nempe
2200 2514 2591 2582 cathedralis

347 2642 416 2699 et
444 2632 689 2697 Sanctae
711 2631 978 2716 Marias),
1010 2636 1384 2714 altarumque
1413 2635 1867 2714 colleqiatarum
1887 2632 2391 2697 clioecesis'Castri
2417 2634 2581 2711 Albi,

352 2756 666 2845 teneantur
690 2769 799 2830 per
846 2754 1066 2830 seipsos
1113 2752 1422 2831 applicare
1456 2748 1665 2812 diebus
1703 2748 1875 2829 sestis
1913 2752 2154 2812 missam
2193 2744 2305 2827 p'ro
2333 2742 2582 2829 populo,

351 2882 451 2926 seu
487 2870 688 2942 potius
726 2868 960 2943 possint
995 2880 1104 2943 per
1139 2863 1539 2942 beneficiatos,
1570 2865 1667 2926 vel
1708 2866 1864 2926 alios
1904 2864 2263 2943 sacerdotes,
2302 2864 2591 2943 proeclicto

350 2985 519 3043 oneri
557 2980 903 3059 satisfacere
930 2983 961 3041 ,⁹
986 3014 1073 3025 —
1107 2979 1294 3044 Sa'cra
1332 2977 1761 3062 congregatio
1786 2977 2127 3062 respoudit
2163 2998 2176 3043 ε
2216 2976 2592 3057 A‘ffirm'ative

349 3099 433 3160 'acl
461 3100 722 3176 primam
741 3102 1000 3176 partem,
1028 3102 1305 3177 neqative
1324 3098 1406 3159 ad
1425 3096 1767 3157 sementiam.

437 3210 512 3275 In
539 3210 812 3294 supplici
857 3208 1106 3287 libello,
1145 3209 1254 3275 die
1287 3212 1360 3274 14
1395 3207 1677 3294 januarii
1711 3206 1876 3275 1843
1916 3204 2100 3285 date,
2146 3225 2182 3269 a
2213 3207 2403 3271 Sacra
2434 3204 2595 3271 Coh-

351 3325 726 3409 gregatione
755 3324 840 3392 de
871 3324 1295 3409 propaganda
1334 3323 1467 3389 fide
1504 3323 1879 3408 postulabat
1918 3325 2091 3388 inter
2123 3322 2241 3387 alia
2290 3322 2590 3387 illustris-

354 3438 552 3506 simus
581 3436 1100 3524 Sylvaedncensis
1128 3439 1422 3504 vicarius
1448 3438 1876 3521 ApostolicuS‚
1910 3437 2232 3502 Hem-icus
2258 3434 2389 3501 den
2420 3435 2596 3502 Dub—

351 3552 620 3632 beid'en,
679 3552 1085 3620 Emausensis
1136 3554 1493 3636 Episcopus
1519 3601 1534 3630 ,
1591 3552 1753 3618 'solvi
1823 3556 2206 3637 sequentem
2259 3550 2597 3617 difficulta-

353 3672 491 3734 tem
533 3687 546 3730 ε

449 3806 480 3844 «
521 3785 589 3847 5⁰
605 3784 678 3847 In
697 3783 910 3865 prisco
930 3784 1250 3849 vicariatu
1265 3770 1748 3847 Buscoducehsi
1774 3782 2223 3864 praescriptum
2255 3770 2582 3858 Ecclesiae,

361 3922 392 3961 «
428 3890 512 3965 d'e
538 3897 932 3963 celebranda
962 3897 1150 3965 missa
1181 3916 1305 3980 pro
1332 3896 1639 3983 parochia
1676 3896 1909 3963 diebus
1938 3895 2272 3962 dominicis
2316 3906 2385 3963 et
2414 3894 2597 3962 festis

362 4040 394 4077 «
435 4014 756 4092 omnibuS‚
783 4012 1206 4080 laudabiliter
1236 4030 1500 4096 semper
1528 4012 1949 4079 observatum
1979 4011 2105 4077 fuit
2127 4002 2417 4090 eatenuS,
2445 4017 2596 4098 qu'a-

363 4155 395 4192 «
428 4139 623 4196 tenus
653 4131 758 4196 vel
804 4129 1133 4213 parochus
1181 4130 1347 4214 ipse,
1391 4130 1498 4194 vel
1554 4129 1675 4212 pro
1732 4134 1993 4211 pastore
2053 4117 2409 4194 sacellanus
2446 4128 2594 4214 (aii-

366 4268 398 4306 «
440 4244 700 4329 quaudo
723 4246 919 4310 etiam
951 4264 1072 4329 per
1096 4247 1295 4311 alium
1319 4240 1811 4311 sacerdotemin
1841 4222 2141 4328 parochia
2172 4242 2586 4328 morantem),

351 4362 399 4422 '«
433 4362 538 4427 cui
571 4360 993 4427 honorarium
1031 4362 1353 4446 parochus
1381 4360 1866 4447 suppeditabat,
1893 4366 2036 4428 eain
2069 4350 2583 4427 celebraverit...

368 4501 399 4539 α
435 4478 642 4559 Quam
661 4479 1050 4544 sententiam
1089 4479 1257 4544 bona
1288 4478 1421 4545 fide
1456 4477 1891 4556 sectabamur,
1930 4477 2140 4544 donec
2172 4468 2437 4543 materia
2472 4472 2592 4542 ista
