3146 4973
1205 323 1361 371 raas
1406 324 1675 385 ouran.
2426 309 2557 374 609

340 449 592 527 stoHca,
641 466 761 513 uec
819 447 1024 512 Sacrae
1076 445 1622 532 Congregationes
1699 444 2088 512 auctoritate
2139 464 2257 511 sua
2302 464 2563 513 sensum

341 563 613 648 alicujus
655 563 978 647 generalis
1026 562 1472 628 ecclesiasticae
1516 563 1681 647 legis
1708 562 2066 641 declarant,
2102 562 2279 628 nulla
2303 563 2427 628 alia
2456 570 2559 629 tu-

343 678 475 743 tior
497 685 595 743 est
624 695 815 762 quam
854 678 1209 744 communis
1242 676 1584 744 doctorum
1635 677 2113 761 interpretatio.
2150 677 2227 741 In
2260 677 2567 760 praesenti

345 799 563 857 autem
595 794 864 857 materia
908 792 1151 857 nullam
1199 793 1500 858 novimus
1534 791 1717 859 Sedis
1762 791 2165 875 Apostolicae‚
2196 798 2310 875 aut
2349 792 2569 858 Sacra-

344 926 489 972 rum
520 906 1104 989 Congregationum
1137 906 1674 984 declarationem,
1718 906 1804 971 ad
1853 906 2427 972 determinandum
2465 908 2571 971 In-

345 1023 741 1088 nocentianae
800 1021 1148 1087 decretalis
1204 1042 1464 1088 sensnm
1542 1021 1808 1088 editam.
1874 1020 2186 1087 standum
2245 1041 2401 1106 ergo
2469 1031 2570 1088 est

349 1138 559 1203 textui
617 1135 810 1221 hujus
857 1135 1238 1214 decretam,
1291 1144 1359 1201 et
1406 1138 1733 1202 communi
1788 1137 2132 1203 doctorum
2183 1139 2577 1221 interpreta-

353 1254 534 1318 tioni.

441 1371 718 1450 objicies.
761 1403 850 1414 ——
886 1367 1253 1432 Decretalis
1285 1370 1336 1431 A
1367 1370 1535 1431 nobis
1569 1369 1934 1433 Innocentii
1968 1370 2064 1433 ΠΙ
2122 1377 2427 1434 revocata
2457 1369 2583 1435 fuit

351 1505 391 1550 a
419 1485 735 1568 Gregorio
771 1485 883 1566 IX3
925 1482 1249 1563 siquidem
1282 1481 1632 1566 Gregorius
1660 1484 1751 1548 IX
1778 1483 1845 1547 in
1899 1483 2102 1550 libros
2151 1483 2582 1550 decretalium

354 1601 628 1665 inseruit
664 1606 863 1682 caput
893 1600 1291 1664 lambendum
1331 1599 1418 1683 (1,
1455 1601 1530 1662 de
1568 1601 1844 1666 Cohabit.
1884 1602 2085 1664 cleric.
2119 1607 2178 1664 et
2201 1599 2408 1684 mah),
2454 1620 2584 1686 quo

357 1716 779 1781 Nannctensis
816 1713 1105 1799 synodus
1148 1714 1301 1780 olim
1342 1714 1768 1797 prohibuerat
1788 1763 1805 1793 ‚
1850 1735 1931 1780 ne
1983 1715 2201 1781 clcrici
2253 1735 2401 1782 cum
2437 1717 2585 1782 ullis

359 1831 615 1896 omnino
665 1829 1042 1895 mulieribus
1089 1829 1192 1916 (ue
1223 1830 1515 1912 exceptis
1544 1828 1811 1914 quidem
1841 1838 2073 1909 matre,
2125 1832 2426 1910 amitam,
2471 1840 2586 1896 aut

355 1944 603 2030 sorore)
641 1945 1111 2012 cohabitarent.
1139 1947 1278 2011 Non
1310 1944 1481 2010 enim
1519 1945 1917 2023 inseruisset,
1947 1947 2067 2010 nisi
2096 1949 2381 2030 priscum
2415 1946 2588 2012 hunc

357 2060 707 2145 disciplina}
735 2062 1017 2144 rigorem
1057 2062 1368 2126 voluisset
1397 2060 1638 2124 iterum
1670 2060 1733 2124 in
1759 2058 1865 2144 jus
1902 2079 2242 2127 commune
2274 2062 2580 2128 evehere.

446 2179 806 2258 RespondeO.
859 2212 949 2224 -—-
1001 2180 1060 2239 1⁰
1099 2172 1283 2240 Idem
1323 2174 1680 2258 Gregorius
1717 2175 1802 2238 IX
1850 2175 2126 2240 inseruit
2162 2177 2358 2242 etiam
2399 2178 2588 2246 Inno-

361 2293 558 2359 centii
601 2292 698 2357 111
751 2289 1186 2370 decretalem,
1237 2309 1364 2375 qna
1415 2289 1632 2355 dictus
1687 2291 1863 2374 rigor
1912 2291 2309 2358 excluditur.
2357 2293 2581 2374 Unde,

362 2410 417 2473 si
444 2425 676 2473 revera
703 2406 908 2472 ambae
933 2405 1300 2472 decretales
1336 2406 1510 2470 inter
1545 2424 1616 2470 se
1642 2413 1960 2490 pugnent,
1995 2425 2076 2471 ex
2107 2407 2245 2474 solo
2287 2408 2464 2474 facto
2494 2411 2587 2474 in-

361 2524 660 2590 sertionis
700 2523 910 2607 colligi
951 2522 1183 2607 nequit
1236 2539 1528 2606 quasnam
1577 2522 1771 2587 alteri
1803 2523 2158 2606 praevalere
2213 2523 2473 2603 debeat,
2513 2529 2588 2590 si-

359 2640 627 2727 quidem
656 2640 857 2705 amhae
891 2641 1140 2724 pariter
1183 2639 1453 2705 fuerunt
1482 2640 1771 2705 insertae.
1824 2642 1891 2704 2⁰
1921 2640 2067 2705 Dici
2101 2647 2321 2724 potest
2358 2641 2588 2708 decre-

361 2761 561 2825 talem
609 2759 1036 2834 lambendum,
1083 2761 1313 2840 utpote
1371 2758 1833 2842 antiquiorem,
1880 2757 2191 2822 insertam
2248 2757 2588 2825 dumtaxat

364 2872 560 2939 fuisse
595 2878 904 2957 tanquam
951 2871 1325 2936 historicum
1372 2872 1651 2956 antiquae
1695 2870 2047 2956 disciplinas
2088 2870 2577 2941 documentum.

359 2992 429 3056 3⁰
465 2988 833 3055 Communis
877 2994 978 3053 est
1026 2986 1370 3052 doctorum
1416 2986 1761 3064 sententia,
1796 3005 1920 3069 per
1965 2986 2367 3054 decretalem
2398 2992 2586 3058 Inno-

361 3106 558 3173 centii
607 3104 884 3187 exprimi
923 3104 1138 3187 legem
1196 3103 1567 3187 generalem
1587 3148 1605 3179 ,
1650 3107 1721 3166 et
1764 3101 2092 3167 ordinarie
2155 3105 2576 3191 servandam;

356 3226 588 3288 atvero
644 3240 680 3286 a
741 3218 1011 3286 decreto
1074 3218 1470 3284 Nanneteusi
1529 3219 1683 3300 poni
1732 3217 1975 3300 regulae
2013 3217 2479 3299 limitationem,
2516 3224 2581 3288 in

357 3335 741 3422 specialibus
795 3332 1184 3420 quibusdam
1230 3333 1578 3398 eventibus
1632 3330 2091 3398 adhibendam.
2128 3336 2228 3399 De
2255 3353 2383 3419 qua
2411 3356 2581 3402 com-

359 3454 540 3518 muni
595 3452 939 3518 doctorum
987 3448 1526 3532 interpretatione
1590 3446 1742 3514 vide
1797 3446 2223 3513 Benedictum
2275 3452 2423 3515 XIV
2478 3453 2582 3539 (de
2679 3488 2684 3493 ·

360 3573 510 3651 Syn.
539 3570 738 3643 dioec„
780 3565 828 3630 l.
869 3567 973 3643 11,
1010 3582 1070 3630 c.
1113 3564 1177 3639 4,
1228 3583 1296 3627 n.
1342 3560 1432 3646 7),
1465 3570 1532 3628 et
1590 3566 1703 3626 Jus
1760 3564 2151 3640 Pontificium
2188 3564 2437 3631 Giraldi
2496 3568 2583 3655 (in

359 3684 464 3748 tit.
502 3686 576 3760 2,
617 3681 767 3747 libri
812 3683 849 3746 3
901 3679 1184 3757 decret„
1218 3697 1367 3762 pag.
1415 3680 1582 3755 225,
1618 3676 1779 3743 edit.
1812 3677 2031 3743 Romae
2077 3677 2296 3764 1829).
2341 3682 2411 3745 4⁰
2457 3685 2585 3750 Do·

362 3805 581 3864 ctores
615 3797 728 3881 qui
759 3802 907 3878 post
945 3794 1244 3878 Gregorii
1276 3794 1368 3859 IX
1398 3784 1925 3876 compilationem
1958 3793 2381 3878 scripserunt,
2417 3817 2584 3866 com-

357 3914 646 3984 muniter
673 3918 1031 3979 tennerunt
1059 3910 1304 3976 licitam
1346 3928 1488 3975 esse
1503 3968 1509 3979 ,
1522 3908 1776 4003 clericis
1815 3927 1965 3974 cum
2001 3917 2234 3990 matre,
2270 3915 2471 3981 amita
2514 3928 2586 3987 et

358 4049 583 4099 sorore
621 4026 1203 4109 cohabitationem3
1237 4042 1360 4090 nec
1381 4023 1739 4107 Gregorius
1766 4023 1849 4088 IX
1882 4030 1998 4089 aut
2039 4024 2367 4094 subseculi
2415 4030 2584 4099 Pon·

358 4146 572 4216 tifices
595 4146 760 4212 hanc
788 4160 1202 4210 communem
1234 4139 1599 4208 doctrinam
1621 4139 2097 4224 improbarunt.

453 4264 852 4330 Pnorosrno
891 4260 1004 4327 11⁸.
1044 4294 1136 4309 -
1167 4261 1397 4323 clerico
1428 4259 1665 4320 licitum
1703 4263 1815 4336 est,
1866 4259 2229 4339 requlariter
2267 4264 2578 4349 loquendo,

363 4370 645 4445 habitare
671 4396 808 4444 cum
834 4379 1125 4461 foeminis,
1159 4376 1277 4438 sibi
1313 4379 1382 4439 in
1407 4378 1608 4457 primo
1650 4374 1746 4437 vel
1774 4377 2027 4441 secundo
2051 4384 2593 4461 emanyuinitatis

2308 4490 2379 4551 39
