3146 4973
1247 360 1403 408 raas
1448 362 1735 422 Quam-A.
2460 341 2586 407 483

370 487 533 572 (quoe
575 483 820 568 proevia
852 483 1103 549 concilii
1152 490 1359 550 status
1407 485 1875 552 deliberatione
1921 483 2066 550 dari
2113 481 2326 567 solet),
2380 483 2595 550 deerit

368 600 694 665 saecularis
728 598 977 663 brachii
1006 599 1316 664 auxilium
1355 600 1441 666 ad
1486 600 1910 667 obtinendam
1948 600 2338 665 solutionem
2363 618 2590 664 earum

364 714 787 791 oblationum,
820 732 982 798 quas
1010 714 1366 799 Episcopus
1399 715 1749 801 exjustitia
1776 713 2124 781 solvendas
2150 713 2471 780 decrevit.

457 835 524 894 5⁰
558 830 728 895 Hinc
763 830 1064 913 Episcopi
1099 830 1317 896 Galliae
1350 851 1467 897 sua
1496 830 1584 897 de
1618 830 2052 920 oblationibus
2093 837 2358 907 statuta,
2403 847 2597 896 saecu-

363 946 484 1011 lari
529 945 836 1029 potestati
876 952 1030 1010 nota
1079 945 1350 1023 faciunt,
1403 956 1474 1012 et
1510 957 1585 1014 ut
1620 948 1704 1013 ab
1746 966 1823 1013 ea
1869 946 2317 1032 approbentur
2363 964 2598 1029 procu-

367 1067 514 1124 rant
546 1083 560 1126 ε
598 1079 728 1126 non
757 1059 934 1144 quod
962 1063 1028 1125 in
1064 1044 1393 1144 potestate
1427 1062 1722 1128 saeculari
1747 1061 1853 1147 jus
1886 1063 2089 1128 ullum
2119 1069 2471 1146 agnoscant
2509 1061 2593 1127 de

366 1175 685 1261 ejusmodi
717 1195 792 1241 re
826 1176 1247 1254 decernendi,
1294 1177 1413 1243 sed
1452 1196 1537 1244 ne
1564 1179 1725 1243 alias
1761 1185 2005 1244 statuta
2045 1198 2161 1243 sua
2193 1177 2373 1244 dicto
2406 1185 2599 1242 soecu·

367 1292 518 1356 laris
540 1291 783 1357 brachii
812 1292 1051 1357 auxilio
1083 1291 1547 1360 destituantur.

453 1409 524 1471 6⁰
557 1407 633 1471 In
663 1408 929 1490 singulis
954 1427 1113 1491 ergo
1148 1406 1536 1475 dioecesibus
1567 1410 1789 1475 Galliae
1833 1427 1926 1474 eae
1963 1407 2306 1475 censendae
2336 1416 2488 1473 sunt
2517 1428 2599 1473 ex

361 1522 608 1606 justitia
629 1520 867 1589 debitae
895 1521 1276 1601 oblationes,
1319 1542 1480 1608 quas
1515 1525 1682 1589 tales
1709 1525 2065 1607 Episcopus
2097 1522 2492 1601 decreverit,
2532 1533 2601 1588 et

367 1638 434 1700 in
475 1656 555 1702 ea
594 1638 960 1720 quantitate
991 1656 1185 1722 quam
1222 1637 1780 1705 determinaverit.
1824 1641 1956 1704 Nec
1989 1646 2306 1722 poterunt
2353 1637 2599 1721 absque

368 1750 678 1834 injustitia
704 1760 817 1818 aut
848 1754 994 1835 plus
1022 1754 1289 1838 parochi
1317 1755 1607 1837 exigere,
1635 1762 1752 1820 aut
1785 1755 1995 1819 minus
2031 1753 2408 1837 parochiani
2435 1771 2602 1835 prae-

366 1875 564 1932 stare.
582 1868 737 1948 Quoe
760 1869 1028 1952 quidem
1055 1876 1482 1955 utrorumque
1506 1870 1837 1954 obligatio,
1861 1888 1990 1933 non
2014 1888 2098 1934 ex
2128 1868 2601 1953 approbatione

363 1990 478 2048 aut
505 1985 835 2049 sanctione
873 1985 1177 2067 gubernii
1218 1986 1315 2071 (ut
1339 1984 1590 2051 dictum
1619 1983 1740 2068 est)
1773 1986 2006 2061 oritur,
2040 1982 2159 2049 sed
2197 2003 2285 2049 ex
2322 1983 2455 2048 sola
2485 1983 2602 2048 Or·

363 2097 760 2164 dinariorum
784 2101 872 2164 ita
895 2098 1395 2168 decernentium
1420 2105 1772 2182 potestate.
1811 2098 2111 2165 Deberet
2132 2117 2369 2182 nempe
2401 2114 2602 2162 saecu-

364 2213 519 2278 laris
541 2222 826 2296 potestas
846 2234 924 2280 ea
946 2216 1414 2298 Episcoporum
1439 2222 1708 2292 statuta,
1742 2234 1871 2281 non
1904 2213 2207 2300 judicare
2233 2222 2348 2279 aut
2376 2232 2602 2297 appro-

366 2327 545 2404 bare,
580 2327 700 2394 sed
724 2350 806 2394 ex
837 2331 1113 2413 simplici
1147 2309 1587 2397 notificatione
1620 2329 1868 2395 brachii
1909 2332 2009 2395 sui
2040 2330 2281 2396 auxilio
2308 2331 2597 2414 munire3

364 2452 479 2509 aut
527 2451 729 2520 certe,
768 2446 821 2510 si
859 2464 939 2511 ea
979 2446 1191 2532 minus
1224 2444 1401 2531 justa
1442 2452 1809 2529 reputaret,
1840 2443 1927 2510 ad
1962 2449 2268 2529 superius
2308 2445 2601 2512 tribunal

363 2561 872 2627 ecclesiasticum
897 2611 913 2641 ‚
957 2582 1079 2645 pro
1115 2562 1469 2630 obtinenda
1511 2561 2000 2641 moderatione,
2050 2578 2422 2627 recurrere.

1286 2830 1553 2896 CAPUT
1591 2832 1665 2895 X.

919 3065 1028 3112 sus
1061 3063 1343 3111 PARocffl
1379 3063 1604 3124 Quom
1651 3061 2040 3108 ronanam.

456 3273 570 3334 ,ins
617 3268 780 3334 illud
828 3271 952 3333 tria
1004 3267 1461 3352 complectitur
1499 3289 1512 3331 ε
1558 3269 1622 3329 1⁰
1668 3264 1773 3350 jus
1823 3263 2212 3348 sepeliendi3
2257 3265 2325 3326 2⁰
2360 3262 2465 3346 jus
2506 3265 2603 3327 in-

367 3383 780 3451 terveniendi
839 3383 1219 3467 funeribus3
1273 3386 1341 3448 3⁰
1387 3381 1496 3467 jus
1550 3378 1952 3465 percipiendi
2012 3379 2452 3444 emolumenta
2520 3400 2602 3444 ex

367 3499 709 3565 funeribus
748 3500 1215 3583 provenientia.
1255 3499 1350 3587 De
1407 3498 1504 3562 his
1550 3499 1616 3561 in
1662 3497 1901 3580 triplici
1946 3496 2245 3580 sequenti
2294 3512 2596 3578 paragra·

371 3615 520 3698 pho.
549 3616 866 3694 Quartum
903 3613 1225 3680 addemus
1256 3610 1339 3676 de
1372 3611 1566 3679 modo
1611 3630 1741 3697 quo
1789 3609 1981 3677 hodie
2029 3612 2092 3674 in
2133 3610 2340 3676 Gallia
2372 3608 2478 3694 jus
2528 3612 2600 3676 il-

367 3729 487 3795 lud
522 3731 947 3813 parochorum
975 3730 1333 3813 regulatur.

1422 3929 1561 4001 51.

924 4126 990 4171 De
1009 4124 1117 4184 jure
1140 4121 1394 4184 sepeliendi
1422 4120 1482 4169 ad
1522 4121 1752 4181 parochos
1791 4120 2068 4181 pertinente.

462 4324 859 4388 Pnorosrrto
886 4321 964 4384 1⁸.
1004 4354 1092 4366 -
1130 4318 1413 4397 Exceptis
1441 4318 1620 4377 certis
1644 4314 1899 4389 casibus,
1923 4333 1963 4374 α
1974 4317 2119 4393 Jure
2147 4314 2588 4391 determinatis,

377 4444 469 4507 ius
521 4438 847 4517 sepeliendi
886 4433 1281 4516 parochianos
1318 4434 1584 4511 pertinet
1638 4429 1721 4491 ad
1756 4426 2106 4509 par-ochum.
2150 4463 2239 4473 —-
2279 4426 2607 4491 Probatur
