3146 4973
1235 352 1394 403 rans
1436 353 1668 401 ram.
2443 340 2558 405 161

338 478 540 545 Leoni
568 480 760 563 Papae
791 478 905 559 IV,
947 484 1048 543 sat
1078 495 1307 544 recens
1332 484 1530 559 esset,
1567 494 1806 561 nempe
1832 475 1987 543 noni
2021 475 2272 562 soeculi;
2322 484 2392 544 et
2434 475 2566 545 dici

339 602 560 678 posset
589 602 748 660 tunc
792 591 1154 661 adhibitum
1205 592 1403 658 fuisse
1440 610 1684 658 novum
1727 590 1897 657 hunc
1934 590 2245 678 loquendi
2298 591 2565 660 modum

340 709 700 794 improprio
744 728 969 787 sensu,
1012 727 1135 793 per
1163 706 1648 775 similitudinem
1687 707 2035 794 quamdam
2052 756 2069 787 ,
2105 726 2184 774 eo
2222 707 2401 795 quod
2433 728 2567 776 non

340 823 822 910 praevideretur
865 825 1107 891 abusus
1123 873 1141 906 ‚
1169 824 1540 915 ‚aliquando
1589 845 1672 891 ex
1726 825 1843 893 tali
1901 824 2218 892 vocabulo
2272 826 2569 911 parochis

343 934 668 1008 attributo
699 943 1009 1008 oriturus.

431 1059 720 1135 Secundo,
758 1056 1039 1141 probant
1070 1053 1312 1122 eruditi
1337 1055 1688 1123 formulam
1714 1057 1893 1124 illam
1930 1076 2072 1125 esse
2105 1059 2321 1128 multo
2343 1079 2574 1129 recen·

342 1172 528 1238 tioris
571 1173 713 1250 aevi,
757 1179 832 1238 ut
871 1170 1101 1238 videre
1137 1180 1355 1256 potest
1398 1171 1578 1258 apud
1609 1172 1812 1239 Nardi
1841 1175 1962 1260 (dei
1995 1177 2275 1255 paroch&
2305 1184 2465 1244 tom.
2506 1182 2568 1259 1,

344 1305 491 1372 pag.
522 1285 659 1372 41)-

438 1408 662 1481 Tertio,
707 1404 797 1470 ibi
831 1420 1045 1469 sermo
1073 1402 1376 1487 dirigitur
1404 1401 1490 1469 ad
1516 1422 1745 1470 omnes
1777 1405 2246 1493 presbyteros
2226 1426 2297 1473 in
2322 1407 2574 1493 synodo

347 1518 685 1600 adunatos,
709 1539 986 1606 quorum
1007 1521 1196 1586 multi
1219 1528 1400 1587 certe
1418 1520 1688 1606 parochi
1705 1540 1837 1587 non
1863 1527 2039 1609 sunt,
2066 1523 2257 1591 Unde
2285 1543 2368 1591 ex
2390 1533 2578 1595 textu

345 1637 460 1704 illo
486 1639 597 1703 vix
625 1636 976 1724 quidquam
1013 1636 1313 1704 concludi
1350 1645 1568 1723 potest
1599 1638 1667 1702 in
1694 1639 1967 1724 gratiam
1991 1642 2363 1724 systematis
2388 1661 2580 1795 paro-

349 1752 724 1819 chistarum.
2282 1790 2287 1795 ·
2518 1788 2525 1793 ·

444 1873 511 1934 5⁰
546 1868 867 1955 Objicitur
900 1868 1180 1935 Pastoris
1214 1869 1482 1936 titulum
1522 1868 1803 1953 reperiri
1847 1888 2225 1937 concessum
2257 1879 2582 1939 monaste-

351 1987 601 2052 riorum
629 1985 972 2053 abbatibus
1009 1992 1079 2053 et
1115 1985 1477 2065 abbatissis,
1501 1984 1637 2070 jam
1666 1984 1751 2051 ab
1784 1993 2019 2053 octavo
2052 1987 2285 2053 saltem
2315 1987 2574 2068 saeculo,

352 2111 430 2169 ut
450 2110 639 2187 patet
669 2121 747 2168 ex
780 2121 1024 2170 canone
1075 2106 1112 2168 5
1164 2102 1416 2169 concilii
1452 2100 1901 2167 Calchutensis
1931 2104 2083 2167 anni
2128 2106 2281 2169 787.
2324 2104 2401 2170 ln
2432 2121 2585 2169 con·

352 2219 499 2285 cilio
538 2223 759 2285 autem
785 2218 1311 2305 Aquisgranensi‚
1356 2236 1601 2284 canone
1641 2225 1676 2282 7
1729 2215 1929 2304 (apud
1980 2217 2211 2297 Mansi,
2249 2225 2411 2285 tom.
2461 2220 2539 2283 14
2562 2267 2580 2299 ,

355 2352 502 2418 pag.
537 2336 667 2399 246
685 2382 703 2413 ,
741 2333 943 2401 editio
979 2330 1345 2419 Florentioe)
1380 2332 1707 2399 abbatissa
1746 2340 2020 2399 vocatur
2064 2338 2326 2418 pastor3
2376 2341 2447 2400 et
2481 2354 2587 2402 ca-

355 2468 526 2516 none
576 2452 652 2518 13
692 2449 944 2534 praelati
979 2450 1237 2517 nomine
1275 2447 1508 2538 eadem
1556 2447 1930 2515 decoratur.
1984 2449 2067 2514 Et
2096 2449 2165 2514 in
2193 2457 2588 2518 testamento

357 2566 792 2649 imperatricis
841 2564 1179 2650 cujusdam
1220 2565 1369 2630 anni
1403 2569 1557 2643 877,
1593 2563 1933 2630 abbatissae
1973 2566 2266 2660 regimen
2312 2574 2590 2633 vocatur

351 2685 662 2763 pastorale
703 2687 1107 2746 ministerium
1144 2680 1344 2769 (apud
1373 2679 1596 2757 Nudi,
1631 2687 1790 2746 tom.
1835 2685 1896 2758 l,
1932 2699 2082 2765 pag.
2123 2679 2256 2766 54).
2290 2681 2452 2747 Inde
2492 2684 2590 2748 in-

358 2796 521 2864 ferri
544 2817 732 2884 posse
763 2797 1030 2865 videtur
1057 2803 1335 2863 Pastoris
1363 2797 1628 2864 titulum
1654 2816 1787 2863 non
1813 2796 2016 2864 fuisse
2048 2798 2405 2884 antiquitus
2441 2799 2591 2882 Epi-

360 2914 570 2996 scopis
591 2914 952 2997 proprium.

442 3026 938 3112 Respondetur:
968 3027 1261 3109 Quonam
1286 3034 1583 3111 tempore
1611 3026 1884 3093 abbates
1911 3032 1981 3093 et
2010 3026 2347 3094 abbatissae
2379 3047 2593 3113 coepe-

355 3143 491 3208 rint
527 3161 609 3208 ex
630 3143 926 3209 Ecclesiae
953 3143 1363 3208 concessione
1388 3148 1458 3207 et
1478 3141 1733 3226 legibus
1755 3141 2090 3226 acquirere
2114 3143 2183 3206 in
2205 3145 2593 3210 monasteria

355 3279 472 3325 sua
523 3256 765 3344 aliquid
808 3256 1271 3343 jurisdictionis
1316 3256 1719 3341 episcopaliS,
1776 3276 1850 3322 ac
1897 3253 2173 3341 proinde
2224 3265 2594 3340 pastoratus

353 3381 551 3440 antea
579 3374 909 3458 Episcopis
934 3372 1262 3439 exclusive
1286 3372 1556 3457 proprii,
1590 3370 1696 3437 hic
1724 3390 1854 3436 non
1874 3371 2322 3455 expendimus.
2347 3371 2430 3438 Id
2451 3380 2596 3440 tan-

353 3496 501 3555 tum
547 3487 960 3566 adnotamuS‚
1008 3491 1244 3554 mirum
1288 3505 1419 3553 non
1465 3506 1608 3553 esse
1648 3485 1805 3570 ipsis
1859 3486 2136 3570 pastoris
2176 3486 2441 3553 titulum
2459 3535 2476 3566 ,
2528 3489 2593 3553 in

354 3604 640 3690 quodam
660 3606 962 3671 restricto
980 3612 1049 3671 et
1069 3605 1425 3690 improprio
1448 3621 1665 3680 sensu,
1689 3621 2065 3670 concessum
2087 3602 2307 3681 fuisse,
2334 3603 2596 3688 quando

355 3722 454 3788 eis
482 3722 778 3808 aliqualis
808 3719 1174 3807 jurisdictio
1205 3720 1272 3786 in
1299 3719 1443 3785 foro
1477 3726 1754 3785 externo
1792 3725 1862 3784 et
1894 3718 2253 3802 legIslativa
2277 3725 2589 3804 potestas,

356 3859 480 3905 seu
510 3836 781 3906 tandem
823 3837 1117 3924 aliqualis
1156 3843 1528 3922 pastoratus
1564 3838 1633 3902 in
1678 3834 1928 3902 subitos
1969 3854 2121 3902 suos
2162 3835 2436 3902 collatus
2467 3843 2590 3904 est.

362 3951 556 4018 Unde
576 3953 771 4019 etiam
801 3961 872 4019 et
895 3952 1200 4018 baculum
1228 3950 1554 4036 pastorale
1578 3954 2010 4034 receperunt3
2034 3950 2325 4015 velatum
2346 3957 2589 4030 tamen,

360 4076 442 4135 nt
493 4075 862 4155 pastoratus
928 4067 1407 4134 restrictionem
1458 4072 1528 4131 et
1588 4062 2192 4132 subordinationem
2243 4050 2590 4133 indicaret.

363 4185 746 4251 Pastoratus
769 4191 992 4251 autem
1015 4183 1250 4266 plenus
1269 4200 1387 4247 seu
1411 4180 1676 4267 proprie
1705 4177 1922 4247 dictus
1940 4181 2252 4249 remansit
2269 4183 2602 4267 Episcopis

366 4300 696 4384 proprius.
736 4299 980 4367 Plenus
1023 4298 1193 4363 enim
1235 4315 1365 4363 non
1406 4304 1508 4364 est
1547 4303 1950 4380 pastoratus,
2003 4297 2123 4363 nisi
2174 4298 2377 4381 possit
2419 4299 2602 4382 gregi

2322 4411 2380 4466 11
