3146 4973
1225 404 1384 460 »aas
1427 400 1657 461 rama.
2424 398 2545 467 103

1352 659 1516 736 511.

636 889 760 951 Quid
797 892 860 942 sit
889 888 1193 957 hierarchia,
1227 896 1276 942 ct
1308 898 1520 955 quasnam
1553 892 1695 943 variae
1726 892 2001 943 hierarchiae
2033 890 2230 956 speeies.

399 1118 453 1185 1.
495 1116 874 1185 Hierarchia
910 1115 1087 1185 idem
1121 1124 1309 1185 sonat
1335 1136 1412 1184 ac
1453 1130 1621 1183 sacer
1648 1122 2066 1203 principem,-
2096 1125 2165 1184 et
2192 1115 2349 1184 nihil
2375 1116 2556 1184 aliud

313 1242 413 1301 est
445 1253 644 1319 quam
681 1235 958 1319 ipsamet
1002 1234 1449 1318 superioritaS,
1492 1241 1839 1322 quatenu&
1882 1234 2080 1301 variis
2112 1231 2421 1321 gradihus
2457 1231 2556 1297 di-

313 1348 594 1415 stributa
620 1354 690 1414 et
719 1346 1039 1427 ordinata,
1075 1346 1272 1415 variis
1298 1366 1729 1434 personarum
1762 1348 2344 1417 ecclesiasticarum
2378 1345 2556 1413 ordi-

311 1464 498 1532 nibus
539 1465 879 1549 competit.

393 1576 481 1646 11.
527 1576 873 1665 multiplex
917 1578 1231 1664 distingui
1287 1584 1507 1665 potest
1550 1602 1564 1646 :
1608 1596 1842 1665 nempe
1864 1629 1880 1659 ,
1945 1584 2011 1646 1⁰
2047 1578 2264 1665 quoad
2300 1596 2555 1645 causam

309 1692 701 1761 efficientem
723 1740 741 1772 ,
789 1701 895 1760 est
938 1690 1047 1760 vel
1093 1697 1321 1760 divium
1363 1701 1773 1761 institutionis
1788 1746 1809 1776 ‚
1846 1714 1966 1762 seu
2003 1695 2087 1761 ab
2118 1696 2260 1779 ipso
2302 1694 2558 1761 Christo

307 1809 695 1892 constituta3
741 1808 849 1874 vel
885 1814 1291 1874 institucionis
1334 1808 1681 1877 dumtaxat
1719 1813 2153 1888 ecclesiasticen,
2202 1826 2321 1875 seu
2363 1826 2557 1893 quam

309 1926 436 1993 sola
462 1929 763 2009 potestas
794 1923 1252 2006 ecclesiastica,
1289 1944 1421 1992 non
1464 1932 1688 1993 autem
1716 1927 1856 2011 ipse
1892 1924 2184 1992 Christus
2215 1926 2549 2006 Dominus,

307 2039 561 2107 invexit
597 2045 668 2106 et
705 2037 1051 2106 ordinavit.

389 2156 459 2222 2⁰
492 2153 738 2238 Quoad
768 2153 1100 2240 objectum
1119 2205 1135 2235 ,
1192 2163 1296 2223 est
1339 2156 1449 2224 ‘vel
1478 2158 1736 2239 ordinis,
1774 2156 1886 2224 vel
1910 2159 2390 2240 Jurisdictionis,
2445 2157 2556 2227 vel

311 2270 548 2337 novioris
577 2290 701 2337 seu
727 2271 1259 2355 praeeminentiae.
1455 2254 1476 2271 ⁹

393 2386 760 2453 Hier-archia
776 2388 1034 2468 ordinis,
1061 2394 1164 2453 est
1184 2388 1609 2472 superloritas
1626 2404 1823 2475 quam
1844 2388 2085 2467 clerici,
2111 2388 2322 2455 altiori
2343 2388 2553 2473 gradu

310 2511 716 2572 sacramento
758 2501 1003 2571 ordinis
1049 2502 1274 2571 donati
1296 2553 1313 2584 ‚
1369 2505 1710 2590 possident
1756 2505 2032 2574 relative
2070 2504 2155 2572 ad
2206 2507 2385 2587 alioS,
2439 2509 2550 2594 qui

311 2613 522 2687 eidem
553 2625 966 2685 sacramento
997 2619 1295 2685 inferiori
1328 2617 1538 2703 gradu
1562 2620 1799 2687 initiati
1826 2628 2000 2686 sunt.
2038 2619 2156 2686 Illa
2192 2630 2413 2688 autem
2446 2640 2551 2688 or-

311 2733 470 2802 dinis
511 2733 880 2802 hierarchia
923 2737 1064 2800 tota
1117 2737 1374 2800 constat
1423 2735 1638 2800 tribus
1667 2734 1766 2801 his
1812 2734 2127 2820 gradibus
2142 2784 2157 2815 ,
2202 2740 2539 2820 Episcopis,

305 2851 672 2933 presbyteris
715 2854 787 2912 et
829 2851 1164 2925 namtas,-
1210 2854 1408 2931 atque
1463 2844 1786 2931 ejusmodi
1838 2846 2265 2914 hierarchiam
2313 2846 2547 2916 divinae

311 2963 692 3030 institutioni
728 2979 870 3028 esse
915 2958 1393 3027 adcensendam
1411 3009 1427 3039 ,
1467 2960 1705 3045 dog-ma
1740 2961 2130 3028 catholicum
2178 2967 2278 3028 est
2295 3010 2312 3041 ,
2344 2984 2382 3028 a
2411 2964 2549 3029 Tri-

311 3077 574 3146 dentina
615 3075 868 3164 synodo
898 3093 1205 3162 expresse
1241 3075 1611 3160 definitum.
1656 3075 1915 3143 Primus
1953 3085 2055 3143 est
2085 3077 2154 3143 in
2180 3077 2546 3146 hierarchia

312 3193 550 3260 ordinis
597 3192 950 3277 Episcopus
971 3239 988 3271 ,
1045 3196 1197 3277 quia
1242 3193 1509 3275 plenum
1533 3240 1550 3269 ‚
1607 3191 1767 3258 dum
1812 3201 2256 3272 consecratur,
2309 3195 2547 3279 accipit

313 3305 787 3394 sacerdotium3
822 3325 906 3376 ex
935 3327 1065 3394 quo
1091 3306 1301 3394 major
1329 3308 1457 3392 ipsi
1481 3325 1677 3393 quam
1707 3307 2113 3394 presbyteris
2142 3308 2316 3376 cedit
2344 3311 2545 3378 confi-

315 3425 698 3493 ciendorum
765 3429 1321 3491 sacramentorum
1382 3429 1719 3508 potestas3
1787 3423 2108 3509 siquidem
2169 3425 2537 3509 Episcopis‚

313 3543 630 3624 privative
659 3540 745 3606 ad
771 3541 1195 3626 presbyteros
1227 3539 1563 3625 competit,
1601 3547 1679 3605 ut
1706 3537 1863 3605 alios
1892 3537 2239 3624 Episcopos
2264 3548 2335 3606 et
2362 3559 2544 3626 pres-

314 3657 577 3743 byteros
605 3675 987 3725 consecrare
1019 3655 1309 3736 valeant,
1350 3663 1421 3724 et
1457 3658 1588 3721 sint
1614 3653 1931 3722 ordinarii
1971 3658 2358 3724 sacramenti
2387 3676 2540 3724 con-

314 3771 689 3866 firmationis
730 3771 1066 3840 ministeri.
1104 3769 1403 3838 Secundo
1440 3770 1588 3837 loco
1629 3777 1804 3837 stant
1845 3770 2223 3857 presbyteri
2239 3821 2255 3852 ,
2293 3791 2411 3840 seu
2446 3773 2545 3860 (at

316 3897 424 3951 eos
454 3893 596 3953 tota
632 3881 901 3951 traditio
937 3881 1210 3968 vocitat)
1261 3881 1533 3951 secundi
1579 3882 1824 3949 ordinis
1865 3882 2275 3969 sacerdotes3
2316 3885 2543 3970 maiori

316 4004 526 4067 tamen
569 4007 899 4084 potestate
943 3999 1012 4065 in
1056 3997 1476 4066 conficiendis
1518 3999 1937 4065 sacramentis
1979 3997 2308 4083 pollentes
2347 4013 2537 4086 quam

319 4121 610 4198 utinum,
654 4114 826 4183 idest
846 4164 862 4194 ‚
906 4131 1099 4201 quam
1135 4114 1389 4182 diaconi
1423 4119 1495 4181 et
1531 4113 1931 4181 subdiaconi.

403 4229 759 4295 Hier-archia
788 4234 1266 4315 jurisdictionis,
1319 4235 1645 4314 potestate
1682 4227 1957 4314 regendi
1984 4247 2103 4295 seu
2133 4228 2538 4313 gubernandi

321 4343 647 4428 fundatur,
707 4353 778 4411 et
825 4366 909 4411 ex
963 4347 1159 4412 variis
1205 4345 1399 4432 hujus
1453 4344 1791 4430 potestatis
1843 4343 2151 4430 gradibus
2203 4346 2530 4414 coalescit.

324 4459 573 4528 Primm
595 4463 661 4530 in
687 4461 1046 4530 hierarchia
1077 4461 1535 4548 jurisdictionis
1565 4466 1669 4529 est
1686 4462 2009 4529 Romanus
2035 4460 2361 4541 Pontifex,
2395 4463 2530 4528 sive
