<?xml version="1.0" encoding="UTF-8"?>
<!DOCTYPE html PUBLIC "-//W3C//DTD XHTML 1.0 Transitional//EN"
    "http://www.w3.org/TR/xhtml1/DTD/xhtml1-transitional.dtd">
<html xmlns="http://www.w3.org/1999/xhtml" xml:lang="en" lang="en">
 <head>
  <title>
</title>
<meta http-equiv="Content-Type" content="text/html;charset=utf-8" />
  <meta name='ocr-system' content='tesseract 3.04.00' />
  <meta name='ocr-capabilities' content='ocr_page ocr_carea ocr_par ocr_line ocrx_word'/>
</head>
<body>
  <div class='ocr_page' id='page_1' title='image "./tractatusdeparo00bouigoog_0476.png"; bbox 0 0 3146 4973; ppageno 0'>
   <div class='ocr_carea' id='block_1_1' title="bbox 588 310 2137 372">
    <p class='ocr_par' dir='ltr' id='par_1_1' title="bbox 588 310 2137 372">
     <span class='ocr_line' id='line_1_1' title="bbox 588 310 2137 372; baseline -0.002 -1"><span class='ocrx_word' id='word_1_1' title='bbox 588 310 707 372; x_wconf 77' lang='lat'><strong>⁴64</strong></span> <span class='ocrx_word' id='word_1_2' title='bbox 1255 323 1633 372; x_wconf 60' lang='lat' dir='ltr'><strong>raac‘rsrus</strong></span> <span class='ocrx_word' id='word_1_3' title='bbox 1679 325 1766 371; x_wconf 75' lang='lat' dir='ltr'><strong>na</strong></span> <span class='ocrx_word' id='word_1_4' title='bbox 1812 324 2137 372; x_wconf 63' lang='lat' dir='ltr'><strong>rmocuo.</strong></span> 
     </span>
    </p>
   </div>
   <div class='ocr_carea' id='block_1_2' title="bbox 548 445 2822 4463">
    <p class='ocr_par' dir='ltr' id='par_1_2' title="bbox 580 445 2822 1552">
     <span class='ocr_line' id='line_1_2' title="bbox 674 445 2820 532; baseline 0.003 -22"><span class='ocrx_word' id='word_1_5' title='bbox 674 447 864 522; x_wconf 85' lang='lat' dir='ltr'><strong>Hinc,</strong></span> <span class='ocrx_word' id='word_1_6' title='bbox 920 445 1359 514; x_wconf 77' lang='lat' dir='ltr'><strong>abstrahendo</strong></span> <span class='ocrx_word' id='word_1_7' title='bbox 1391 467 1427 512; x_wconf 91' lang='lat' dir='ltr'><strong>a</strong></span> <span class='ocrx_word' id='word_1_8' title='bbox 1466 447 1755 528; x_wconf 87' lang='lat' dir='ltr'><strong>casibus,</strong></span> <span class='ocrx_word' id='word_1_9' title='bbox 1787 449 1900 532; x_wconf 90' lang='lat' dir='ltr'><strong>qui</strong></span> <span class='ocrx_word' id='word_1_10' title='bbox 1944 450 2010 512; x_wconf 91' lang='lat' dir='ltr'><strong>in</strong></span> <span class='ocrx_word' id='word_1_11' title='bbox 2055 448 2412 515; x_wconf 85' lang='lat' dir='ltr'><strong>infidelium</strong></span> <span class='ocrx_word' id='word_1_12' title='bbox 2457 457 2528 515; x_wconf 90' lang='lat' dir='ltr'><strong>et</strong></span> <span class='ocrx_word' id='word_1_13' title='bbox 2562 450 2820 516; x_wconf 80' lang='lat' dir='ltr'><strong>haereti-</strong></span> 
     </span>
     <span class='ocr_line' id='line_1_3' title="bbox 585 561 2818 648; baseline 0.002 -22"><span class='ocrx_word' id='word_1_14' title='bbox 585 579 811 627; x_wconf 90' lang='lat' dir='ltr'><strong>corum</strong></span> <span class='ocrx_word' id='word_1_15' title='bbox 837 561 1210 645; x_wconf 81' lang='lat' dir='ltr'><strong>regionibus</strong></span> <span class='ocrx_word' id='word_1_16' title='bbox 1232 579 1544 627; x_wconf 90' lang='lat' dir='ltr'><strong>occurere</strong></span> <span class='ocrx_word' id='word_1_17' title='bbox 1575 568 1846 644; x_wconf 78' lang='lat' dir='ltr'><strong>possunt</strong></span> <span class='ocrx_word' id='word_1_18' title='bbox 1873 561 2083 648; x_wconf 81' lang='lat' dir='ltr'><strong>(verbi</strong></span> <span class='ocrx_word' id='word_1_19' title='bbox 2112 565 2339 648; x_wconf 84' lang='lat' dir='ltr'><strong>gratia,</strong></span> <span class='ocrx_word' id='word_1_20' title='bbox 2372 566 2426 630; x_wconf 92' lang='lat' dir='ltr'><strong>si</strong></span> <span class='ocrx_word' id='word_1_21' title='bbox 2452 564 2539 630; x_wconf 92' lang='lat' dir='ltr'><strong>ob</strong></span> <span class='ocrx_word' id='word_1_22' title='bbox 2569 574 2818 631; x_wconf 88' lang='lat' dir='ltr'><strong>metum</strong></span> 
     </span>
     <span class='ocr_line' id='line_1_4' title="bbox 583 675 2821 761; baseline 0.002 -20"><span class='ocrx_word' id='word_1_23' title='bbox 583 677 828 754; x_wconf 89' lang='lat' dir='ltr'><strong>mortis,</strong></span> <span class='ocrx_word' id='word_1_24' title='bbox 867 684 1197 761; x_wconf 81' lang='lat' dir='ltr'><strong>nequeant</strong></span> <span class='ocrx_word' id='word_1_25' title='bbox 1231 675 1464 743; x_wconf 86' lang='lat' dir='ltr'><strong>fideles</strong></span> <span class='ocrx_word' id='word_1_26' title='bbox 1500 678 1624 741; x_wconf 90' lang='lat' dir='ltr'><strong>nisi</strong></span> <span class='ocrx_word' id='word_1_27' title='bbox 1656 679 2017 756; x_wconf 81' lang='lat' dir='ltr'><strong>turmatim,</strong></span> <span class='ocrx_word' id='word_1_28' title='bbox 2053 699 2183 746; x_wconf 91' lang='lat' dir='ltr'><strong>non</strong></span> <span class='ocrx_word' id='word_1_29' title='bbox 2216 687 2440 746; x_wconf 89' lang='lat' dir='ltr'><strong>autem</strong></span> <span class='ocrx_word' id='word_1_30' title='bbox 2477 699 2707 748; x_wconf 91' lang='lat' dir='ltr'><strong>omnes</strong></span> <span class='ocrx_word' id='word_1_31' title='bbox 2742 683 2821 746; x_wconf 83' lang='lat' dir='ltr'><strong>si·</strong></span> 
     </span>
     <span class='ocr_line' id='line_1_5' title="bbox 583 790 2822 878; baseline 0.002 -21"><span class='ocrx_word' id='word_1_32' title='bbox 583 793 742 868; x_wconf 85' lang='lat' dir='ltr'><strong>mul,</strong></span> <span class='ocrx_word' id='word_1_33' title='bbox 772 810 958 858; x_wconf 91' lang='lat' dir='ltr'><strong>sacro</strong></span> <span class='ocrx_word' id='word_1_34' title='bbox 996 790 1360 874; x_wconf 89' lang='lat' dir='ltr'><strong>interesse),</strong></span> <span class='ocrx_word' id='word_1_35' title='bbox 1390 810 1511 877; x_wconf 89' lang='lat' dir='ltr'><strong>pro</strong></span> <span class='ocrx_word' id='word_1_36' title='bbox 1550 792 1787 878; x_wconf 86' lang='lat' dir='ltr'><strong>quibus</strong></span> <span class='ocrx_word' id='word_1_37' title='bbox 1823 794 2137 877; x_wconf 83' lang='lat' dir='ltr'><strong>speciales</strong></span> <span class='ocrx_word' id='word_1_38' title='bbox 2171 796 2590 863; x_wconf 85' lang='lat' dir='ltr'><strong>missionariis</strong></span> <span class='ocrx_word' id='word_1_39' title='bbox 2621 796 2822 862; x_wconf 87' lang='lat' dir='ltr'><strong>facul-</strong></span> 
     </span>
     <span class='ocr_line' id='line_1_6' title="bbox 583 906 2822 998; baseline 0.003 -25"><span class='ocrx_word' id='word_1_40' title='bbox 583 913 753 973; x_wconf 84' lang='lat' dir='ltr'><strong>tates</strong></span> <span class='ocrx_word' id='word_1_41' title='bbox 784 906 1051 973; x_wconf 86' lang='lat' dir='ltr'><strong>concedi</strong></span> <span class='ocrx_word' id='word_1_42' title='bbox 1090 908 1335 985; x_wconf 89' lang='lat' dir='ltr'><strong>solent,</strong></span> <span class='ocrx_word' id='word_1_43' title='bbox 1377 908 1553 974; x_wconf 91' lang='lat' dir='ltr'><strong>solus</strong></span> <span class='ocrx_word' id='word_1_44' title='bbox 1584 910 1914 992; x_wconf 84' lang='lat' dir='ltr'><strong>practicus</strong></span> <span class='ocrx_word' id='word_1_45' title='bbox 1950 908 2145 976; x_wconf 89' lang='lat' dir='ltr'><strong>hodie</strong></span> <span class='ocrx_word' id='word_1_46' title='bbox 2176 930 2361 977; x_wconf 88' lang='lat' dir='ltr'><strong>casus</strong></span> <span class='ocrx_word' id='word_1_47' title='bbox 2391 920 2512 991; x_wconf 87' lang='lat' dir='ltr'><strong>est,</strong></span> <span class='ocrx_word' id='word_1_48' title='bbox 2557 911 2822 998; x_wconf 88' lang='lat' dir='ltr'><strong>quando</strong></span> 
     </span>
     <span class='ocr_line' id='line_1_7' title="bbox 583 1022 2821 1107; baseline 0.002 -20"><span class='ocrx_word' id='word_1_49' title='bbox 583 1022 896 1106; x_wconf 90' lang='lat' dir='ltr'><strong>populus,</strong></span> <span class='ocrx_word' id='word_1_50' title='bbox 935 1031 1051 1088; x_wconf 90' lang='lat' dir='ltr'><strong>aut</strong></span> <span class='ocrx_word' id='word_1_51' title='bbox 1093 1024 1314 1106; x_wconf 90' lang='lat' dir='ltr'><strong>populi</strong></span> <span class='ocrx_word' id='word_1_52' title='bbox 1362 1042 1595 1107; x_wconf 85' lang='lat' dir='ltr'><strong>magna</strong></span> <span class='ocrx_word' id='word_1_53' title='bbox 1630 1042 1811 1107; x_wconf 72' lang='lat' dir='ltr'><strong>pam,</strong></span> <span class='ocrx_word' id='word_1_54' title='bbox 1848 1043 2036 1091; x_wconf 91' lang='lat' dir='ltr'><strong>sacro</strong></span> <span class='ocrx_word' id='word_1_55' title='bbox 2067 1034 2328 1092; x_wconf 84' lang='lat' dir='ltr'><strong>careret</strong></span> <span class='ocrx_word' id='word_1_56' title='bbox 2355 1026 2592 1093; x_wconf 88' lang='lat' dir='ltr'><strong>diebus</strong></span> <span class='ocrx_word' id='word_1_57' title='bbox 2624 1027 2821 1094; x_wconf 90' lang='lat' dir='ltr'><strong>domi-</strong></span> 
     </span>
     <span class='ocr_line' id='line_1_8' title="bbox 582 1137 2814 1223; baseline 0.004 -23"><span class='ocrx_word' id='word_1_58' title='bbox 582 1138 739 1202; x_wconf 90' lang='lat' dir='ltr'><strong>nicis</strong></span> <span class='ocrx_word' id='word_1_59' title='bbox 767 1146 836 1202; x_wconf 90' lang='lat' dir='ltr'><strong>et</strong></span> <span class='ocrx_word' id='word_1_60' title='bbox 865 1137 1084 1217; x_wconf 74' lang='lat' dir='ltr'><strong>festia,</strong></span> <span class='ocrx_word' id='word_1_61' title='bbox 1126 1140 1246 1204; x_wconf 88' lang='lat' dir='ltr'><strong>nisi</strong></span> <span class='ocrx_word' id='word_1_62' title='bbox 1290 1139 1579 1223; x_wconf 86' lang='lat' dir='ltr'><strong>parocho</strong></span> <span class='ocrx_word' id='word_1_63' title='bbox 1625 1139 1854 1207; x_wconf 88' lang='lat' dir='ltr'><strong>liceret</strong></span> <span class='ocrx_word' id='word_1_64' title='bbox 1888 1140 1989 1208; x_wconf 87' lang='lat' dir='ltr'><strong>bis</strong></span> <span class='ocrx_word' id='word_1_65' title='bbox 2023 1142 2258 1209; x_wconf 89' lang='lat' dir='ltr'><strong>eodem</strong></span> <span class='ocrx_word' id='word_1_66' title='bbox 2310 1142 2416 1210; x_wconf 87' lang='lat' dir='ltr'><strong>die</strong></span> <span class='ocrx_word' id='word_1_67' title='bbox 2455 1143 2814 1210; x_wconf 89' lang='lat' dir='ltr'><strong>celebrare.</strong></span> 
     </span>
     <span class='ocr_line' id='line_1_9' title="bbox 583 1254 2820 1343; baseline 0.003 -25"><span class='ocrx_word' id='word_1_68' title='bbox 583 1254 682 1318; x_wconf 91' lang='lat' dir='ltr'><strong>De</strong></span> <span class='ocrx_word' id='word_1_69' title='bbox 714 1273 845 1339; x_wconf 92' lang='lat' dir='ltr'><strong>quo</strong></span> <span class='ocrx_word' id='word_1_70' title='bbox 871 1273 1019 1320; x_wconf 89' lang='lat' dir='ltr'><strong>casu</strong></span> <span class='ocrx_word' id='word_1_71' title='bbox 1053 1257 1380 1339; x_wconf 81' lang='lat' dir='ltr'><strong>praecipue</strong></span> <span class='ocrx_word' id='word_1_72' title='bbox 1413 1256 1600 1322; x_wconf 89' lang='lat' dir='ltr'><strong>uobis</strong></span> <span class='ocrx_word' id='word_1_73' title='bbox 1637 1256 1741 1321; x_wconf 91' lang='lat' dir='ltr'><strong>hic</strong></span> <span class='ocrx_word' id='word_1_74' title='bbox 1779 1255 2264 1324; x_wconf 88' lang='lat' dir='ltr'><strong>disserendum.</strong></span> <span class='ocrx_word' id='word_1_75' title='bbox 2289 1259 2571 1343; x_wconf 84' lang='lat' dir='ltr'><strong>Agemus</strong></span> <span class='ocrx_word' id='word_1_76' title='bbox 2600 1268 2820 1326; x_wconf 88' lang='lat' dir='ltr'><strong>autem</strong></span> 
     </span>
     <span class='ocr_line' id='line_1_10' title="bbox 580 1368 2822 1457; baseline 0.001 -22"><span class='ocrx_word' id='word_1_77' title='bbox 580 1370 790 1451; x_wconf 88' lang='lat' dir='ltr'><strong>primo</strong></span> <span class='ocrx_word' id='word_1_78' title='bbox 817 1368 903 1437; x_wconf 89' lang='lat' dir='ltr'><strong>de</strong></span> <span class='ocrx_word' id='word_1_79' title='bbox 930 1372 1273 1437; x_wconf 83' lang='lat' dir='ltr'><strong>iteratione</strong></span> <span class='ocrx_word' id='word_1_80' title='bbox 1303 1370 1508 1436; x_wconf 89' lang='lat' dir='ltr'><strong>divini</strong></span> <span class='ocrx_word' id='word_1_81' title='bbox 1534 1371 1836 1438; x_wconf 87' lang='lat' dir='ltr'><strong>sacrificii</strong></span> <span class='ocrx_word' id='word_1_82' title='bbox 1862 1374 1926 1437; x_wconf 91' lang='lat' dir='ltr'><strong>in</strong></span> <span class='ocrx_word' id='word_1_83' title='bbox 1956 1372 2212 1439; x_wconf 89' lang='lat' dir='ltr'><strong>duabus</strong></span> <span class='ocrx_word' id='word_1_84' title='bbox 2238 1374 2549 1457; x_wconf 84' lang='lat' dir='ltr'><strong>ecclesiis3</strong></span> <span class='ocrx_word' id='word_1_85' title='bbox 2582 1380 2728 1440; x_wconf 89' lang='lat' dir='ltr'><strong>tum</strong></span> <span class='ocrx_word' id='word_1_86' title='bbox 2753 1383 2822 1439; x_wconf 90' lang='lat' dir='ltr'><strong>et</strong></span> 
     </span>
     <span class='ocr_line' id='line_1_11' title="bbox 581 1486 1250 1552; baseline 0.004 -4"><span class='ocrx_word' id='word_1_87' title='bbox 581 1487 644 1548; x_wconf 89' lang='lat' dir='ltr'><strong>in</strong></span> <span class='ocrx_word' id='word_1_88' title='bbox 685 1486 916 1552; x_wconf 90' lang='lat' dir='ltr'><strong>eadem</strong></span> <span class='ocrx_word' id='word_1_89' title='bbox 954 1488 1250 1552; x_wconf 89' lang='lat' dir='ltr'><strong>ecclesia.</strong></span> 
     </span>
    </p>

    <p class='ocr_par' dir='ltr' id='par_1_3' title="bbox 548 1603 2822 4463">
     <span class='ocr_line' id='line_1_12' title="bbox 670 1603 2822 1685; baseline 0.002 -19"><span class='ocrx_word' id='word_1_90' title='bbox 670 1603 1068 1668; x_wconf 70' lang='lat' dir='ltr'><strong>Pnoposrno</strong></span> <span class='ocrx_word' id='word_1_91' title='bbox 1114 1603 1249 1666; x_wconf 65' lang='grc' dir='ltr'><strong>ΙΨ.</strong></span> <span class='ocrx_word' id='word_1_92' title='bbox 1303 1639 1391 1649; x_wconf 91' lang='grc'><strong>-</strong></span> <span class='ocrx_word' id='word_1_93' title='bbox 1438 1607 1536 1667; x_wconf 82' lang='lat' dir='ltr'><strong>Ad</strong></span> <span class='ocrx_word' id='word_1_94' title='bbox 1585 1605 1692 1666; x_wconf 79' lang='lat' dir='ltr'><strong>hoc</strong></span> <span class='ocrx_word' id='word_1_95' title='bbox 1737 1613 1804 1667; x_wconf 74' lang='lat' dir='ltr'><strong>ut</strong></span> <span class='ocrx_word' id='word_1_96' title='bbox 1842 1606 2138 1685; x_wconf 78' lang='lat' dir='ltr'><strong>parochus</strong></span> <span class='ocrx_word' id='word_1_97' title='bbox 2175 1611 2242 1668; x_wconf 75' lang='lat' dir='ltr'><strong>in</strong></span> <span class='ocrx_word' id='word_1_98' title='bbox 2283 1609 2518 1670; x_wconf 79' lang='lat' dir='ltr'><strong>duabus</strong></span> <span class='ocrx_word' id='word_1_99' title='bbox 2561 1608 2822 1670; x_wconf 74' lang='lat' dir='ltr'><strong>ecclesiis</strong></span> 
     </span>
     <span class='ocr_line' id='line_1_13' title="bbox 580 1721 2821 1803; baseline 0.002 -22"><span class='ocrx_word' id='word_1_100' title='bbox 580 1721 780 1782; x_wconf 80' lang='lat' dir='ltr'><strong>eodem</strong></span> <span class='ocrx_word' id='word_1_101' title='bbox 816 1721 915 1781; x_wconf 81' lang='lat' dir='ltr'><strong>die</strong></span> <span class='ocrx_word' id='word_1_102' title='bbox 946 1721 1113 1781; x_wconf 81' lang='lat' dir='ltr'><strong>licite</strong></span> <span class='ocrx_word' id='word_1_103' title='bbox 1146 1722 1442 1781; x_wconf 83' lang='lat' dir='ltr'><strong>celebrare</strong></span> <span class='ocrx_word' id='word_1_104' title='bbox 1465 1727 1683 1801; x_wconf 73' lang='lat' dir='ltr'><strong>possit,</strong></span> <span class='ocrx_word' id='word_1_105' title='bbox 1711 1726 1864 1784; x_wconf 77' lang='lat' dir='ltr'><strong>satis</strong></span> <span class='ocrx_word' id='word_1_106' title='bbox 1900 1729 1990 1784; x_wconf 81' lang='lat' dir='ltr'><strong>est</strong></span> <span class='ocrx_word' id='word_1_107' title='bbox 2034 1724 2191 1801; x_wconf 77' lang='lat' dir='ltr'><strong>quod</strong></span> <span class='ocrx_word' id='word_1_108' title='bbox 2217 1724 2490 1803; x_wconf 74' lang='lat' dir='ltr'><strong>alioquin</strong></span> <span class='ocrx_word' id='word_1_109' title='bbox 2527 1725 2821 1785; x_wconf 78' lang='lat' dir='ltr'><strong>alteruter</strong></span> 
     </span>
     <span class='ocr_line' id='line_1_14' title="bbox 581 1836 2819 1915; baseline 0.002 -20"><span class='ocrx_word' id='word_1_110' title='bbox 581 1853 660 1895; x_wconf 73' lang='lat' dir='ltr'><strong>ex</strong></span> <span class='ocrx_word' id='word_1_111' title='bbox 699 1836 927 1896; x_wconf 76' lang='lat' dir='ltr'><strong>duobus</strong></span> <span class='ocrx_word' id='word_1_112' title='bbox 965 1836 1203 1897; x_wconf 78' lang='lat' dir='ltr'><strong>dissitis</strong></span> <span class='ocrx_word' id='word_1_113' title='bbox 1248 1836 1487 1915; x_wconf 74' lang='lat' dir='ltr'><strong>populis</strong></span> <span class='ocrx_word' id='word_1_114' title='bbox 1539 1840 1727 1897; x_wconf 74' lang='lat' dir='ltr'><strong>missa</strong></span> <span class='ocrx_word' id='word_1_115' title='bbox 1773 1855 1975 1898; x_wconf 81' lang='lat' dir='ltr'><strong>carere</strong></span> <span class='ocrx_word' id='word_1_116' title='bbox 2010 1838 2219 1899; x_wconf 80' lang='lat' dir='ltr'><strong>debeat</strong></span> <span class='ocrx_word' id='word_1_117' title='bbox 2254 1840 2354 1901; x_wconf 78' lang='lat' dir='ltr'><strong>die</strong></span> <span class='ocrx_word' id='word_1_118' title='bbox 2387 1840 2685 1901; x_wconf 76' lang='lat' dir='ltr'><strong>dominico</strong></span> <span class='ocrx_word' id='word_1_119' title='bbox 2711 1847 2819 1900; x_wconf 72' lang='lat' dir='ltr'><strong>aut</strong></span> 
     </span>
     <span class='ocr_line' id='line_1_15' title="bbox 580 1948 2820 2028; baseline 0.002 -17"><span class='ocrx_word' id='word_1_120' title='bbox 580 1951 757 2028; x_wconf 74' lang='lat' dir='ltr'><strong>sesto.</strong></span> <span class='ocrx_word' id='word_1_121' title='bbox 785 1985 873 1997; x_wconf 90' lang='lat'><strong>—</strong></span> <span class='ocrx_word' id='word_1_122' title='bbox 898 1949 1030 2014; x_wconf 88' lang='lat' dir='ltr'><strong>Pro</strong></span> <span class='ocrx_word' id='word_1_123' title='bbox 1059 1957 1240 2015; x_wconf 85' lang='lat' dir='ltr'><strong>certa</strong></span> <span class='ocrx_word' id='word_1_124' title='bbox 1271 1949 1706 2015; x_wconf 90' lang='lat' dir='ltr'><strong>communiter</strong></span> <span class='ocrx_word' id='word_1_125' title='bbox 1733 1967 1772 2013; x_wconf 91' lang='lat' dir='ltr'><strong>a</strong></span> <span class='ocrx_word' id='word_1_126' title='bbox 1801 1948 2180 2015; x_wconf 90' lang='lat' dir='ltr'><strong>doctoribus</strong></span> <span class='ocrx_word' id='word_1_127' title='bbox 2214 1950 2440 2017; x_wconf 90' lang='lat' dir='ltr'><strong>haberi</strong></span> <span class='ocrx_word' id='word_1_128' title='bbox 2471 1951 2634 2016; x_wconf 89' lang='lat' dir='ltr'><strong>hanc</strong></span> <span class='ocrx_word' id='word_1_129' title='bbox 2665 1969 2820 2018; x_wconf 87' lang='lat' dir='ltr'><strong>con-</strong></span> 
     </span>
     <span class='ocr_line' id='line_1_16' title="bbox 583 2063 2820 2151; baseline 0.002 -24"><span class='ocrx_word' id='word_1_130' title='bbox 583 2064 960 2142; x_wconf 88' lang='lat' dir='ltr'><strong>clusionem,</strong></span> <span class='ocrx_word' id='word_1_131' title='bbox 989 2067 1083 2131; x_wconf 90' lang='lat' dir='ltr'><strong>sic</strong></span> <span class='ocrx_word' id='word_1_132' title='bbox 1106 2064 1380 2130; x_wconf 89' lang='lat' dir='ltr'><strong>adnotat</strong></span> <span class='ocrx_word' id='word_1_133' title='bbox 1407 2063 1767 2129; x_wconf 84' lang='lat' dir='ltr'><strong>Cardinalis</strong></span> <span class='ocrx_word' id='word_1_134' title='bbox 1788 2063 2049 2143; x_wconf 86' lang='lat' dir='ltr'><strong>Zelada,</strong></span> <span class='ocrx_word' id='word_1_135' title='bbox 2077 2067 2145 2130; x_wconf 93' lang='lat' dir='ltr'><strong>in</strong></span> <span class='ocrx_word' id='word_1_136' title='bbox 2167 2086 2366 2151; x_wconf 89' lang='lat' dir='ltr'><strong>supra</strong></span> <span class='ocrx_word' id='word_1_137' title='bbox 2398 2069 2598 2134; x_wconf 90' lang='lat' dir='ltr'><strong>citato</strong></span> <span class='ocrx_word' id='word_1_138' title='bbox 2622 2068 2820 2150; x_wconf 89' lang='lat' dir='ltr'><strong>ipsius</strong></span> 
     </span>
     <span class='ocr_line' id='line_1_17' title="bbox 583 2180 2812 2264; baseline 0.001 -18"><span class='ocrx_word' id='word_1_139' title='bbox 583 2189 760 2258; x_wconf 79' lang='lat' dir='ltr'><strong>voto,</strong></span> <span class='ocrx_word' id='word_1_140' title='bbox 800 2202 863 2245; x_wconf 90' lang='lat' dir='ltr'><strong>n.</strong></span> <span class='ocrx_word' id='word_1_141' title='bbox 906 2185 981 2248; x_wconf 87' lang='lat'><strong>13</strong></span> <span class='ocrx_word' id='word_1_142' title='bbox 1025 2204 1038 2246; x_wconf 90' lang='lat'>:</span> <span class='ocrx_word' id='word_1_143' title='bbox 1081 2205 1112 2240; x_wconf 91' lang='lat'>«</span> <span class='ocrx_word' id='word_1_144' title='bbox 1150 2181 1523 2245; x_wconf 90' lang='lat' dir='ltr'><strong>Communis</strong></span> <span class='ocrx_word' id='word_1_145' title='bbox 1545 2180 2002 2264; x_wconf 83' lang='lat' dir='ltr'><strong>theologorum</strong></span> <span class='ocrx_word' id='word_1_146' title='bbox 2025 2184 2313 2248; x_wconf 89' lang='lat' dir='ltr'><strong>omnium</strong></span> <span class='ocrx_word' id='word_1_147' title='bbox 2341 2183 2661 2250; x_wconf 89' lang='lat' dir='ltr'><strong>sententia</strong></span> <span class='ocrx_word' id='word_1_148' title='bbox 2689 2192 2812 2260; x_wconf 85' lang='lat' dir='ltr'><strong>est,</strong></span> 
     </span>
     <span class='ocr_line' id='line_1_18' title="bbox 587 2294 2809 2383; baseline -0.001 -20"><span class='ocrx_word' id='word_1_149' title='bbox 587 2323 618 2355; x_wconf 77' lang='grc' dir='ltr'><em>α</em></span> <span class='ocrx_word' id='word_1_150' title='bbox 654 2314 935 2381; x_wconf 92' lang='lat' dir='ltr'><strong>quorum</strong></span> <span class='ocrx_word' id='word_1_151' title='bbox 960 2295 1182 2380; x_wconf 88' lang='lat' dir='ltr'><strong>plures</strong></span> <span class='ocrx_word' id='word_1_152' title='bbox 1205 2303 1507 2362; x_wconf 85' lang='lat' dir='ltr'><strong>recenset</strong></span> <span class='ocrx_word' id='word_1_153' title='bbox 1532 2294 1932 2361; x_wconf 87' lang='lat' dir='ltr'><strong>Benedictus</strong></span> <span class='ocrx_word' id='word_1_154' title='bbox 1950 2297 2094 2361; x_wconf 81' lang='lat' dir='ltr'><strong>xlv</strong></span> <span class='ocrx_word' id='word_1_155' title='bbox 2119 2297 2214 2383; x_wconf 79' lang='lat' dir='ltr'><strong>(de</strong></span> <span class='ocrx_word' id='word_1_156' title='bbox 2246 2300 2561 2376; x_wconf 52' lang='lat' dir='ltr'><strong>Sacrificio</strong></span> <span class='ocrx_word' id='word_1_157' title='bbox 2586 2303 2809 2378; x_wconf 75' lang='lat' dir='ltr'><strong>missoe,</strong></span> 
     </span>
     <span class='ocr_line' id='line_1_19' title="bbox 587 2408 2818 2497; baseline 0.003 -27"><span class='ocrx_word' id='word_1_158' title='bbox 587 2437 617 2472; x_wconf 84' lang='lat'>«</span> <span class='ocrx_word' id='word_1_159' title='bbox 654 2413 700 2477; x_wconf 92' lang='grc' dir='ltr'><strong>Ι.</strong></span> <span class='ocrx_word' id='word_1_160' title='bbox 731 2415 797 2491; x_wconf 84' lang='grc'><strong>3,</strong></span> <span class='ocrx_word' id='word_1_161' title='bbox 831 2432 891 2479; x_wconf 88' lang='lat' dir='ltr'><strong>c.</strong></span> <span class='ocrx_word' id='word_1_162' title='bbox 930 2415 992 2490; x_wconf 82' lang='lat'><strong>5,</strong></span> <span class='ocrx_word' id='word_1_163' title='bbox 1029 2431 1094 2476; x_wconf 90' lang='lat' dir='ltr'><strong>n.</strong></span> <span class='ocrx_word' id='word_1_164' title='bbox 1146 2414 1207 2495; x_wconf 84' lang='lat'><strong>¹3</strong></span> <span class='ocrx_word' id='word_1_165' title='bbox 1251 2418 1322 2475; x_wconf 88' lang='lat' dir='ltr'><strong>et</strong></span> <span class='ocrx_word' id='word_1_166' title='bbox 1349 2411 1416 2473; x_wconf 89' lang='lat' dir='ltr'><strong>in</strong></span> <span class='ocrx_word' id='word_1_167' title='bbox 1444 2409 1721 2493; x_wconf 89' lang='lat' dir='ltr'><strong>epistola</strong></span> <span class='ocrx_word' id='word_1_168' title='bbox 1753 2408 1839 2475; x_wconf 89' lang='lat' dir='ltr'><strong>ad</strong></span> <span class='ocrx_word' id='word_1_169' title='bbox 1870 2411 2221 2478; x_wconf 81' lang='lat' dir='ltr'><strong>oscensem</strong></span> <span class='ocrx_word' id='word_1_170' title='bbox 2255 2410 2673 2497; x_wconf 90' lang='lat' dir='ltr'><strong>Episcopum)</strong></span> <span class='ocrx_word' id='word_1_171' title='bbox 2709 2432 2818 2477; x_wconf 89' lang='lat' dir='ltr'><strong>ne·</strong></span> 
     </span>
     <span class='ocr_line' id='line_1_20' title="bbox 585 2526 2812 2614; baseline 0.001 -23"><span class='ocrx_word' id='word_1_172' title='bbox 585 2556 616 2591; x_wconf 87' lang='lat'>«</span> <span class='ocrx_word' id='word_1_173' title='bbox 656 2532 970 2596; x_wconf 83' lang='lat' dir='ltr'><strong>cessitatis</strong></span> <span class='ocrx_word' id='word_1_174' title='bbox 1024 2547 1242 2595; x_wconf 89' lang='lat' dir='ltr'><strong>casum</strong></span> <span class='ocrx_word' id='word_1_175' title='bbox 1260 2577 1276 2605; x_wconf 94' lang='lat'><strong>,</strong></span> <span class='ocrx_word' id='word_1_176' title='bbox 1327 2526 1413 2592; x_wconf 88' lang='lat' dir='ltr'><strong>ad</strong></span> <span class='ocrx_word' id='word_1_177' title='bbox 1461 2527 1843 2593; x_wconf 85' lang='lat' dir='ltr'><strong>sacrificium</strong></span> <span class='ocrx_word' id='word_1_178' title='bbox 1891 2528 2125 2596; x_wconf 89' lang='lat' dir='ltr'><strong>eodem</strong></span> <span class='ocrx_word' id='word_1_179' title='bbox 2180 2528 2287 2595; x_wconf 89' lang='lat' dir='ltr'><strong>die</strong></span> <span class='ocrx_word' id='word_1_180' title='bbox 2340 2530 2772 2614; x_wconf 89' lang='lat' dir='ltr'><strong>repetendum</strong></span> <span class='ocrx_word' id='word_1_181' title='bbox 2795 2578 2812 2607; x_wconf 93' lang='lat'><strong>,</strong></span> 
     </span>
     <span class='ocr_line' id='line_1_21' title="bbox 585 2641 2811 2729; baseline 0.002 -24"><span class='ocrx_word' id='word_1_182' title='bbox 585 2671 617 2707; x_wconf 87' lang='lat'>«</span> <span class='ocrx_word' id='word_1_183' title='bbox 656 2664 804 2712; x_wconf 90' lang='lat' dir='ltr'><strong>eum</strong></span> <span class='ocrx_word' id='word_1_184' title='bbox 853 2645 1252 2729; x_wconf 89' lang='lat' dir='ltr'><strong>potissimum</strong></span> <span class='ocrx_word' id='word_1_185' title='bbox 1290 2661 1456 2719; x_wconf 91' lang='lat' dir='ltr'><strong>esse,</strong></span> <span class='ocrx_word' id='word_1_186' title='bbox 1495 2661 1644 2707; x_wconf 88' lang='lat' dir='ltr'><strong>cum</strong></span> <span class='ocrx_word' id='word_1_187' title='bbox 1677 2641 1841 2708; x_wconf 90' lang='lat' dir='ltr'><strong>duas</strong></span> <span class='ocrx_word' id='word_1_188' title='bbox 1870 2642 2219 2728; x_wconf 79' lang='lat' dir='ltr'><strong>presbyter</strong></span> <span class='ocrx_word' id='word_1_189' title='bbox 2248 2646 2563 2727; x_wconf 83' lang='lat' dir='ltr'><strong>paroecias</strong></span> <span class='ocrx_word' id='word_1_190' title='bbox 2594 2644 2811 2721; x_wconf 88' lang='lat' dir='ltr'><strong>habet,</strong></span> 
     </span>
     <span class='ocr_line' id='line_1_22' title="bbox 586 2757 2816 2843; baseline 0.002 -22"><span class='ocrx_word' id='word_1_191' title='bbox 586 2787 617 2821; x_wconf 73' lang='grc' dir='ltr'><strong>ιι</strong></span> <span class='ocrx_word' id='word_1_192' title='bbox 654 2763 707 2826; x_wconf 88' lang='lat' dir='ltr'><strong>si</strong></span> <span class='ocrx_word' id='word_1_193' title='bbox 742 2763 807 2826; x_wconf 89' lang='lat' dir='ltr'><strong>in</strong></span> <span class='ocrx_word' id='word_1_194' title='bbox 843 2760 1230 2826; x_wconf 86' lang='lat' dir='ltr'><strong>alterutram</strong></span> <span class='ocrx_word' id='word_1_195' title='bbox 1261 2757 1633 2841; x_wconf 85' lang='lat' dir='ltr'><strong>parochiam</strong></span> <span class='ocrx_word' id='word_1_196' title='bbox 1673 2767 1954 2843; x_wconf 88' lang='lat' dir='ltr'><strong>nequeat</strong></span> <span class='ocrx_word' id='word_1_197' title='bbox 1987 2759 2266 2843; x_wconf 90' lang='lat' dir='ltr'><strong>populus</strong></span> <span class='ocrx_word' id='word_1_198' title='bbox 2297 2762 2665 2837; x_wconf 82' lang='lat' dir='ltr'><strong>convenire,</strong></span> <span class='ocrx_word' id='word_1_199' title='bbox 2693 2780 2816 2825; x_wconf 89' lang='lat' dir='ltr'><strong>nec</strong></span> 
     </span>
     <span class='ocr_line' id='line_1_23' title="bbox 585 2873 2820 2960; baseline 0.002 -25"><span class='ocrx_word' id='word_1_200' title='bbox 585 2902 615 2935; x_wconf 86' lang='lat'><strong><em>«</em></strong></span> <span class='ocrx_word' id='word_1_201' title='bbox 653 2876 812 2942; x_wconf 90' lang='lat' dir='ltr'><strong>alius</strong></span> <span class='ocrx_word' id='word_1_202' title='bbox 838 2883 1074 2960; x_wconf 83' lang='lat' dir='ltr'><strong>praesto</strong></span> <span class='ocrx_word' id='word_1_203' title='bbox 1106 2875 1189 2939; x_wconf 87' lang='lat' dir='ltr'><strong>sit</strong></span> <span class='ocrx_word' id='word_1_204' title='bbox 1219 2873 1527 2940; x_wconf 88' lang='lat' dir='ltr'><strong>sacerdos</strong></span> <span class='ocrx_word' id='word_1_205' title='bbox 1555 2881 1798 2955; x_wconf 74' lang='lat' dir='ltr'><strong>praeter</strong></span> <span class='ocrx_word' id='word_1_206' title='bbox 1832 2873 2209 2958; x_wconf 83' lang='lat' dir='ltr'><strong>parochum,</strong></span> <span class='ocrx_word' id='word_1_207' title='bbox 2239 2873 2354 2959; x_wconf 89' lang='lat' dir='ltr'><strong>qui</strong></span> <span class='ocrx_word' id='word_1_208' title='bbox 2383 2876 2638 2940; x_wconf 87' lang='lat' dir='ltr'><strong>missam</strong></span> <span class='ocrx_word' id='word_1_209' title='bbox 2671 2894 2820 2959; x_wconf 53' lang='lat' dir='ltr'><strong>po&amp;</strong></span> 
     </span>
     <span class='ocr_line' id='line_1_24' title="bbox 586 2988 2816 3075; baseline 0.001 -22"><span class='ocrx_word' id='word_1_210' title='bbox 586 3017 618 3053; x_wconf 75' lang='grc' dir='ltr'>α</span> <span class='ocrx_word' id='word_1_211' title='bbox 655 2994 738 3057; x_wconf 91' lang='lat' dir='ltr'><strong>sit</strong></span> <span class='ocrx_word' id='word_1_212' title='bbox 770 2990 1185 3057; x_wconf 80' lang='lat' dir='ltr'><strong>celebrare.»</strong></span> <span class='ocrx_word' id='word_1_213' title='bbox 1216 2988 1413 3055; x_wconf 82' lang='lat' dir='ltr'><strong>Addit</strong></span> <span class='ocrx_word' id='word_1_214' title='bbox 1445 2997 1665 3054; x_wconf 90' lang='lat' dir='ltr'><strong>autem</strong></span> <span class='ocrx_word' id='word_1_215' title='bbox 1705 2989 1941 3054; x_wconf 89' lang='lat' dir='ltr'><strong>citatus</strong></span> <span class='ocrx_word' id='word_1_216' title='bbox 1974 2997 2205 3055; x_wconf 87' lang='lat' dir='ltr'><strong>auctor</strong></span> <span class='ocrx_word' id='word_1_217' title='bbox 2234 2989 2411 3056; x_wconf 90' lang='lat' dir='ltr'><strong>idem</strong></span> <span class='ocrx_word' id='word_1_218' title='bbox 2452 2989 2816 3075; x_wconf 89' lang='lat' dir='ltr'><strong>procedere</strong></span> 
     </span>
     <span class='ocr_line' id='line_1_25' title="bbox 580 3101 2818 3190; baseline -0.001 -19"><span class='ocrx_word' id='word_1_219' title='bbox 580 3105 841 3190; x_wconf 89' lang='lat' dir='ltr'><strong>quando</strong></span> <span class='ocrx_word' id='word_1_220' title='bbox 868 3104 1209 3189; x_wconf 87' lang='lat' dir='ltr'><strong>parochus,</strong></span> <span class='ocrx_word' id='word_1_221' title='bbox 1231 3105 1352 3169; x_wconf 85' lang='lat' dir='ltr'><strong>etsi</strong></span> <span class='ocrx_word' id='word_1_222' title='bbox 1382 3122 1513 3169; x_wconf 89' lang='lat' dir='ltr'><strong>non</strong></span> <span class='ocrx_word' id='word_1_223' title='bbox 1540 3107 1697 3167; x_wconf 78' lang='lat' dir='ltr'><strong>duas</strong></span> <span class='ocrx_word' id='word_1_224' title='bbox 1716 3107 2037 3185; x_wconf 66' lang='lat' dir='ltr'><strong>parmenas,</strong></span> <span class='ocrx_word' id='word_1_225' title='bbox 2068 3101 2234 3169; x_wconf 90' lang='lat' dir='ltr'><strong>duos</strong></span> <span class='ocrx_word' id='word_1_226' title='bbox 2270 3111 2488 3170; x_wconf 81' lang='lat' dir='ltr'><strong>tamen</strong></span> <span class='ocrx_word' id='word_1_227' title='bbox 2520 3104 2718 3170; x_wconf 89' lang='lat' dir='ltr'><strong>habet</strong></span> <span class='ocrx_word' id='word_1_228' title='bbox 2751 3105 2818 3168; x_wconf 88' lang='lat' dir='ltr'><strong>in</strong></span> 
     </span>
     <span class='ocr_line' id='line_1_26' title="bbox 581 3215 2821 3304; baseline 0 -19"><span class='ocrx_word' id='word_1_229' title='bbox 581 3240 697 3286; x_wconf 90' lang='lat' dir='ltr'><strong>sua</strong></span> <span class='ocrx_word' id='word_1_230' title='bbox 726 3219 1024 3304; x_wconf 88' lang='lat' dir='ltr'><strong>parochia</strong></span> <span class='ocrx_word' id='word_1_231' title='bbox 1053 3219 1348 3304; x_wconf 77' lang='lat' dir='ltr'><strong>popuIOS,</strong></span> <span class='ocrx_word' id='word_1_232' title='bbox 1370 3216 1680 3302; x_wconf 81' lang='lat' dir='ltr'><strong>praedicto</strong></span> <span class='ocrx_word' id='word_1_233' title='bbox 1708 3215 1905 3282; x_wconf 89' lang='lat' dir='ltr'><strong>modo</strong></span> <span class='ocrx_word' id='word_1_234' title='bbox 1938 3215 2274 3283; x_wconf 86' lang='lat' dir='ltr'><strong>distantes.</strong></span> <span class='ocrx_word' id='word_1_235' title='bbox 2311 3218 2520 3303; x_wconf 84' lang='lat' dir='ltr'><strong>Atque</strong></span> <span class='ocrx_word' id='word_1_236' title='bbox 2558 3218 2644 3285; x_wconf 89' lang='lat' dir='ltr'><strong>ad</strong></span> <span class='ocrx_word' id='word_1_237' title='bbox 2670 3237 2821 3284; x_wconf 85' lang='lat' dir='ltr'><strong>cou-</strong></span> 
     </span>
     <span class='ocr_line' id='line_1_27' title="bbox 579 3332 2820 3417; baseline -0 -16"><span class='ocrx_word' id='word_1_238' title='bbox 579 3335 959 3402; x_wconf 66' lang='lat' dir='ltr'><strong>firmwdam</strong></span> <span class='ocrx_word' id='word_1_239' title='bbox 998 3353 1408 3402; x_wconf 88' lang='lat' dir='ltr'><strong>communem</strong></span> <span class='ocrx_word' id='word_1_240' title='bbox 1436 3335 1504 3398; x_wconf 90' lang='lat' dir='ltr'><strong>in</strong></span> <span class='ocrx_word' id='word_1_241' title='bbox 1535 3333 1657 3399; x_wconf 88' lang='lat' dir='ltr'><strong>hac</strong></span> <span class='ocrx_word' id='word_1_242' title='bbox 1687 3352 1762 3399; x_wconf 89' lang='lat' dir='ltr'><strong>re</strong></span> <span class='ocrx_word' id='word_1_243' title='bbox 1795 3332 2248 3417; x_wconf 84' lang='lat' dir='ltr'><strong>theologorum</strong></span> <span class='ocrx_word' id='word_1_244' title='bbox 2281 3336 2691 3412; x_wconf 88' lang='lat' dir='ltr'><strong>sententiam,</strong></span> <span class='ocrx_word' id='word_1_245' title='bbox 2723 3337 2820 3400; x_wconf 88' lang='lat' dir='ltr'><strong>in·</strong></span> 
     </span>
     <span class='ocr_line' id='line_1_28' title="bbox 578 3448 2818 3535; baseline 0 -18"><span class='ocrx_word' id='word_1_246' title='bbox 578 3461 685 3519; x_wconf 90' lang='lat' dir='ltr'><strong>ter</strong></span> <span class='ocrx_word' id='word_1_247' title='bbox 712 3456 886 3519; x_wconf 78' lang='lat' dir='ltr'><strong>varia</strong></span> <span class='ocrx_word' id='word_1_248' title='bbox 912 3452 1301 3519; x_wconf 88' lang='lat' dir='ltr'><strong>documenta</strong></span> <span class='ocrx_word' id='word_1_249' title='bbox 1331 3448 1605 3516; x_wconf 87' lang='lat' dir='ltr'><strong>adducit</strong></span> <span class='ocrx_word' id='word_1_250' title='bbox 1650 3467 1932 3534; x_wconf 87' lang='lat' dir='ltr'><strong>sequens</strong></span> <span class='ocrx_word' id='word_1_251' title='bbox 1963 3449 2278 3535; x_wconf 76' lang='lat' dir='ltr'><strong>synodale</strong></span> <span class='ocrx_word' id='word_1_252' title='bbox 2315 3457 2633 3518; x_wconf 89' lang='lat' dir='ltr'><strong>statutum</strong></span> <span class='ocrx_word' id='word_1_253' title='bbox 2669 3471 2818 3517; x_wconf 87' lang='lat' dir='ltr'><strong>san-</strong></span> 
     </span>
     <span class='ocr_line' id='line_1_29' title="bbox 580 3567 2815 3651; baseline 0 -16"><span class='ocrx_word' id='word_1_254' title='bbox 580 3572 668 3636; x_wconf 89' lang='lat' dir='ltr'><strong>cti</strong></span> <span class='ocrx_word' id='word_1_255' title='bbox 702 3570 1015 3648; x_wconf 87' lang='lat' dir='ltr'><strong>Turribii,</strong></span> <span class='ocrx_word' id='word_1_256' title='bbox 1061 3570 1309 3634; x_wconf 86' lang='lat' dir='ltr'><strong>Limani</strong></span> <span class='ocrx_word' id='word_1_257' title='bbox 1343 3567 1827 3651; x_wconf 82' lang='lat' dir='ltr'><strong>Archiepiscopi</strong></span> <span class='ocrx_word' id='word_1_258' title='bbox 1861 3591 1875 3633; x_wconf 92' lang='lat'>:</span> <span class='ocrx_word' id='word_1_259' title='bbox 1924 3592 1955 3628; x_wconf 75' lang='grc' dir='ltr'>α</span> <span class='ocrx_word' id='word_1_260' title='bbox 1992 3569 2321 3649; x_wconf 89' lang='lat' dir='ltr'><strong>Quantum</strong></span> <span class='ocrx_word' id='word_1_261' title='bbox 2360 3570 2703 3647; x_wconf 86' lang='lat' dir='ltr'><strong>convenit,</strong></span> <span class='ocrx_word' id='word_1_262' title='bbox 2747 3579 2815 3635; x_wconf 89' lang='lat' dir='ltr'><strong>et</strong></span> 
     </span>
     <span class='ocr_line' id='line_1_30' title="bbox 584 3682 2809 3768; baseline 0.002 -23"><span class='ocrx_word' id='word_1_263' title='bbox 584 3710 615 3745; x_wconf 74' lang='grc' dir='ltr'><em>α</em></span> <span class='ocrx_word' id='word_1_264' title='bbox 652 3703 772 3767; x_wconf 90' lang='lat' dir='ltr'><strong>per</strong></span> <span class='ocrx_word' id='word_1_265' title='bbox 800 3685 1015 3751; x_wconf 90' lang='lat' dir='ltr'><strong>locum</strong></span> <span class='ocrx_word' id='word_1_266' title='bbox 1040 3682 1206 3768; x_wconf 85' lang='lat' dir='ltr'><strong>juris</strong></span> <span class='ocrx_word' id='word_1_267' title='bbox 1231 3702 1594 3767; x_wconf 78' lang='lat' dir='ltr'><strong>possumuS,</strong></span> <span class='ocrx_word' id='word_1_268' title='bbox 1626 3682 1953 3748; x_wconf 86' lang='lat' dir='ltr'><strong>licentiam</strong></span> <span class='ocrx_word' id='word_1_269' title='bbox 1985 3682 2403 3749; x_wconf 88' lang='lat' dir='ltr'><strong>concedimus</strong></span> <span class='ocrx_word' id='word_1_270' title='bbox 2430 3685 2809 3751; x_wconf 81' lang='lat' dir='ltr'><strong>omnibus...</strong></span> 
     </span>
     <span class='ocr_line' id='line_1_31' title="bbox 584 3797 2817 3885; baseline 0.002 -23"><span class='ocrx_word' id='word_1_271' title='bbox 584 3828 613 3862; x_wconf 65' lang='lat' dir='ltr'><strong>a</strong></span> <span class='ocrx_word' id='word_1_272' title='bbox 654 3800 951 3885; x_wconf 89' lang='lat' dir='ltr'><strong>parochis</strong></span> <span class='ocrx_word' id='word_1_273' title='bbox 1002 3800 1204 3866; x_wconf 87' lang='lat' dir='ltr'><strong>nostri</strong></span> <span class='ocrx_word' id='word_1_274' title='bbox 1249 3797 1632 3876; x_wconf 78' lang='lat' dir='ltr'><strong>destrictuS‚</strong></span> <span class='ocrx_word' id='word_1_275' title='bbox 1677 3807 1756 3864; x_wconf 92' lang='lat' dir='ltr'><strong>ut</strong></span> <span class='ocrx_word' id='word_1_276' title='bbox 1801 3798 2033 3865; x_wconf 89' lang='lat' dir='ltr'><strong>diebus</strong></span> <span class='ocrx_word' id='word_1_277' title='bbox 2077 3798 2416 3866; x_wconf 89' lang='lat' dir='ltr'><strong>dominicis</strong></span> <span class='ocrx_word' id='word_1_278' title='bbox 2454 3807 2525 3865; x_wconf 90' lang='lat' dir='ltr'><strong>et</strong></span> <span class='ocrx_word' id='word_1_279' title='bbox 2569 3802 2817 3867; x_wconf 81' lang='lat' dir='ltr'><strong>festivis</strong></span> 
     </span>
     <span class='ocr_line' id='line_1_32' title="bbox 583 3913 2814 4003; baseline 0.001 -24"><span class='ocrx_word' id='word_1_280' title='bbox 583 3944 613 3979; x_wconf 88' lang='lat'>«</span> <span class='ocrx_word' id='word_1_281' title='bbox 649 3938 733 3985; x_wconf 84' lang='lat' dir='ltr'><strong>ex</strong></span> <span class='ocrx_word' id='word_1_282' title='bbox 785 3922 1115 4003; x_wconf 82' lang='lat' dir='ltr'><strong>praecepto</strong></span> <span class='ocrx_word' id='word_1_283' title='bbox 1158 3913 1531 3993; x_wconf 82' lang='lat' dir='ltr'><strong>servandis,</strong></span> <span class='ocrx_word' id='word_1_284' title='bbox 1575 3915 1826 3999; x_wconf 89' lang='lat' dir='ltr'><strong>possint</strong></span> <span class='ocrx_word' id='word_1_285' title='bbox 1869 3913 2207 3981; x_wconf 86' lang='lat' dir='ltr'><strong>celebrare</strong></span> <span class='ocrx_word' id='word_1_286' title='bbox 2261 3915 2426 3983; x_wconf 88' lang='lat' dir='ltr'><strong>duas</strong></span> <span class='ocrx_word' id='word_1_287' title='bbox 2474 3920 2700 3982; x_wconf 89' lang='lat' dir='ltr'><strong>missas</strong></span> <span class='ocrx_word' id='word_1_288' title='bbox 2748 3919 2814 3981; x_wconf 90' lang='lat' dir='ltr'><strong>in</strong></span> 
     </span>
     <span class='ocr_line' id='line_1_33' title="bbox 583 4028 2816 4116; baseline 0.001 -23"><span class='ocrx_word' id='word_1_289' title='bbox 583 4059 614 4093; x_wconf 75' lang='grc' dir='ltr'><strong><em>α</em></strong></span> <span class='ocrx_word' id='word_1_290' title='bbox 651 4033 907 4099; x_wconf 89' lang='lat' dir='ltr'><strong>duabus</strong></span> <span class='ocrx_word' id='word_1_291' title='bbox 927 4033 1219 4100; x_wconf 89' lang='lat' dir='ltr'><strong>ecclesiis</strong></span> <span class='ocrx_word' id='word_1_292' title='bbox 1241 4040 1373 4097; x_wconf 90' lang='lat' dir='ltr'><strong>tam</strong></span> <span class='ocrx_word' id='word_1_293' title='bbox 1401 4033 1576 4095; x_wconf 88' lang='lat' dir='ltr'><strong>inter</strong></span> <span class='ocrx_word' id='word_1_294' title='bbox 1597 4050 1666 4095; x_wconf 88' lang='lat' dir='ltr'><strong>se</strong></span> <span class='ocrx_word' id='word_1_295' title='bbox 1687 4028 2100 4107; x_wconf 88' lang='lat' dir='ltr'><strong>distantibus,</strong></span> <span class='ocrx_word' id='word_1_296' title='bbox 2133 4038 2208 4097; x_wconf 90' lang='lat' dir='ltr'><strong>ut</strong></span> <span class='ocrx_word' id='word_1_297' title='bbox 2234 4032 2348 4116; x_wconf 91' lang='lat' dir='ltr'><strong>qui</strong></span> <span class='ocrx_word' id='word_1_298' title='bbox 2371 4032 2435 4096; x_wconf 88' lang='lat' dir='ltr'><strong>in</strong></span> <span class='ocrx_word' id='word_1_299' title='bbox 2457 4031 2605 4097; x_wconf 91' lang='lat' dir='ltr'><strong>loco</strong></span> <span class='ocrx_word' id='word_1_300' title='bbox 2627 4035 2816 4097; x_wconf 85' lang='lat' dir='ltr'><strong>unius</strong></span> 
     </span>
     <span class='ocr_line' id='line_1_34' title="bbox 548 4143 2814 4229; baseline 0.001 -22"><span class='ocrx_word' id='word_1_301' title='bbox 548 4175 613 4209; x_wconf 75' lang='grc' dir='ltr'><strong>,α</strong></span> <span class='ocrx_word' id='word_1_302' title='bbox 653 4149 945 4215; x_wconf 83' lang='lat' dir='ltr'><strong>ecclesiae</strong></span> <span class='ocrx_word' id='word_1_303' title='bbox 984 4149 1320 4223; x_wconf 87' lang='lat' dir='ltr'><strong>assistunt,</strong></span> <span class='ocrx_word' id='word_1_304' title='bbox 1360 4164 1489 4211; x_wconf 91' lang='lat' dir='ltr'><strong>non</strong></span> <span class='ocrx_word' id='word_1_305' title='bbox 1529 4144 1775 4229; x_wconf 86' lang='lat' dir='ltr'><strong>possint</strong></span> <span class='ocrx_word' id='word_1_306' title='bbox 1819 4143 2160 4210; x_wconf 91' lang='lat' dir='ltr'><strong>commode</strong></span> <span class='ocrx_word' id='word_1_307' title='bbox 2207 4145 2525 4212; x_wconf 85' lang='lat' dir='ltr'><strong>accedere</strong></span> <span class='ocrx_word' id='word_1_308' title='bbox 2574 4144 2660 4212; x_wconf 87' lang='lat' dir='ltr'><strong>ad</strong></span> <span class='ocrx_word' id='word_1_309' title='bbox 2702 4164 2814 4210; x_wconf 88' lang='lat' dir='ltr'><strong>au-</strong></span> 
     </span>
     <span class='ocr_line' id='line_1_35' title="bbox 578 4259 2811 4331; baseline -0 -3"><span class='ocrx_word' id='word_1_310' title='bbox 578 4291 613 4328; x_wconf 79' lang='lat'>«</span> <span class='ocrx_word' id='word_1_311' title='bbox 653 4262 959 4331; x_wconf 86' lang='lat' dir='ltr'><strong>diendam</strong></span> <span class='ocrx_word' id='word_1_312' title='bbox 1017 4263 1272 4327; x_wconf 88' lang='lat' dir='ltr'><strong>missam</strong></span> <span class='ocrx_word' id='word_1_313' title='bbox 1323 4262 1387 4326; x_wconf 91' lang='lat' dir='ltr'><strong>in</strong></span> <span class='ocrx_word' id='word_1_314' title='bbox 1439 4260 1668 4326; x_wconf 88' lang='lat' dir='ltr'><strong>altera.</strong></span> <span class='ocrx_word' id='word_1_315' title='bbox 1727 4260 1887 4325; x_wconf 89' lang='lat' dir='ltr'><strong>Cum</strong></span> <span class='ocrx_word' id='word_1_316' title='bbox 1943 4268 2165 4326; x_wconf 84' lang='lat' dir='ltr'><strong>autem</strong></span> <span class='ocrx_word' id='word_1_317' title='bbox 2221 4259 2569 4327; x_wconf 85' lang='lat' dir='ltr'><strong>habuerint</strong></span> <span class='ocrx_word' id='word_1_318' title='bbox 2619 4262 2811 4327; x_wconf 90' lang='lat' dir='ltr'><strong>alium</strong></span> 
     </span>
     <span class='ocr_line' id='line_1_36' title="bbox 583 4375 2815 4463; baseline 0 -19"><span class='ocrx_word' id='word_1_319' title='bbox 583 4407 615 4444; x_wconf 76' lang='grc' dir='ltr'><strong>α</strong></span> <span class='ocrx_word' id='word_1_320' title='bbox 652 4380 1092 4455; x_wconf 88' lang='lat' dir='ltr'><strong>sacerdotem,</strong></span> <span class='ocrx_word' id='word_1_321' title='bbox 1146 4378 1260 4463; x_wconf 90' lang='lat' dir='ltr'><strong>qui</strong></span> <span class='ocrx_word' id='word_1_322' title='bbox 1299 4380 1498 4461; x_wconf 89' lang='lat' dir='ltr'><strong>possit</strong></span> <span class='ocrx_word' id='word_1_323' title='bbox 1551 4375 1889 4441; x_wconf 86' lang='lat' dir='ltr'><strong>celebrare</strong></span> <span class='ocrx_word' id='word_1_324' title='bbox 1936 4378 2002 4440; x_wconf 92' lang='lat' dir='ltr'><strong>in</strong></span> <span class='ocrx_word' id='word_1_325' title='bbox 2059 4376 2266 4444; x_wconf 88' lang='lat' dir='ltr'><strong>altera</strong></span> <span class='ocrx_word' id='word_1_326' title='bbox 2320 4376 2646 4444; x_wconf 86' lang='lat' dir='ltr'><strong>dictarum</strong></span> <span class='ocrx_word' id='word_1_327' title='bbox 2711 4397 2815 4444; x_wconf 89' lang='lat' dir='ltr'><strong>ec-</strong></span> 
     </span>
    </p>
   </div>
  </div>
 </body>
</html>
