3146 4973
524 338 609 400 86
1197 351 1571 398 TnAcrA‘rus
1620 351 1707 396 nu
1752 348 2078 397 nanneno,

528 496 561 534 «
599 473 967 543 Alexander
991 475 1046 539 V
1075 474 1397 540 sententia
1430 473 1783 558 apostolica
1802 471 1947 539 iilos
1972 470 2380 555 profligabat,
2415 477 2752 555 repertum

530 612 562 651 α
598 590 828 656 fuisset
858 588 1204 655 fanaticum
1231 596 1301 655 et
1326 596 1771 655 transversum
1801 595 2021 672 caput,
2056 588 2307 655 Gerson
2335 606 2594 671 nempe,
2641 589 2754 672 qui

527 728 562 767 α
585 711 826 788 primus
850 708 1126 770 divinam
1147 707 1544 787 parochorum
1586 709 2027 769 institutionem
2056 702 2372 769 frenetice
2401 699 2491 788 (1)
2524 704 2591 768 in
2620 720 2757 770 me-

528 844 563 882 «
594 820 776 887 dium
808 819 1102 898 adduxit,
1135 839 1497 906 eorumque
1528 842 1566 886 a
1598 825 1679 887 72
1707 819 2043 905 discipulis
2065 819 2577 903 derivationem3
2619 818 2759 904 qui-

532 959 565 997 «
597 954 726 1021 qne
761 955 876 1002 eos
908 943 978 1002 et
1020 938 1353 1015 Praelatos‚
1406 944 1475 1003 et
1512 944 1657 1003 tum
1696 936 2028 1021 dignitatis
2056 943 2198 1001 tum
2226 934 2488 1001 honoris
2509 934 2759 1001 hierar-

530 1075 563 1113 «
598 1050 752 1116 chas
786 1051 1159 1136 affirmavit3
1211 1054 1433 1138 eisque
1475 1060 1700 1120 votum
1734 1054 1803 1118 in
1833 1052 2121 1119 conciliis
2148 1051 2456 1135 asseruit3
2500 1070 2758 1117 necnon

530 1193 563 1229 «
598 1170 1056 1235 attributiones
1089 1168 1460 1235 immediate
1493 1190 1531 1234 a
1568 1170 1822 1235 Christo
1849 1174 2172 1252 acceptaS,
2213 1167 2277 1230 vi
2309 1167 2556 1233 scilicet
2586 1166 2760 1249 ipso·

530 1310 563 1347 ιι
601 1304 748 1351 rum
792 1291 1001 1349 status
1042 1292 1114 1349 et
1156 1283 1323 1367 Juris
1365 1288 1674 1349 ordinarii
1722 1284 1876 1367 ipsis
1910 1288 2380 1367 competentes,
2428 1298 2576 1347 cum
2621 1281 2762 1364 ipsa

531 1424 563 1462 «
597 1401 794 1465 etiam
835 1406 1159 1484 potestate
1197 1404 1512 1482 purqandi
1564 1402 1960 1464 illuminandi
2001 1407 2060 1462 et
2089 1398 2474 1481 perficiendi.
2511 1398 2762 1463 Inscius

531 1540 563 1577 «
596 1516 999 1600 antiquitatis
1033 1517 1305 1592 Gerson,
1347 1523 1545 1601 atque
1586 1517 1653 1580 in
1679 1536 1758 1581 ea
1794 1513 2185 1582 eruditionis
2220 1514 2551 1598 provincia
2580 1532 2760 1599 pror—

530 1655 562 1692 «
595 1650 708 1696 sus
736 1632 994 1715 hospeS,
1033 1638 1107 1696 ut
1136 1651 1219 1697 ex
1246 1631 1447 1714 ipsius
1491 1631 1801 1715 operibus
1835 1631 2203 1714 plenissime
2230 1636 2437 1714 patet.
2470 1628 2586 1694 Ast
2614 1630 2763 1697 Sor·

532 1769 565 1807 α
599 1746 785 1812 bonae
814 1746 1274 1811 cancellarium
1295 1747 1553 1830 agebat,
1588 1747 1840 1813 caeteris
1871 1745 2229 1812 sorbonicis
2247 1743 2438 1811 facile
2465 1743 2756 1811 doctior:

533 1887 564 1923 α
601 1861 749 1926 binc
786 1861 1142 1928 Sorbonam
1170 1880 1294 1946 pro
1327 1862 1598 1929 arbitrio
1631 1859 1965 1945 vertebat3
2006 1863 2095 1927 ita
2123 1866 2199 1926 ut
2237 1880 2612 1946 synonyma}
2642 1880 2749 1927 res

532 2001 564 2037 α
599 1976 884 2043 sorbonn
914 1982 981 2041 et
1015 1978 1288 2043 Gerson.
1321 1975 1521 2062 Cujus
1558 1977 2026 2054 aberrationeS‚
2062 1976 2147 2043 ab
2176 1975 2428 2042 infenso
2455 1975 2656 2060 ipsius
2689 1977 2757 2040 in

532 2117 565 2154 α
598 2094 890 2160 Summos
922 2092 1273 2159 Pontifices
1320 2093 1533 2159 animo
1585 2111 1718 2158 non
1758 2092 2086 2161 immerito
2118 2091 2337 2159 forsan
2373 2090 2753 2176 repetendae

533 2233 566 2271 «ε
603 2209 972 2276 videantur.
1022 2233 1055 2272 υ

617 2325 952 2408 Perpetuo
998 2322 1233 2390 dehinc
1284 2323 1516 2391 iisdem
1571 2324 1907 2391 erroribus
1945 2323 2235 2390 Sorbona
2285 2322 2643 2406 personuit.
2683 2326 2758 2389 ln

529 2458 682 2505 eum
728 2457 963 2523 nempe
1006 2441 1338 2507 tramitem
1390 2461 1427 2506 a
1470 2440 1759 2507 Gersone
1800 2438 2100 2518 inducta,
2158 2437 2384 2524 jurans
2440 2440 2507 2505 in
2556 2439 2758 2506 verba

530 2556 838 2638 magistri,
882 2554 1167 2621 fidenter
1197 2556 1619 2640 procedebat.
1669 2558 2059 2623 Damnatum
2093 2555 2175 2622 ab
2209 2574 2286 2621 ea
2317 2563 2623 2641 tanquam
2653 2575 2761 2623 er-

532 2689 827 2748 roneum,
861 2678 1219 2753 potestatem
1232 2676 1690 2754 jurisdictionis
1720 2680 2067 2737 curatorum
2106 2692 2226 2736 non
2265 2693 2389 2737 esse
2418 2676 2761 2737 immediate

529 2807 570 2848 a
601 2789 843 2852 Christo
870 2796 1161 2868 quantum
1191 2791 1275 2852 ad
1306 2794 1747 2853 institutionem
1769 2795 2159 2871 primariam,
2179 2786 2333 2855 vide
2363 2787 2543 2872 apud
2568 2790 2604 2854 J
2610 2807 2763 2854 uve-

533 2903 754 2967 ninum
786 2903 882 2987 (de
909 2908 1338 2981 sacramentis,
1377 2902 1639 2969 dissert.
1665 2909 1730 2984 9,
1759 2910 1988 2990 qnaest.
2019 2907 2084 2980 3,
2123 2911 2250 2970 art.
2288 2902 2380 2988 3).
2419 2904 2759 2971 Rationem

533 3025 752 3082 autem
791 3017 976 3083 addit
1021 3019 1299 3084 facultas
1336 3041 1350 3084 ε
1393 3018 1463 3085 id
1513 3039 1754 3103 nempe
1784 3021 2181 3087 contrarium
2216 3038 2356 3086 esse
2381 3023 2637 3085 decretis
2667 3042 2761 3084 sa·

530 3152 647 3195 croe
693 3137 1010 3211 facultatis
1047 3154 1067 3197 .·
1115 3134 1185 3201 id
1223 3142 1348 3215 est,
1399 3133 1772 3215 damnabat,
1823 3138 1975 3222 quia
2019 3135 2464 3204 damnaverat.
2499 3135 2628 3201 Sed
2674 3134 2759 3200 ad

533 3239 768 3313 seriem
796 3256 1138 3316 auctorum
1174 3250 1285 3336 qui
1309 3251 1375 3315 in
1412 3251 1887 3334 propugnando
1917 3252 2321 3336 parochismo
2353 3252 2476 3319 sibi
2510 3271 2760 3320 succes-

532 3368 760 3428 serunt
791 3363 1156 3431 redeamus.

620 3480 1161 3547 Extollendorum
1211 3482 1643 3566 parochorum
1706 3484 1844 3549 zelo
1891 3482 2159 3548 emicuit
2202 3484 2482 3552 Jacobus
2530 3484 2762 3552 Almai-

533 3613 656 3658 nus
684 3594 1088 3674 Senonensis,
1126 3597 1235 3681 qui
1273 3598 1521 3663 electus
1552 3618 1589 3662 a
1622 3596 1955 3665 Ludovico
1986 3600 2130 3676 XII,
2166 3607 2234 3664 et
2264 3600 2535 3683 pecunia
2567 3599 2652 3665 ad
2690 3600 2758 3666 id

534 3718 833 3795 accepta,
891 3719 1116 3778 contra
1156 3712 1405 3780 Julium
1450 3714 1516 3779 11
1564 3715 1807 3798 Papam
1861 3714 2180 3780 calamum
2237 3717 2516 3781 exacuit.
2582 3716 2762 3783 Obiit

534 3846 700 3893 anno
755 3831 944 3892 1535.
982 3828 1139 3914 Ejus
1177 3850 1331 3896 vero
1361 3833 1601 3915 scripta
1632 3851 1670 3896 a
1698 3828 1866 3897 Sede
1896 3830 2266 3916 Apostolica
2324 3831 2755 3899 condemnata

533 3950 705 4007 sunt.
765 3944 1202 4012 Vehementer
1255 3948 1450 4012 etiam
1490 3946 1966 4031 parocbismum
2010 3950 2445 4032 propugnavit
2479 3950 2761 4018 Joannes

535 4057 758 4143 Major,
792 4058 1024 4128 doctor
1053 4067 1123 4126 et
1151 4065 1290 4145 ipse
1336 4063 1734 4130 sorbonicus,

602 4311 675 4374 (i)
710 4311 757 4361 Is
794 4320 866 4361 est
891 4325 982 4362 non
1023 4326 1174 4375 meus,
1210 4313 1294 4364 scd
1322 4313 1483 4375 Nardi,
1522 4328 1660 4378 quein
1688 4315 1735 4363 in
1773 4314 1968 4366 latinum
2005 4324 2153 4377 verto,
2185 4316 2333 4379 stylus
2361 4330 2372 4365 :
2405 4330 2463 4367 an
2493 4317 2598 4382 plus
2628 4333 2759 4382 aequo

535 4419 689 4469 asper,
715 4407 913 4456 aliorum
935 4406 1162 4468 iudicium
1188 4408 1267 4456 sit.
