3146 4973
590 328 623 390 4
641 330 659 390 1
679 331 719 392 8
1264 344 1639 393 mern-us
1691 345 1778 393 ne
1823 343 2151 392 ranocuo.

584 469 755 545 tate,
790 463 862 532 id
897 464 1278 550 contingere
1310 483 1518 552 posse.
1559 466 1793 549 Quoad
1827 468 2177 551 Episcopos
2218 481 2377 533 vero
2414 481 2600 534 casus
2627 485 2818 534 revo-

586 582 856 647 cationis
886 601 969 648 ex
992 581 1142 648 odio
1179 582 1320 648 fere
1350 582 1711 649 chimericis
1742 580 2189 649 accensendus
2222 581 2520 649 videtur.

670 695 996 766 Probatur
1024 703 1093 764 2⁰
1121 701 1370 766 ratione
1385 752 1400 767 .
1447 739 1538 751 -
1577 703 1737 767 Nam
1776 702 2107 767 revocatio
2137 717 2281 785 quae
2313 701 2549 767 merito
2573 715 2822 785 praesu-

584 816 782 882 mitur
810 833 892 881 ex
927 813 1082 881 odio
1116 815 1290 881 facta
1311 863 1326 893 ‚
1363 815 1744 883 scandalum
1781 833 1863 881 ex
1897 815 2020 882 hoc
2049 816 2194 899 ipso
2225 816 2570 883 excitaret.
2608 816 2819 882 Porro

575 938 843 997 tenetur
886 932 1184 1015 superior
1206 980 1222 1009 ‚
1280 930 1367 997 ad
1413 929 1763 998 vitandum
1812 931 2185 998 scandalum
2205 980 2221 1009 ,
2267 932 2388 998 sibi
2431 932 2590 997 alias
2641 930 2818 998 licita

573 1048 900 1114 omittere.
942 1046 1130 1113 Unde
1168 1045 1275 1131 jus
1305 1047 1662 1114 revocandi
1699 1049 1837 1113 sine
1870 1066 2066 1113 causa
2109 1046 2536 1133 suspenditur
2574 1053 2644 1113 et
2676 1067 2817 1113 ces-

575 1168 696 1240 sat,
731 1162 990 1248 quando
1017 1163 1314 1229 imminet
1337 1163 1657 1248 ejusmodi
1687 1160 2093 1230 scandalum.

1599 1430 1630 1501 ,ς
1670 1426 1782 1489 lv.

727 1645 1074 1693 mmissorum
1103 1643 1352 1707 applicatio
1381 1644 1600 1706 parochis
1626 1644 1956 1693 amovibilibus
1984 1644 2176 1704 Galliae,
2206 1645 2290 1707 qui
2318 1644 2657 1696 ‹les-servitores

1512 1745 1862 1800 nuncupantur.

668 1983 730 2043 1⁰
760 1977 884 2044 Eos
911 1994 1051 2042 esse
1075 1971 1161 2040 ad
1189 1982 1419 2040 nutum
1449 1975 1750 2059 Episcopi
1778 1973 2180 2053 amoribileS‚
2212 1995 2329 2042 seu
2353 1993 2582 2042 eorum
2611 1976 2810 2042 bene-

570 2091 715 2157 ficia
762 2110 903 2158 esse
954 2088 1359 2156 manualibus
1390 2086 1789 2157 accensenda
1809 2138 1824 2168 ‚
1859 2089 1989 2175 jam
2025 2090 2447 2175 probavimus
2484 2093 2692 2179 (parte
2727 2097 2797 2172 l,

571 2216 731 2275 sect.
772 2211 835 2287 3,
872 2227 1016 2293 cap.
1048 2205 1139 2292 7).

658 2327 727 2389 2⁰
757 2323 922 2389 Hinc
969 2324 1261 2408 quaestio,
1308 2341 1391 2386 an
1426 2329 1664 2406 possint
1706 2329 1977 2388 revocari
2015 2332 2144 2388 sine
2182 2343 2386 2403 causa,
2433 2345 2565 2392 non
2610 2326 2809 2392 aliter

570 2435 785 2526 quoad
829 2439 1002 2523 ipsos
1025 2488 1040 2518 ‚
1078 2456 1268 2524 quam
1320 2435 1541 2524 quoad
1597 2446 1870 2507 caeteros
1908 2440 2230 2507 manualia
2281 2439 2598 2509 beneficia
2641 2441 2810 2508 obti-

566 2563 798 2622 nentes
825 2550 1209 2621 resolvenda
1244 2562 1368 2620 est.

655 2674 728 2737 3⁰
754 2670 1018 2736 Attente
1045 2676 1266 2736 autem
1306 2670 1730 2735 communiori
1768 2669 2112 2739 doctorum
2156 2675 2499 2752 sententia,
2535 2673 2805 2741 ‘videtur

566 2785 744 2852 dicta
769 2787 1069 2870 quaestio,
1107 2784 1323 2871 quoad
1360 2787 1683 2852 manualia
1713 2787 2063 2867 beneficia,
2103 2788 2500 2856 resolvenda
2531 2791 2597 2855 in
2626 2791 2803 2857 hunc

549 2900 830 2967 -modum
866 2923 879 2966 :
917 2904 1147 2980 Primo,
1183 2902 1474 2985 exceptis
1505 2902 1831 2966 nonnullis
1862 2902 2136 2983 casibuS,
2173 2904 2321 2970 fieri
2353 2913 2571 2990 potest
2609 2922 2805 2974 revo-

561 3019 727 3083 catio
754 3019 888 3083 sine
926 3035 1139 3096 causa,
1170 3037 1291 3083 nec
1325 3016 1407 3082 ab
1446 3034 1524 3082 ea
1554 3014 1751 3082 datur
1779 3016 1866 3083 ad
1898 3020 2308 3104 superiorem
2352 3040 2679 3087 recursus,
2713 3022 2799 3088 Et

567 3135 704 3200 haec
749 3133 1069 3224 generalis
1114 3134 1339 3217 regula
1382 3131 1706 3200 fundatur
1755 3136 1824 3199 in
1875 3135 2015 3218 ipsa
2054 3140 2485 3202 manualitatis
2536 3146 2794 3217 natura,

568 3260 795 3336 estque
826 3251 1086 3317 omnino
1116 3254 1320 3327 certa,
1350 3257 1419 3314 et
1441 3251 1875 3316 communiter
1900 3259 1975 3316 ut
1996 3252 2145 3318 talis
2176 3261 2466 3338 recepta.
2501 3258 2791 3331 seeundo,

569 3363 988 3449 excipiendos
1016 3382 1157 3429 esse
1189 3383 1226 3429 a
1257 3361 1435 3429 dicta
1476 3364 1769 3448 generali
1798 3367 2028 3449 regula
2060 3366 2405 3433 nonnullos
2440 3384 2646 3447 casua,
2677 3371 2798 3435 etsi

567 3479 741 3546 forte
772 3485 1053 3563 nequeat
1075 3496 1159 3543 ex
1188 3478 1343 3561 ipsis
1367 3476 1529 3562 juris
1558 3479 1850 3547 textibus
1886 3481 2175 3564 rigorose
2203 3480 2473 3562 deduci,
2510 3482 2597 3551 ob
2627 3500 2802 3551 com-

566 3593 933 3660 muniorem
960 3600 1179 3657 tamen
1210 3594 1602 3658 sententiam
1632 3592 1974 3660 doctorum
1994 3643 2010 3674 ,
2050 3599 2162 3681 qui
2191 3597 2307 3662 has
2333 3598 2752 3665 limitationes
2775 3650 2791 3678 ‚

565 3730 647 3775 ex
671 3707 951 3794 quadam
981 3709 1116 3772 sive
1147 3708 1388 3791 scripta
1423 3709 1559 3774 sive
1589 3728 1719 3774 non
1752 3715 1991 3795 scripta
2032 3716 2337 3797 aequitate
2380 3713 2801 3798 apponendas

566 3825 1014 3892 existimarunt
1033 3871 1050 3900 ‚
1087 3840 1339 3890 necnon
1370 3822 1455 3889 ob
1489 3834 1834 3891 consonam
1886 3830 2455 3912 congregationum
2503 3846 2800 3897 romana-

565 3958 710 4005 rum
738 3940 1012 4023 praxim,
1048 3936 1314 4004 videtur
1340 3935 1845 4006 admittendum.
1887 3944 2108 4021 Tertio,
2148 3962 2335 4010 casus
2368 3952 2611 4024 autem,
2647 3949 2792 4031 qni,
2851 3947 2864 3958 ‘

562 4056 750 4140 juxta
798 4053 1041 4119 dictam
1099 4055 1579 4120 canonistarum
1637 4058 2050 4134 sententiam,
2101 4060 2316 4143 excipi
2357 4056 2592 4139 solent,
2645 4070 2798 4126 sunt

565 4178 917 4256 sequentes
952 4192 966 4234 ε
1003 4170 1058 4234 si
1103 4168 1345 4235 amotio
1379 4168 1495 4235 fiat
1542 4188 1625 4234 ex
1663 4169 1815 4236 odio
1856 4180 2110 4254 aperto,
2146 4176 2256 4240 vel
2295 4172 2582 4259 legitime
2630 4192 2798 4261 prae-

568 4290 869 4370 sumpto:
905 4286 957 4350 si
994 4282 1188 4350 cedat
1225 4285 1292 4348 in
1333 4285 1667 4351 infamiam
1704 4288 2020 4367 revocati,
2046 4290 2155 4355 vel
2199 4291 2489 4358 notabile
2523 4294 2646 4376 ipsi
2680 4290 2795 4358 da·

566 4416 810 4481 mnam,
845 4397 929 4465 ab
963 4398 1302 4465 amissione
1340 4392 1646 4465 beneficii
1686 4398 2041 4482 diversum,
2074 4404 2359 4473 inferat:
2396 4408 2448 4472 si
2488 4405 2682 4472 cedat
2723 4409 2790 4471 in
