3146 4973
531 322 658 384 252
1206 334 1583 383 mersa-us
1633 335 1720 384 ni:
1764 334 2090 383 maocno.

532 482 568 520 α
599 456 1092 537 membratione‚
1133 475 1276 543 quae
1330 457 1627 525 adhiberi
1678 455 1927 525 dehent
1983 458 2047 523 in
2100 457 2490 525 alienatione
2536 478 2762 527 rerum

532 598 565 637 a
600 574 924 641 Ecclesiae.
951 597 985 634 »
1028 572 1403 660 (Corradus,
1435 572 1616 658 apud
1653 575 2072 653 Leurenium‚
2102 576 2301 642 citato
2331 572 2531 659 loco.)
2564 576 2767 642 Caete·

530 710 638 759 ros
677 688 986 756 doctores
1007 691 1065 755 si
1101 687 1319 769 adeas,
1355 691 1616 758 omnino
1645 691 1941 775 reperies
1967 691 2038 756 in
2073 690 2193 757 hac
2234 709 2308 757 re
2339 691 2763 759 concordare.

619 805 924 872 Occurrit
958 823 1130 869 nuuc
1170 806 1565 891 gravissima,
1604 811 1835 890 utpote
1874 803 2319 891 quotidianam
2367 806 2626 890 praxim
2672 814 2771 873 at-

530 921 807 1004 tingens,
836 920 1127 1005 quaestio,
1161 937 1458 1005 quaenam
1495 922 1581 986 sit
1620 921 1729 987 illa
1749 927 1926 1005 Juxta
1961 913 2167 1002 caasa,
2200 928 2271 987 et
2302 939 2594 1006 quaenam
2642 921 2769 987 illoe

529 1037 937 1115 formalitatas
956 1081 973 1112 ,
1012 1030 1098 1098 ad
1139 1033 1491 1118 legitimam
1539 1034 2180 1102 dismembrationem
2225 1043 2296 1101 et
2342 1053 2524 1103 novae
2578 1055 2773 1120 paro-

531 1147 689 1213 chiae
726 1148 1124 1213 erectionem
1158 1148 1508 1233 requIsitae.
1540 1150 1641 1216 De
1670 1170 1800 1236 quo
1835 1150 2158 1235 sigillatim
2188 1150 2312 1218 sub
2341 1151 2766 1235 sequentibus

532 1261 853 1346 capitibus
880 1262 1208 1331 disserere
1238 1265 1447 1329 visum
1483 1272 1611 1331 est.

1450 1546 1718 1614 CAPUT
1750 1549 1857 1612 lv.

530 1820 817 1881 QUAENAM
849 1820 951 1869 SIT
976 1819 1172 1868 JUSTA
1212 1819 1441 1877 CAUSA,
1474 1819 1518 1865 A
1547 1818 1712 1866 mma
1742 1816 2114 1878 REQUISITA,
2150 1818 2238 1865 m·
2263 1816 2483 1865 Possm·
2514 1816 2770 1865 Episco-

975 1935 1094 1983 Pus
1125 1935 1213 1982 Al)
1243 1933 1881 1982 DISMEMBRATIONEM
1910 1931 2316 1980 PROOEDERE.

619 2192 1016 2259 Pnoposmo
1035 2193 1390 2257 1⁰.-Justa
1426 2210 1611 2255 causa
1632 2211 1753 2255 aon
1787 2194 1918 2253 alia
1955 2210 2078 2255 esse
2095 2198 2322 2273 potest,
2348 2209 2528 2272 qaam
2552 2192 2648 2253 vel
2680 2191 2777 2253 da·-

530 2312 784 2385 scantt'a,
806 2309 905 2370 vel
923 2309 1052 2370 alia
1075 2308 1420 2386 difficultas
1433 2306 1966 2387 parochianorum,
1988 2307 2305 2369 accedendi
2326 2307 2410 2368 acl
2428 2306 2773 2386 recipienda

530 2429 904 2484 sacramanta
930 2429 989 2484 et
1016 2423 1320 2485 audienda
1344 2423 1557 2485 divina
1583 2421 1816 2502 officia.
1843 2457 1933 2467 -—-
1970 2422 2128 2488 Nam
2152 2419 2261 2505 jus
2289 2438 2417 2484 non
2451 2419 2638 2485 aliam
2667 2438 2767 2485 ex·

537 2536 775 2620 primit‚
800 2536 885 2603 ob
916 2555 1105 2622 quam
1137 2536 1383 2603 licitam
1410 2536 1607 2601 faciat
1636 2538 1967 2620 Episcopis
1997 2534 2662 2602 dismembrationem.
2683 2538 2772 2601 Ob

534 2655 792 2716 locorum
829 2655 1190 2716 distantiam
1232 2658 1359 2716 sive
1399 2653 1852 2733 difficultatem,
1882 2654 1972 2718 ait
2006 2650 2398 2718 Tridendina
2442 2649 2766 2736 synodus:

535 2774 730 2851 atque
774 2767 1023 2850 pariter
1077 2764 1428 2833 decretalis
1463 2770 1560 2833 Ad
1610 2771 1985 2831 audientiam
2033 2786 2165 2832 non
2212 2767 2401 2832 aliam
2465 2768 2774 2851 exprimit

535 2899 814 2960 causam,
858 2900 1054 2967 quam
1106 2880 1465 2948 accedendi
1495 2881 1582 2950 ad
1606 2882 1977 2966 parochiam
2000 2883 2455 2963 difficultatem.
2492 2880 2770 2971 Aliunde

534 3015 694 3062 vero
725 3002 981 3062 certum
1012 3004 1133 3074 est,
1157 3004 1225 3062 et
1256 3017 1293 3061 a
1322 2996 1704 3064 doctoribus
1732 2998 2123 3062 unanimiter
2152 3005 2496 3081 receptum
2525 2997 2768 3080 princi-

535 3115 736 3199 pium,
791 3114 1043 3180 licitum
1101 3133 1228 3181 non
1298 3133 1441 3180 esse
1503 3112 1864 3181 Ordinariis
1921 3111 2258 3197 parochias
2315 3111 2616 3179 dividere
2658 3120 2774 3178 aut

532 3227 1027 3306 dismembrare‚
1063 3230 1186 3295 nisi
1242 3230 1308 3294 in
1350 3230 1606 3296 casibus
1640 3250 1678 3295 a
1722 3228 1871 3315 jure
1924 3229 2292 3312 permissis;
2344 3246 2427 3293 ex
2483 3248 2563 3294 eo
2595 3225 2773 3312 quod

533 3354 768 3420 nempe
815 3337 962 3402 talis
1006 3333 1496 3403 dismembratio
1548 3333 1849 3402 habenda
1901 3342 2003 3401 est
2044 3354 2166 3420 pro
2227 3333 2610 3399 alienatione
2657 3332 2774 3398 bo-

533 3469 766 3518 norum
811 3452 1398 3519 ecclesiasticorum
1421 3499 1437 3530 ‚
1486 3458 1556 3516 et
1604 3450 1913 3536 quaelihet
1955 3447 2276 3536 ejusmodi
2322 3450 2654 3524 alienatio,
2708 3447 2772 3513 vi

539 3566 1014 3632 constitutionis
1042 3562 1420 3642 Ambitione,
1467 3567 1550 3630 sit
1586 3566 1739 3649 ipsis
1776 3567 1973 3632 etiam
2026 3565 2357 3650 Episcopis
2395 3560 2769 3640 interdicta,

538 3690 730 3749 extra
747 3700 931 3747 casus
947 3701 983 3747 a
997 3680 1147 3768 jure
1164 3688 1499 3767 exceptos.
1515 3682 1680 3748 Cum
1701 3701 1858 3766 ergo
1877 3682 2003 3768 jus,
2014 3680 2174 3748 dum
2189 3700 2415 3747 causas
2434 3686 2777 3746 enumerat

537 3796 623 3862 ob
655 3814 814 3881 quas
843 3795 1218 3866 facultatem
1270 3796 1427 3863 facit
1481 3798 1815 3882 Episcopis
1854 3796 2190 3881 parochias
2242 3793 2769 3870 dismembrandi‚

538 3931 667 3978 non
707 3912 865 3977 alias
912 3914 1255 3997 exprimat,
1304 3932 1498 3998 quam
1546 3918 1911 3990 distantiam
1953 3921 2069 3979 aut
2093 3915 2285 3976 aliam
2314 3912 2766 3991 difficultatem,

535 4026 1059 4095 concludendum
1097 4030 1363 4096 omnino
1403 4037 1503 4096 est
1531 4051 1663 4096 non
1697 4032 1886 4096 aliam
1918 4029 2058 4095 dari
2084 4029 2440 4113 legitimam
2470 4025 2775 4092 dismem-

537 4144 848 4209 bratiouis
875 4162 1156 4222 causam,
1193 4164 1387 4229 quam
1415 4147 1518 4211 vel
1547 4168 1626 4210 av
1653 4150 1976 4225 distantia,
2012 4145 2121 4209 vel
2153 4163 2233 4209 ex
2253 4146 2383 4206 alia
2404 4144 2776 4223 difficultate

537 4257 622 4325 ad
670 4257 1108 4343 parochialem
1138 4261 1478 4325 ecclesiam
1507 4259 1884 4326 accedendi.
1921 4259 2112 4326 Unde
2143 4259 2379 4324 merito
2438 4258 2775 4339 Fagnanus

547 4377 632 4460 (in
664 4380 861 4457 caput
899 4378 988 4438 Ad
1036 4377 1433 4454 audientiam,
1480 4378 1554 4440 cle
1602 4378 1831 4440 Eccles.
1860 4377 2060 4456 cedis„
2092 4395 2157 4440 u.
2211 4371 2354 4457 18):
2392 4394 2426 4436 r<
2459 4370 2558 4438 Ad
2610 4370 2773 4436 hanc
