3146 4973
575 359 719 435 202.
1254 375 1654 425 ‘rnac‘ra'rus
1683 376 1774 424 na
1813 373 2140 437 ranocno.

572 517 693 579 seu
712 496 1089 583 amoribus,
1125 497 1467 581 vel—etiam.
1484 498 1856 581 revocabile
1889 497 1977 566 ad
2005 504 2276 579 nutum,
2310 499 2573 585 qnando
2594 499 2808 585 adar-

572 612 839 695 bitrium
858 612 1253 697 superioris,
1277 614 1388 685 vel
1414 612 1683 691 alterius
1709 613 1780 685 id
1798 614 2261 700 juahabentis,
2285 614 2814 701 potestoffioiuru„

573 729 765 813 alicui
795 729 1317 811 commissumab
1344 749 1428 803 eo
1450 730 1746 813 retrahi,
1783 730 2026 817 absque
2059 730 2567 817 judiciiforma,
2606 734 2812 801 etvel

571 847 955 931 sine‘causa,
979 846 1091 915 vel
1115 846 1349 915 saltem
1371 865 1455 913 ex
1478 865 1674 917 causa
1687 847 2153 933 qualicumque
2167 848 2545 917 srationabili
2560 895 2577 925 ‚
2612 849 2809 917 etiam

570 979 713 1031 non
746 960 1158 1043 expressain
1201 959 1393 1045 jure3
1435 964 1506 1026 3ο
1554 961 1661 1027 hic
1697 980 1900 1044 porro
1942 960 2257 1029 solvenda
2288 963 2471 1029 venit
2509 963 2801 1048 quaestio,

570 1085 799 1159 utrum
839 1077 1209 1160 parochiale
1259 1077 1557 1149 officium.
1585 1098 1671 1146 ex
1717 1084 1950 1147 natura
1998 1096 2111 1145 sua
2161 1076 2403 1144 debeat
2440 1095 2579 1144 we
2627 1075 2806 1145 dicto

570 1197 1212 1277 sensuperpetuum,
1241 1211 1328 1259 an
1354 1192 1689 1277 vero-dari
1725 1193 1926 1276 possit
1959 1210 2158 1259 verus
2177 1191 2526 1277 ,paz-ochus,
2564 1192 2691 1257 etsi
2717 1190 2804 1257 ad

570 1306 917 1375 nutumah
946 1305 1151 1377 officio
1187 1306 1602 1377 revocabilis..

659 1422 1080 1501 Pnorosrrto.
1118 1458 1203 1469 -
1237 1424 1576 1503 Porcellus,
1612 1430 1848 1487 attenta
1894 1428 2085 1505 ipsius
2120 1422 2307 1502 officii
2347 1425 2638 1498 essentia,
2677 1427 2806 1484 tam

561 1542 773 1617 potest
805 1554 929 1603 esse
974 1538 1058 1599 ad
1101 1542 1315 1615 nutum
1362 1538 1715 1599 revocabilis
1761 1555 1941 1617 quam
1972 1543 2326 1617 perpetuus.
2367 1569 2437 1582 -
2476 1535 2638 1599 Nam
2666 1541 2808 1603 tota

569 1650 735 1717 ratio
763 1649 1148 1734 parochialis
1179 1647 1368 1727 officii
1403 1651 1471 1729 in
1512 1670 1591 1718 eo
1626 1657 1790 1728 stat,
1827 1658 1903 1716 ut
1930 1651 2075 1734 quis
2092 1646 2540 1721 exercendam
2565 1647 2808 1715 babeat

570 1767 955 1847 animatum
975 1785 1240 1847 curam,
1277 1786 1365 1833 ex
1401 1767 1794 1851 obligatione
1827 1774 1901 1831 et
1931 1765 2190 1833 nomine
2243 1764 2534 1849 proprio,
2588 1762 2812 1848 quoad

569 1889 831 1963 certum
852 1883 1136 1967 aliquem
1181 1880 1476 1951 dioecesis
1515 1882 1832 1967 populum
1850 1929 1867 1960 ,
1905 1882 2021 1966 qui
2046 1881 2326 1946 vicissim
2356 1880 2439 1945 ab
2482 1899 2561 1946 eo
2592 1897 2803 1945 sacra-

570 2005 805 2073 menta,
833 2000 1130 2082 recipere
1172 2004 1470 2073 teneatur
1504 2020 1518 2063 :
1552 1998 1732 2082 atqui
1775 1997 1987 2065 omnia
2029 1995 2168 2061 haec
2204 1996 2516 2081 requisita
2559 1996 2801 2080 optime

568 2118 743 2189 Stant
760 2114 1010 2187 etiamsi
1027 2113 1348 2196 parochus
1364 2115 1448 2185 sit
1467 2110 1555 2187 ad
1576 2121 1812 2183 nutum
1830 2111 2254 2179 revocabilis:
2277 2129 2429 2185 nam
2449 2110 2802 2195 presbyter

568 2229 860 2309 quam-vis
900 2226 1261 2311 deputetur
1286 2226 1378 2293 ad
1414 2227 1902 2311 beneplacitum
1936 2226 2272 2311 Episcopi,
2306 2244 2423 2303 seu
2450 2224 2542 2303 ad
2566 2232 2800 2293 nutum

567 2341 983 2427 revocabilis„
1010 2348 1231 2426 potest
1255 2361 1429 2419 vere.¹
1446 2341 1751 2424 deputari
1777 2341 1864 2408 ad
1891 2340 2328 2421 exercendam
2365 2357 2588 2413 curam
2621 2338 2797 2424 apud

566 2457 844 2541 aliquem
870 2457 1180 2541 populum
1196 2506 1212 2535 ‚
1240 2466 1309 2523 et
1326 2456 1592 2542 quidem
1613 2477 1695 2523 ex
1718 2457 2107 2542 obligatione
2133 2464 2203 2522 et
2222 2456 2487 2542 proprio
2507 2455 2792 2534 nomine,

566 2579 635 2636 et
680 2573 771 2637 ita
814 2581 891 2637 ut
933 2574 1124 2638 simul
1151 2572 1479 2656 obligetur
1522 2573 1628 2638 hic
1670 2573 1955 2656 populus
1998 2571 2084 2637 ad
2112 2572 2292 2637 illum
2335 2570 2797 2655 presbyterum

566 2693 869 2770 tanquam
913 2687 1251 2770 proprium
1293 2705 1482 2752 suum
1517 2686 1877 2772 parochum
1920 2703 2288 2751 recurrere.
2325 2682 2519 2766 Quod
2555 2684 2647 2748 ita
2677 2700 2798 2766 per

564 2818 634 2866 se
678 2806 860 2883 patet
887 2808 961 2866 ut
995 2801 1172 2866 nulla
1203 2800 1590 2884 probatione
1620 2799 1929 2884 indigeat.
1966 2799 2158 2865 Unde
2190 2800 2465 2884 qualitas
2492 2797 2626 2863 haec
2654 2817 2799 2882 per·

563 2914 903 2996 petuitatis
952 2933 1070 2980 seu
1122 2917 1557 2980 manualitatis
1575 2963 1591 2992 ,
1655 2921 1758 2981 est
1824 2914 2010 2981 officii
2067 2914 2451 2999 parochialis
2496 2913 2794 2978 essentiae

564 3028 823 3092 omnino
875 3026 1294 3094 accidentalis
1323 3036 1392 3094 et
1432 3030 1832 3115 extrinseca3
1887 3048 1964 3095 ac
2005 3028 2280 3113 proinde
2334 3026 2655 3112 parochus
2710 3026 2794 3093 ad

564 3149 795 3207 nutum
825 3144 1209 3210 revocabilis
1233 3151 1367 3209 tam
1398 3163 1557 3210 vere
1588 3153 1691 3210 est
1718 3144 2058 3228 parochus,
2093 3162 2286 3228 quam
2308 3144 2372 3207 in
2396 3151 2794 3227 perpetuum

563 3257 939 3340 deputatus,
985 3259 1148 3323 Hinc
1189 3261 1444 3343 quoties
1471 3279 1511 3325 a
1543 3260 1734 3324 Sacra
1769 3259 2282 3343 congregatione
2321 3258 2585 3323 Concilii
2618 3276 2793 3342 quae—

563 3359 759 3438 sitnm
788 3380 922 3451 est,
959 3392 1119 3440 num
1151 3373 1704 3458 obligationesque
1735 3372 1822 3439 de
1850 3373 2000 3458 jure
2031 3372 2748 3457 parochis-incumbunt
2765 3419 2783 3449 ,

562 3494 952 3554 censeantur
999 3489 1205 3554 etiam-
1247 3489 1604 3573 astringam
1656 3496 1916 3554 curatos
1960 3487 2048 3558 ad
2095 3497 2328 3555 nutum
2364 3487 2798 3566 revocabiles„

559 3618 940 3684 responsum
971 3606 1070 3665 est
1104 3601 1486 3668 affirmative
1507 3649 1524 3680 ,
1565 3601 1762 3669 modo
1811 3603 1916 3667 isti
1966 3605 2173 3669 curati
2212 3604 2477 3687 proprio
2525 3603 2791 3670 nomine

559 3735 783 3781 curam
833 3718 1154 3782 actualem
1204 3718 1639 3784 exercendam
1687 3718 2006 3796 habeant,
2059 3725 2128 3784 et
2174 3738 2331 3784 cura
2366 3719 2502 3785 haec
2531 3722 2793 3782 actualis

559 3849 691 3895 non
736 3828 1023 3895 resideat
1066 3851 1268 3916 penes
1314 3834 1617 3911 alterum,
1655 3833 1842 3918 cujus
1882 3835 2013 3899 sint
2053 3834 2394 3900 dumtaxat
2433 3835 2677 3899 vicarii.
2712 3835 2794 3899 Et

559 3944 652 4009 sic
679 3943 1429 4028 multotiesresponsum
1460 3954 1583 4026 est,
1624 3967 1746 4015 eos³
1770 3951 1985 4014 teneri
2011 3949 2099 4015 ad
2125 3947 2568 4025 residentiam,
2604 3953 2672 4013 et
2704 3946 2791 4013 ad

560 4059 971 4126 offerendum
1024 4060 1409 4128 sacrificium
1457 4083 1580 4147 pro
1635 4065 1897 4149 populo,
1936 4084 2065 4131 non
2113 4067 2323 4130 minus
2359 4083 2433 4129 ac
2474 4066 2528 4130 si
2569 4063 2790 4131 forent

559 4176 865 4260 perpetui
898 4174 1077 4254 (vide
1105 4176 1173 4244 id
1194 4178 1446 4261 passim
1476 4179 1547 4246 in
1579 4179 1882 4246 Thamara
1908 4176 2387 4261 resolutionum).

647 4292 913 4373 offlam
933 4293 1116 4356 1⁰.—
1141 4293 1261 4360 Est.
1279 4291 1646 4363 ‹la-ratione
1669 4293 2114 4377 parochiatus.
2145 4300 2228 4364 ut
2249 4293 2352 4366 sit
2368 4291 2658 4368 officium
2674 4313 2787 4378 pa-

558 4405 790 4472 storis-2
827 4408 1005 4492 atqui
1030 4415 1263 4491 pastor
1294 4406 1497 4476 debet
1523 4426 1924 4493 ,cognoscere
1970 4427 2127 4480 oves
2172 4428 2342 4489 suas,
2378 4408 2554 4495 qnod
2600 4417 2786 4476 recte
