3146 4973
644 303 772 364 336
1326 312 1701 363 rme-nme
1744 314 1834 361 nn
1876 311 2203 360 unocno.

643 444 855 501 sancta
881 437 1167 519 synodus,
1201 442 1273 498 ut
1299 455 1430 499 cum
1470 437 1842 518 parochialis
1869 438 2129 500 ecclesia
2161 442 2422 515 vacatio,
2458 441 2701 503 etiamsi
2724 458 2864 503 cura

643 554 905 616 ecclesioe
940 553 1037 614 vel
1064 553 1355 632 Episcopo
1384 552 1723 614 incumbere
1764 551 2031 630 dicatur,
2081 558 2140 614 et
2179 570 2289 630 per
2323 571 2508 614 unum
2542 555 2639 615 vel
2664 554 2865 634 plures

644 644 1129 745 administretur,
1181 671 1365 729 etiam
1403 672 1471 728 in
1515 668 1776 729 ecclesiis
1823 667 2361 748 patrimonialibus
2405 686 2509 729 seu
2554 673 2865 750 receptivis

634 788 1020 865 nuncupatis,
1051 787 1119 846 in
1149 784 1361 864 quibus
1390 788 1696 846 consuevit
1725 785 2059 865 Episcopus
2094 789 2203 845 uni
2230 784 2329 845 vel
2353 785 2639 865 pluribus
2664 803 2864 847 curam

629 905 973 962 animarum
999 901 1170 975 dare,
1212 918 1357 979 quos
1385 918 1585 961 omnes
1610 901 1695 962 ad
1724 901 2183 981 infrascriptum
2209 919 2460 963 examen
2488 906 2679 964 teneri
2698 920 2865 967 man-

630 1017 762 1096 dat,
802 1035 913 1099 per
947 1016 1174 1078 obitum
1202 1017 1296 1077 vel
1334 1020 1820 1096 resiqnationem,
1852 1020 2036 1078 etiam
2061 1020 2129 1078 in
2154 1021 2349 1093 curia,
2386 1036 2490 1080 seu
2516 1019 2700 1080 aliter
2725 1037 2866 1098 quo·

634 1134 1049 1214 modocumque
1084 1137 1429 1213 contiqcrit,
1469 1137 1713 1195 etiamsi
1735 1137 1870 1212 ipsa
1885 1133 2257 1214 parochialis
2292 1134 2536 1195 ecclesia
2560 1140 2862 1197 reservata

632 1249 727 1311 vel
759 1250 977 1328 affecta
1012 1249 1201 1327 fuerit
1228 1248 1592 1327 yeneraliter
1627 1249 1724 1310 vel
1766 1249 2127 1328 specialiter,
2181 1252 2364 1310 ctiam
2396 1253 2600 1328 viqore
2637 1249 2865 1311 indulti

626 1383 730 1426 seu
749 1366 1066 1445 privileqii
1106 1367 1173 1424 in
1211 1364 1482 1442 savorem
1523 1368 1750 1425 sanctae
1786 1364 2064 1425 Romame
2109 1364 2394 1426 Ecclesioe
2439 1364 2860 1426 Cardinalium

624 1497 728 1542 seu
760 1480 1079 1550 Abbatum‚
1119 1479 1214 1539 vel
1247 1479 1650 1555 capitulorum
1689 1497 1712 1538 .·
1757 1478 1965 1539 debeat
2010 1480 2338 1559 Episcopus
2370 1482 2605 1556 statim,
2655 1478 2863 1540 habita

631 1596 851 1658 notitia
876 1597 1211 1655 vacationis
1229 1592 1511 1670 ecclesioe,
1546 1596 1605 1653 si
1627 1610 1773 1672 opus
1798 1594 2012 1672 suerit,
2048 1595 2326 1655 idoneum
2349 1598 2417 1655 in
2443 1612 2514 1655 ea
2536 1597 2853 1669 vicarium,

624 1728 758 1772 cum
788 1727 1073 1791 conyrua,
1109 1713 1236 1790 ejus
1262 1709 1545 1783 arbitrio,
1579 1708 1892 1786 fructuum
1928 1712 2228 1788 portionis
2267 1712 2695 1788 assiqnatione‚
2727 1726 2866 1770 cona-

624 1830 893 1897 stituere‚
930 1829 1036 1906 qui
1075 1842 1257 1887 onera
1295 1828 1488 1904 ipsius
1530 1824 1794 1885 ecclesioe
1834 1828 2154 1901 sustineat,
2203 1825 2389 1886 donec
2426 1829 2483 1885 ei
2519 1825 2594 1887 de
2635 1830 2862 1887 rectore

614 1941 1034 2021 provideatur.
1082 1942 1276 2004 Porro
1314 1940 1642 2019 Episcopus
1682 1945 1742 2001 et
1788 1945 1895 2019 qui
1917 1943 2028 2020 jus
2060 1945 2425 2020 patronatus
2464 1939 2661 2015 habet,
2696 1945 2862 2003 intra

621 2055 818 2119 decem
838 2057 991 2131 dies,
1023 2056 1118 2117 vel
1149 2055 1325 2117 aliud
1353 2061 1584 2133 tempus
1625 2054 1703 2115 ab
1731 2055 2022 2134 Episcopo
2049 2055 2580 2134 praescribendum,
2620 2055 2864 2118 idoneos

619 2172 851 2253 aliquot
879 2173 1125 2233 clericos
1165 2171 1250 2233 ad
1280 2170 1604 2250 reqendam
1639 2170 1944 2232 ecclesiam
1985 2188 2186 2231 coram
2230 2171 2595 2250 deputandis
2628 2176 2864 2232 exami-

620 2289 932 2350 natoribus
964 2291 1251 2350 nominet.
1285 2287 1568 2349 Liberum
1601 2289 1685 2349 sit
1715 2293 1915 2349 tamen
1958 2290 2142 2349 etiam
2182 2288 2351 2366 aliis,
2388 2292 2494 2367 qui
2524 2287 2759 2367 aliquos
2779 2289 2865 2349 ad

624 2407 690 2468 id
717 2412 892 2489 aptos
930 2409 1231 2481 noverint,
1277 2422 1481 2467 eorum
1528 2409 1774 2467 nomina
1809 2406 2065 2485 desme,
2101 2411 2170 2467 ut
2191 2410 2388 2485 possit
2411 2411 2623 2486 postea
2650 2407 2725 2468 de
2758 2426 2863 2470 cu-

604 2524 860 2605 juslibet
895 2528 1095 2600 oetate,
1134 2522 1398 2585 moribus
1424 2526 1485 2582 ct
1513 2522 1874 2601 sufficientia
1905 2522 2046 2600 fieri
2076 2524 2339 2603 diliqens
2374 2527 2711 2604 inquisitio.
2744 2526 2852 2603 Et,

616 2645 673 2700 si
717 2640 1008 2720 Episcopo
1047 2643 1157 2700 aut
1196 2640 1423 2720 synodo
1469 2639 1836 2722 provinciali
1878 2658 1991 2720 pro
2036 2643 2299 2721 reqionis
2350 2657 2513 2701 more
2556 2639 2863 2702 videbitur

617 2729 812 2834 maqis
841 2755 1148 2835 expedire,
1184 2774 1295 2836 per
1338 2758 1604 2820 edictum
1636 2758 1820 2817 etiam
1842 2756 2154 2835 publicum
2181 2760 2484 2832 vocentur,
2521 2758 2627 2834 qui
2657 2755 2862 2816 volent

615 2872 981 2930 eoeaminari.
1018 2871 1344 2932 Transacto
1372 2875 1698 2933 constituto
1727 2876 2008 2950 tempore,
2046 2888 2249 2932 omnes
2274 2873 2382 2950 qui
2411 2871 2700 2950 descripti
2727 2871 2864 2948 fue·

617 2988 768 3062 rint,
804 2988 1229 3048 examinentur
1254 2986 1330 3047 ab
1357 2988 1670 3068 Episcopo,
1721 2989 1869 3064 sive,
1919 3003 1986 3046 eo
2010 2986 2320 3065 impedito,
2359 2986 2435 3046 ab
2470 2988 2598 3066 ejus
2628 2988 2862 3046 vicario

616 3100 904 3179 cenerati,
927 3105 1106 3181 atque
1129 3102 1206 3163 ab
1226 3102 1373 3165 aliis
1393 3102 1910 3164 examinatoribus
1945 3119 2065 3163 non
2095 3101 2504 3181 paucioribus,
2535 3118 2714 3179 quam
2742 3104 2864 3162 tri-

615 3214 764 3293 bus,·
786 3233 1036 3296 quorum
1069 3220 1249 3292 votis,
1277 3220 1334 3278 si
1357 3235 1535 3297 pares
1566 3223 1676 3280 aut
1709 3216 2048 3296 sinqulares
2078 3217 2330 3295 fuerint,
2368 3215 2642 3277 accedere
2659 3220 2862 3295 possit

614 3330 962 3411 Episcopus,
997 3332 1094 3392 vel
1122 3337 1413 3409 vicarius,
1451 3332 1663 3412 quibus
1691 3335 1887 3411 maqis
1905 3332 2233 3394 videbitur.
2263 3333 2729 3392 Examinatores
2752 3348 2866 3392 au-

613 3451 729 3507 tem
757 3446 1017 3525 sinqulis
1039 3449 1221 3507 annis
1250 3449 1316 3507 in
1346 3447 1679 3508 dioecesana
1706 3448 1954 3526 synodo,
1989 3447 2066 3508 ab
2089 3447 2379 3527 Episcopo
2407 3446 2504 3508 vel
2537 3450 2664 3528 ejus
2688 3451 2864 3508 vica-

610 3565 747 3640 riis,
778 3563 862 3623 ad
888 3565 1087 3623 minus
1126 3580 1237 3622 sex
1268 3568 1715 3641 proponantur,
1750 3568 1858 3642 qui
1893 3564 2118 3644 synodo
2147 3564 2556 3642 satisfaciant,
2583 3568 2642 3623 et
2671 3564 2749 3624 ab
2781 3582 2862 3625 ea

602 3678 955 3758 probentur.
985 3679 1465 3774 Advenienteoue
1486 3684 1799 3743 vacatione
1820 3682 2134 3758 cujuslibet
2161 3680 2436 3758 ecclesioe,
2470 3686 2591 3742 tres
2616 3697 2697 3741 ex
2723 3679 2859 3741 illis

608 3794 796 3872 etiqat
816 3794 1164 3873 Episcopus,
1193 3798 1298 3874 qui
1327 3813 1461 3856 cum
1484 3813 1551 3856 eo
1580 3813 1832 3858 examen
1852 3795 2213 3876 perficiant,·
2237 3796 2489 3875 indeque
2511 3794 2859 3856 succedente

610 3908 739 3970 alia
767 3912 1100 3989 vacatione,
1139 3916 1246 3972 aut
1280 3912 1535 3988 eosdem,
1575 3917 1685 3974 aut
1713 3913 1868 3973 alios
1900 3918 2042 3990 tres,
2075 3930 2220 3992 quos
2244 3911 2555 3988 maluerit,
2591 3927 2672 3971 ex
2692 3926 2856 3990 prce·

609 4025 793 4086 dictis
829 4026 959 4086 illis
996 4043 1106 4087 sea:
1151 4027 1362 4108 eliqat.
1412 4029 1554 4091 Sint
1595 4047 1736 4090 vero
1773 4027 1839 4089 lu·
1877 4031 2341 4103 examinatores,
2392 4028 2699 4105 maqistri,
2747 4042 2852 4086 seu

607 4141 896 4218 doctores,
935 4146 1044 4203 aut
1083 4143 1382 4206 licentiati
1423 4147 1490 4206 in
1536 4142 1857 4223 theoloqia,
1913 4150 2021 4206 aut
2056 4147 2202 4223 jure
2229 4145 2510 4205 canonico
2524 4163 2555 4220 ,·
2595 4141 2692 4202 vel
2733 4142 2851 4203 alii

603 4257 828 4335 clerici,
876 4275 978 4320 seu
1023 4260 1351 4339 reputares,
1395 4262 1582 4321 etiam
1614 4277 1696 4320 ex
1735 4259 1946 4320 ordine
1981 4260 2474 4337 mendicantium
2518 4264 2628 4320 aut
2662 4261 2844 4319 eim

605 4373 938 4452 soeculares,
967 4379 1073 4452 qui
1108 4374 1192 4434 ad
1214 4374 1283 4434 id
1306 4373 1669 4435 videbuntur
1691 4378 1889 4454 mayis
1927 4376 2152 4454 idonei,
2178 4380 2505 4458 jur-eatque
2529 4391 2731 4436 omnes
2763 4373 2843 4434 ad
