3146 4973
1274 437 1598 487 Aprmnnx
1644 439 1690 485 1.
2455 422 2582 483 663

360 586 393 623 (ι
433 562 727 646 licentia),
766 562 1107 659 ngmifeste
1134 569 1345 648 patet,
1383 561 1563 649 quod
1611 564 1666 629 si
1691 562 1793 630 hic
1838 562 1947 631 vel
1994 563 2106 629 ille
2145 581 2287 631 eam
2336 561 2472 639 dot,
2517 569 2584 629 et

351 701 381 737 α
422 683 617 763 prout
645 677 788 756 dat,
810 678 1054 755 taliter,
1088 686 1159 742 et
1186 696 1329 742 non
1356 678 1571 758 aliter,
1598 678 1830 745 eadem
1864 679 1997 744 frui
2021 680 2237 745 valeat
2260 678 2584 762 cappella-

351 817 384 854 «
420 812 540 858 nus
572 794 942 859 castrensis.
984 818 1015 854 2>
1055 794 1527 879 (Reiffenstuel,
1572 794 1763 874 ibid„
1804 814 1869 858 n.
1905 793 2044 878 95.)

442 910 627 974 «ΠΙ.
692 910 755 975 si
811 912 1113 975 curiones
1171 927 1288 975 seu
1349 911 1711 994 cappellani
1766 918 2128 976 castrenses
2164 929 2293 977 non
2343 911 2584 977 habent

350 1050 382 1086 «
416 1027 761 1111 specialem
801 1027 1185 1094 facultatem
1214 1046 1251 1092 a
1281 1025 1451 1092 Sede
1490 1028 1878 1111 Apostolica,
1933 1028 2041 1092 vel
2087 1046 2462 1111 expressam
2503 1029 2582 1092 li-

350 1168 382 1203 «
419 1143 695 1209 centiam
741 1152 808 1208 et
846 1143 1389 1227 approbationem
1443 1142 1527 1208 ab
1587 1141 1958 1221 Ordinatio,
2011 1144 2079 1209 in
2105 1143 2291 1229 cujus
2322 1142 2581 1211 dioecesi

350 1282 380 1319 α
417 1277 538 1342 pro
565 1266 862 1341 tempore
915 1258 1228 1337 existunt,
1277 1265 1434 1323 tunc
1467 1277 1590 1323 nec
1625 1258 1692 1321 in
1736 1258 1982 1332 castris,
2019 1259 2237 1324 necin
2267 1257 2583 1341 praesidiis

348 1396 380 1431 «ι
417 1392 533 1437 seu
560 1372 909 1457 quartieris
939 1372 1351 1440 matrimonio
1389 1371 1666 1437 militum
1699 1370 1912 1438 valide
1946 1374 2246 1439 assistere
2280 1381 2576 1457 possunt.

353 1513 385 1549 α
426 1490 576 1553 Haec
609 1488 973 1566 conclusi0‚
1016 1488 1174 1552 licet
1217 1488 1371 1552 olim
1419 1487 1696 1552 multum
1740 1487 1889 1552 hinc
1931 1477 2084 1555 inde
2129 1486 2456 1573 disputato
2510 1498 2579 1555 et

354 1629 385 1664 «
424 1613 842 1670 controversa
891 1604 1115 1681 fuerit,
1175 1612 1396 1669 tamen
1440 1603 1635 1670 hodie
1672 1612 1853 1669 certa
1895 1612 2017 1680 est,
2063 1604 2148 1670 ob
2192 1605 2578 1671 declaratio·

247 1809 251 1812 ‚
346 1744 379 1779 α
416 1740 565 1785 uem
620 1719 1054 1785 cardinalium
1099 1720 1399 1804 repetitis
1448 1720 1733 1794 vicibus,
1787 1727 1856 1784 et
1911 1720 2250 1789 novissime
2302 1719 2570 1795 editam,

342 1860 374 1897 α
413 1840 495 1903 29
544 1834 819 1919 januarii
859 1838 1049 1913 1707,
1086 1834 1172 1900 ad
1226 1835 1811 1919 interrogationem
1854 1835 2403 1903 Reverendissimi
2451 1835 2575 1902 Or-

340 1979 371 2013 «
409 1952 642 2019 dinarii
683 1952 1125 2036 Frisiugensis,
1165 1970 1307 2037 quae
1349 1953 1415 2016 in
1471 1951 1684 2016 forma
1739 1951 2112 2017 authentica
2152 1951 2437 2017 exhibita
2482 1952 2573 2016 ita

342 2093 373 2131 a
410 2077 595 2133 sonat
630 2090 642 2133 :
681 2074 828 2133 Cum
856 2076 1160 2133 occasione
1196 2074 1517 2148 transitus,
1550 2076 1660 2130 aut
1707 2073 1990 2131 stationis
2022 2069 2299 2150 hybernae
2330 2073 2396 2131 in
2424 2070 2573 2131 ἀίω-

339 2204 371 2241 a
409 2188 527 2245 cesi
564 2187 959 2264 Frisinyensi,
993 2184 1373 2263 proetmdant
1412 2182 1753 2263 cappellani
1792 2185 2187 2258 exercitu-um,
2228 2199 2429 2243 eorum
2460 2186 2570 2241 mi·

341 2321 371 2356 a
410 2302 620 2362 litibus
649 2305 1022 2361 sacramenta
1059 2300 1513 2375 administrare,
1536 2302 1604 2359 in
1645 2298 1789 2361 locis
1818 2298 1922 2359 ubi
1951 2303 2327 2377 permanent,
2352 2299 2569 2378 absque

334 2440 366 2476 «
397 2420 639 2479 licentia
662 2416 938 2499 parochi,
982 2436 1053 2476 ac
1090 2416 1333 2476 illorum
1383 2417 1789 2479 matrimoniis
1832 2417 2113 2477 assistere
2156 2414 2373 2496 absque
2415 2433 2571 2496 prce-

332 2557 366 2594 «
404 2540 524 2597 viis
541 2535 1129 2610 denuntiationibus,
1158 2539 1215 2594 et
1246 2538 1457 2594 eontra
1481 2533 1930 2613 dispositionem
1959 2534 2135 2596 Sacri
2155 2533 2413 2595 Concilii
2434 2535 2573 2594 Tri-

338 2673 371 2710 «
409 2652 647 2714 clentini
665 2655 791 2729 jam
821 2653 1043 2729 recepti
1070 2653 1136 2711 in
1164 2650 1331 2711 dieta
1356 2649 1632 2725 dioecesi,·
1671 2650 2079 2728 Episcopus...
2127 2649 2428 2728 supplicat
2463 2651 2566 2710 de-

332 2788 365 2826 «
401 2768 652 2842 clarari,
710 2785 791 2828 an
828 2767 1116 2845 proedicti
1152 2766 1491 2846 cappellani
1544 2766 1614 2827 id
1667 2783 1958 2845 perapere
2018 2770 2274 2846 possint.
2318 2802 2406 2813 -
2455 2769 2567 2828 Die

326 2904 358 2940 «
396 2882 482 2946 29
496 2885 782 2962 januarii
817 2881 978 2944 1707
1016 2884 1204 2944 Sacra
1233 2882 1631 2960 Conqreqatio
1672 2882 2299 2943 Eminentissimorum
2333 2887 2560 2943 sancta»

327 3019 359 3057 (ι
396 3001 674 3060 Romame
718 2996 998 3058 Ecclesice
1028 2995 1454 3058 Cardinalium
1504 2996 1850 3058 Tridentini
1880 3000 2275 3078 interpretum
2303 3001 2552 3072 censuit,

329 3137 361 3172 α
398 3116 666 3177 dandum
687 3132 810 3174 esse
849 3107 1185 3189 decretum,
1217 3113 1377 3174 alias
1398 3111 1510 3173 hac
1540 3113 1616 3174 cle
1645 3130 1709 3173 re
1730 3113 1992 3188 editum,
2023 3119 2082 3174 et
2112 3117 2423 3194 siynanter
2448 3116 2556 3176 sub

326 3254 358 3290 «
391 3233 491 3293 die
519 3234 560 3295 6
594 3235 805 3292 martii
847 3230 1040 3306 1694,
1084 3233 1307 3291 tenoris
1346 3233 1665 3309 sequentis,
1705 3229 2020 3291 videlicet:
2068 3264 2138 3274 --
2193 3230 2257 3291 1⁰
2280 3232 2376 3293 An
2416 3248 2556 3310 eap-

270 3403 281 3411 .
329 3371 359 3406 a
388 3349 625 3429 pellani
672 3351 1089 3428 cujuscumque
1137 3350 1468 3423 eoeercitus,
1505 3351 1633 3408 sive
1683 3347 2024 3425 reputares,
2065 3349 2191 3410 sive
2245 3347 2557 3408 soeculares

316 3488 347 3524 «ι
378 3465 682 3543 catholici,
716 3467 953 3544 possint
999 3463 1431 3525 administrare
1452 3464 1749 3526 militibus
1778 3467 1846 3525 in
1865 3464 2175 3546 praesidiis
2200 3464 2551 3544 deflentibus

322 3604 353 3638 α
392 3585 768 3642 sacramenta
792 3582 1186 3660 poenitentioe,
1211 3577 1612 3641 Eucharistioe
1655 3585 1712 3640 et
1748 3583 2382 3656 extremae-unctionis,
2420 3584 2550 3641 sine

315 3720 349 3756 «
387 3698 638 3777 speciali
673 3697 965 3773 facultate
1000 3696 1175 3759 Sedis
1204 3696 1580 3775 Apostolicoe,
1628 3697 1724 3757 vel
1762 3697 2005 3757 licentia
2035 3702 2094 3757 et
2122 3697 2552 3779 approbatione

319 3837 351 3871 α
392 3813 735 3887 ordinarii,
768 3816 834 3874 in
869 3816 1040 3892 cujus
1076 3812 1311 3873 dioecesi
1357 3815 1599 3873 exstare
1633 3815 1999 3892 contiyerit?
2043 3812 2111 3874 2⁰
2135 3814 2231 3874 An
2264 3817 2547 3875 assistere

318 3953 351 3988 a
390 3931 793 3990 matrimoniis
821 3928 1087 3990 militum
1123 3933 1534 4010 cujuscumque
1570 3933 1860 4003 nationis,
1887 3929 2228 4008 decentium
2255 3931 2322 3991 in
2334 3933 2548 4009 proesi-

315 4066 349 4102 «
387 4044 533 4116 diis,
564 4060 697 4103 cum
736 4043 1106 4104 militaribus
1142 4045 1423 4120 foeminis,
1456 4046 1586 4104 sine
1631 4044 1799 4105 dicta
1843 4044 2136 4121 facultate
2169 4044 2534 4123 Apostolica,

314 4182 349 4219 α
386 4164 448 4222 et
478 4159 846 4240 proececlenti
877 4159 1235 4239 probatione
1281 4160 1459 4221 liberi
1503 4165 1728 4237 status,
1757 4163 1994 4240 ejusque
2025 4164 2424 4240 recognitione
2458 4179 2549 4222 co-

318 4297 350 4334 «
389 4293 522 4338 ram
564 4275 896 4338 ordinario
925 4276 1063 4352 loci,
1096 4281 1155 4336 et
1180 4277 1425 4338 licentia
1456 4276 1729 4358 parochi,
1768 4278 1876 4338 sub
1907 4280 2075 4358 cujus
2099 4276 2389 4355 parocbia
2412 4295 2541 4338 ma·

314 4413 348 4450 α
388 4397 571 4454 neant
599 4394 628 4453 ?
669 4392 739 4456 3⁰
768 4393 863 4454 An
911 4391 1069 4452 idem
1102 4410 1235 4452 cum
1270 4393 1570 4454 militibus
1602 4393 1951 4475 depentibus
1989 4397 2056 4455 in
2083 4397 2302 4454 castris
2333 4398 2391 4454 et
2420 4399 2549 4454 sta-

318 4530 351 4569 «
386 4510 648 4576 tionibus
690 4508 972 4589 hybernis
1018 4509 1114 4572 vel
1158 4513 1435 4574 ‹estivis-‚²
1484 4509 1553 4573 4⁰
1593 4512 1689 4574 An
1742 4511 1900 4573 idem
1952 4527 2086 4574 cum
2131 4511 2427 4578 militibus
2480 4515 2544 4572 in
