3146 4973
1130 364 1290 413 PARS
1333 365 1650 414 sacuam.
2373 356 2496 419 243

283 489 486 553 chiale
525 488 778 575 quoties
830 489 1187 569 vacaverit,
1229 496 1296 553 et
1349 490 1590 554 similes
1639 490 1793 554 alias
1839 492 2322 592 praerogativaS.
2359 495 2500 574 Qua

281 602 722 687 dispositione,
762 604 814 667 si
853 602 935 666 ab
963 604 1354 681 auctoritate
1394 604 1837 691 ecclesiastica
1866 613 2250 689 acceptetur
2277 615 2344 673 et
2395 609 2499 673 fir-

277 728 515 798 metur,
543 718 754 787 dictus
777 717 1134 784 fundator
1110 739 1220 802 Jus
1250 717 1434 799 illud,
1458 719 1638 807 quod
1657 728 2026 803 patronatus
2058 732 2498 807 nuncupatur,

274 835 395 917 sibi
423 836 685 920 suisque
734 836 803 913 in
844 842 1240 921 perpetuum
1273 834 1646 900 haeredibus
1685 837 1989 922 acquirit5
2028 839 2248 922 sicque
2282 818 2503 907 erecta

274 950 581 1032 parochia
605 951 727 1016 sub
751 949 900 1041 jure
934 959 1314 1035 patronatus
1339 953 1696 1029 constituta
1723 951 1983 1043 dicitur.

1169 1245 1436 1311 CAPUT
1473 1248 1557 1310 Π.

493 1513 577 1560 ΟΕ
604 1511 1079 1561 ΡΔΒΟΟΗΙΔΚΠΜ
1111 1510 1478 1561 EREGTIONE
1517 1514 1641 1560 PER
1674 1515 1836 1561 VIAM
1879 1513 2288 1563 CREATIONIS.

362 1760 704 1825 Rarissime
742 1761 1055 1845 contingit
1088 1762 1151 1825 in
1187 1760 1400 1844 aliqua
1444 1760 1710 1826 dioecesi
1742 1764 2019 1847 reperiri
2057 1763 2366 1829 territorii
2393 1782 2510 1846 po-

273 1875 493 1958 pulive
531 1882 784 1957 partem
825 1876 1127 1960 aliquam,
1177 1893 1319 1960 quae
1363 1876 1555 1940 alicui
1591 1874 1729 1959 jam
1777 1879 2143 1943 constitutae
2191 1876 2506 1960 parochiae

270 2010 399 2057 non
426 1989 841 2057 adscribatur
864 1991 913 2077 (Ι
930 1989 978 2074 ).
1004 1991 1394 2057 Bai-issimus
1418 1990 1689 2075 proinde
1719 2012 1926 2069 casus,
1956 2012 2088 2077 quo
2113 1993 2278 2075 erigi
2310 1994 2512 2075 possit

270 2123 437 2170 nova
488 2105 792 2188 parochia
834 2125 957 2189 per
1005 2112 1167 2171 viam
1214 2112 1538 2171 creationis
1560 2155 1576 2183 ‚
1613 2105 1682 2171 id
1728 2114 1828 2172 est
1854 2156 1874 2186 ,
1907 2126 1987 2171 ex
2021 2107 2355 2173 territorio
2405 2107 2508 2173 vel

270 2221 510 2305 populo
558 2220 643 2285 ad
686 2221 932 2286 nullam
981 2220 1348 2306 parochiam
1394 2228 1587 2286 antea
1644 2222 2028 2303 pertinenti.
2091 2222 2254 2285 Hinc
2297 2222 2511 2287 solent

271 2338 615 2401 canonistae
659 2354 879 2400 casum
917 2336 1133 2414 illum,
1177 2340 1407 2417 utpote
1439 2335 1550 2400 vix
1585 2354 1872 2423 unquam
1922 2337 2314 2421 practicam,
2354 2356 2514 2425 prae·

270 2453 660 2526 termittere.
701 2454 798 2517 De
839 2470 969 2540 quo
997 2458 1065 2519 et
1093 2471 1237 2531 nos,
1276 2449 1573 2518 eamdem
1618 2452 1701 2522 ob
1734 2471 2027 2542 causam,
2069 2473 2274 2538 panca
2321 2451 2508 2519 dum-

273 2576 448 2634 taxat
480 2567 954 2648 adnotabimus,

356 2688 409 2750 Ι.
462 2684 749 2763 Dubium
778 2704 909 2749 non
933 2691 1032 2749 est
1063 2681 1148 2747 ad
1179 2681 1568 2749 ordinariam
1602 2684 1902 2768 Episcopi
1930 2692 2325 2767 potestatem
2359 2705 2506 2769 per-

268 2802 499 2877 tinere,
531 2820 676 2865 eam
707 2799 1010 2866 dioecesis
1028 2818 1156 2863 suae
1188 2799 1634 2883 regiunculam
1661 2800 2030 2886 plebemve,
2055 2820 2197 2885 quae
2219 2799 2508 2867 nondum

265 2917 381 2987 ulli
420 2915 738 2999 parochiae
770 2915 1097 2998 adscripta
1126 2915 1318 2992 foret,
1346 2916 1415 2978 in
1449 2915 1822 2998 parochiam
1857 2917 2149 3000 erigere3
2187 2917 2255 2983 id
2289 2926 2388 2984 est
2422 2919 2506 2982 ibi

265 3030 672 3097 sacerdotem
717 3031 1135 3106 constituere,
1171 3031 1279 3114 qui
1312 3032 1577 3115 proprio
1607 3032 1863 3096 nomine
1902 3039 1972 3095 et
2006 3052 2086 3096 ex
2127 3030 2334 3097 officio
2371 3033 2511 3096 illa-

265 3168 410 3213 rum
453 3148 815 3212 animarum
854 3165 1075 3211 curam
1117 3151 1442 3209 exerceat.
1490 3144 1567 3210 Id
1607 3167 1643 3209 a
1677 3147 1935 3212 fortiori
1968 3149 2271 3232 sequitur
2304 3167 2385 3212 ex
2425 3167 2503 3210 eo

263 3263 443 3348 quod
475 3264 675 3350 possit
709 3263 805 3349 (ut
835 3262 1004 3326 infra
1036 3259 1403 3346 probatur),
1441 3267 1508 3325 et
1538 3259 1805 3344 quidem
1843 3262 1905 3324 vi
1944 3259 2286 3326 ordinariae
2321 3268 2507 3344 pote»

262 3381 448 3444 statis
477 3399 631 3456 suae,
672 3397 793 3461 pcr
826 3378 993 3443 viam
1019 3379 1213 3442 etiam
1253 3374 1840 3450 dismembrationis
1876 3396 2080 3442 novas
2115 3377 2373 3458 erigere
2400 3396 2505 3462 pa-

272 3494 547 3560 rochias.

332 3786 402 3847 (Ι)
443 3785 497 3833 In
527 3782 799 3843 regionibns
839 3779 1114 3839 infidelium,
1152 3777 1209 3826 ad
1254 3777 1391 3825 fidem
1428 3781 1703 3828 catholicam
1747 3780 1926 3829 noviter
1953 3783 2180 3841 subactis,
2213 3781 2353 3842 datur
2380 3781 2511 3830 locus

270 3892 493 3944 novarum
521 3875 783 3926 dioeceseou
811 3873 1068 3936 erectioni3
1110 3880 1155 3921 et
1189 3872 1236 3919 in
1268 3873 1534 3933 hujusmodi
1583 3873 1729 3922 semel
1759 3875 2022 3922 constitutis
2060 3874 2341 3925 dioecesibus
2372 3890 2506 3936 repe-

268 3973 453 4019 riuntur
474 3971 524 4018 in
553 3970 801 4030 parochias
820 3965 1132 4016 distribuendi
1161 3947 1339 4028 populi}
1362 3967 1440 4028 qni
1474 3967 1591 4014 nulli
1620 3965 1773 4016 adhuc
1806 3968 2037 4028 parochias
2061 3969 2283 4030 adscripti
2304 3969 2504 4018 fuerant.

271 4065 383 4113 Item
410 4067 458 4112 in
479 4064 635 4112 Gallia
656 4076 777 4110 anno
806 4063 928 4109 1801
964 4059 1193 4121 crigendae
1218 4059 1403 4108 fuerunt
1432 4075 1516 4122 per
1536 4062 1655 4108 vium
1689 4061 1937 4110 creationis
1963 4063 2192 4122 parochiae
2215 4084 2226 4122 ς
2258 4064 2296 4110 si
2319 4062 2505 4124 quidem

267 4160 543 4208 anctoritate
578 4155 816 4218 pontificia
840 4168 1003 4202 omnes
1046 4167 1346 4216 quaecumque
1375 4161 1483 4202 tunc
1520 4154 1744 4216 temporis
1781 4156 2041 4216 exstabant,
2080 4169 2343 4218 suppressa»
2368 4167 2507 4220 atque

268 4255 506 4310 exsunmae
534 4251 751 4309 snei-ann
776 4249 845 4296 ita
873 4255 923 4297 ut
945 4248 1126 4296 noviter
1152 4255 1332 4306 erectae,
1362 4260 1451 4296 non
1478 4261 1533 4296 ex
1562 4248 1732 4296 unione
1760 4250 1830 4296 vel
1854 4247 2263 4314 dismembratione
2280 4253 2380 4311 jam
2407 4253 2509 4304 axi-

270 4347 491 4395 stentiunt
518 4343 773 4394 efformatae
798 4341 911 4402 sint,
934 4340 1017 4388 sed
1048 4340 1093 4389 in
1121 4341 1273 4394 locum
1304 4341 1611 4392 extincturum
1640 4350 1687 4390 ct
1707 4343 1802 4403 jam
1833 4356 1924 4392 non
1950 4344 2244 4393 existentium
2266 4357 2506 4393 successe-

269 4451 377 4488 rint.
