3146 4973
1247 387 1408 437 rans
1454 388 1683 437 rainu.
2456 377 2583 442 105

351 509 604 575 tionum
637 510 1066 576 Romanarum
1086 557 1103 590 ,
1161 507 1614 596 delegatorum
1660 513 1852 596 Papae
1871 560 1888 591 ,
1932 530 2184 580 necnon
2225 513 2591 599 jurisdictio

349 623 744 691 Patriarchis
766 675 783 707 ,
857 626 1251 693 Primatibus
1270 674 1288 706 ,
1362 628 2003 715 Archiepiscopisque
2079 630 2378 715 propria)
2437 640 2592 699 sunt

349 759 578 806 omnes
612 741 1037 807 institutionis
1071 742 1544 809 ecclesiasticae.

435 857 577 922 Non
605 875 764 941 ergo
799 855 1045 924 inficias
1071 858 1259 937 imus,
1295 852 1753 926 in‘hierarchia
1787 858 2254 944 jurisdictionis
2280 863 2582 925 divinitus

343 978 654 1054 instituta,
701 976 939 1040 merito
976 975 1191 1040 vocari
1226 975 1583 1060 Episcopos
1626 979 1871 1041 secundi
1897 974 2143 1042 ordinis
2187 975 2581 1043 hierarchas.

343 1086 638 1153 Dicimus
657 1094 876 1154 autem
892 1137 909 1169 ,
938 1096 1188 1156 attenta
1211 1090 1568 1157 hierarchia
1581 1095 2034 1175 jurisdictionis
2060 1109 2257 1156 :nam
2280 1092 2334 1157 si
2355 1099 2588 1176 agatur

343 1200 430 1267 de
456 1201 819 1268 hierarchia
847 1207 1112 1284 ordinis,
1148 1224 1279 1271 non
1306 1204 1619 1283 secundo,
1657 1203 1776 1271 sed
1808 1205 2016 1290 primo
2043 1197 2199 1272 loco
2225 1213 2397 1272 stant
2436 1206 2585 1289 Epi·

343 1317 554 1400 scopi,
583 1324 814 1401 utpote
833 1319 946 1403 qui
966 1318 1089 1402 ipsi
1115 1320 1305 1403 Papae
1328 1319 1558 1386 ordine
1583 1320 1928 1387 inferiores
1965 1339 2375 1407 nequaquam
2398 1325 2572 1401 sunt,

341 1429 463 1497 sed
486 1450 755 1515 prorsus
794 1433 1096 1519 aequales.
1126 1435 1295 1499 Item
1321 1431 1601 1500 dicimus
1630 1441 1881 1501 attenta
1910 1434 2273 1502 hierarchia
2320 1434 2588 1520 jurisdi-

342 1549 575 1613 ctionis
623 1551 923 1612 divinitus
971 1555 1288 1630 instituta,·
1315 1550 1465 1636 quia
1511 1570 1593 1617 ex
1638 1548 2057 1635 dispositione
2112 1550 2544 1616 ecclesiastica
2560 1600 2577 1629 ,

341 1670 564 1747 potest
593 1664 871 1747 simplex
901 1662 1232 1743 diaconuS,
1276 1686 1315 1731 a
1349 1667 1529 1750 Papa
1564 1663 1926 1751 delegatus,
1957 1665 2477 1753 jurisdictionem
2509 1673 2578 1731 et

337 1780 408 1843 in
432 1780 606 1862 ipsos
630 1780 979 1865 Episcopos
1007 1780 1274 1847 habere.
1308 1781 1475 1857 Imo,
1509 1780 1670 1848 sede
1698 1782 2228 1868 archiepiscopali
2258 1786 2528 1847 vacante
2554 1829 2571 1859 ‚

337 1895 911 1977 metropolitanum
975 1896 1330 1981 capitulum
1349 1945 1365 1975 ,
1430 1895 1762 1981 ipsiusque
1826 1897 2102 1962 vicarius
2162 1896 2537 1981 capitularis
2560 1942 2575 1973 ,

337 2011 624 2097 aliquam
658 2010 855 2077 habet
883 2013 950 2077 in
978 2011 1418 2097 suffraganeos
1449 2013 1800 2097 Episcopos
1826 2011 2370 2098 jurisdictionem.

338 2253 497 2323 tam,
559 2244 846 2309 occurrit
900 2244 1097 2309 etiam
1149 2240 1234 2308 de
1274 2242 1578 2327 parochis
1626 2243 1895 2327 quaestio
1961 2260 1978 2305 t
2030 2262 2114 2308 an
2157 2242 2408 2308 scilicet
2453 2245 2575 2326 ipsi

337 2358 699 2424 hierarchae
742 2356 1054 2422 divinitus
1109 2358 1393 2423 instituti
1448 2358 1599 2424 sint.
1632 2354 1988 2453 ‘Affirmant
2031 2355 2414 2441 parochistoe
2432 2406 2449 2435 ,
2500 2366 2576 2423 ut

339 2494 540 2559 supra
578 2471 892 2556 vidimus3
942 2478 1013 2538 et
1062 2473 1233 2539 sicut
1276 2471 1364 2539 ad
1403 2469 1763 2556 regendam
1800 2472 2152 2538 Ecclesiam
2183 2472 2310 2539 Dei
2359 2472 2575 2556 posuit

336 2590 632 2658 Christus
678 2588 887 2672 primo
929 2587 1074 2654 loco
1118 2589 1385 2671 Papam,
1423 2587 1715 2655 secundo
1746 2607 1906 2654 vero
1936 2588 2307 2673 Episcopus,
2341 2589 2430 2654 ita
2465 2608 2572 2655 vo—

336 2708 483 2773 lunt
506 2725 544 2770 a
576 2702 829 2772 Christo
863 2703 1114 2787 pariter
1141 2703 1508 2769 institutum
1533 2702 1734 2770 fuisse
1766 2702 2200 2787 parochorum
2244 2702 2564 2782 ordinem,

335 2823 446 2908 qui
476 2821 599 2888 sub
631 2820 985 2905 Episcopis,
1021 2820 1087 2884 in
1130 2819 1328 2884 tertio
1368 2818 1749 2885 hierarchiae
1791 2817 2026 2903 gradu,
2062 2826 2313 2886 starent
2352 2827 2422 2885 et
2456 2838 2572 2903 po-

337 2939 528 3023 pulos
547 2936 1015 3020 gubernarent.
1047 2936 1256 3017 Quem
1286 2952 1585 3001 errorem
1622 2937 1923 3020 sequenti
1967 2933 2377 3020 paragrapho
2413 2954 2567 3001 con-

335 3054 648 3120 futamus.

425 3168 848 3233 Hieran-chiam
875 3169 1139 3244 honoris,
1175 3184 1293 3231 seu
1320 3166 1827 3250 praeeminentiae
1863 3185 2010 3233 eam
2048 3184 2375 3244 vocamus,
2420 3185 2563 3251 quae

334 3287 399 3350 in
425 3284 577 3370 jure
606 3280 1026 3368 praecedendi
1055 3279 1349 3347 consistit
1379 3303 1396 3365 ;
1438 3283 1577 3347 sive
1617 3280 1725 3367 jus
1764 3279 1932 3348 illud
1963 3299 2046 3347 ex
2087 3299 2273 3347 sacro
2304 3279 2557 3358 ordine,

333 3403 472 3466 sive
527 3417 611 3463 ex
660 3397 1132 3483 jurisdictione,
1175 3396 1314 3463 sive
1354 3416 1436 3462 ex
1490 3395 1617 3463 alio
1663 3396 1883 3474 titulo,
1923 3394 2098 3461 hunc
2147 3393 2566 3477 praecedendi

332 3514 640 3581 affectum
671 3511 978 3590 habente,
1017 3513 1370 3579 exoriatur.
1414 3510 1605 3578 Unde
1649 3511 1795 3578 fieri
1844 3518 2064 3595 potest
2111 3518 2186 3575 ut
2230 3511 2341 3595 qui
2373 3528 2566 3593 pares

332 3631 594 3695 omnino
644 3636 798 3695 sunt
838 3626 1067 3698 ordine
1105 3634 1177 3693 et
1204 3625 1677 3713 jurisdictione,
1713 3628 1992 3711 impares
2042 3633 2263 3692 tamen
2312 3626 2381 3690 in
2432 3626 2571 3691 hie-

333 3746 584 3813 rarchia
627 3746 736 3812 illa
779 3745 1277 3829 proeeminentiae
1321 3745 1779 3830 reperiantur3
1819 3746 1933 3821 sic,
1974 3743 2163 3810 verbi
2193 3745 2421 3827 gratia,
2459 3763 2565 3810 ca·-

330 3861 600 3929 nonicus
672 3861 1042 3946 presbyter,
1124 3868 1356 3944 utpote
1418 3869 1837 3945 personatum
1904 3860 2149 3927 habens
2173 3906 2190 3938 ,
2254 3859 2568 3945 proecedit

329 3977 726 4063 presbytero
779 3995 910 4042 non
960 3977 1298 4055 canonico,
1331 3977 1494 4044 licet
1535 3978 1729 4042 ambo
1773 3973 2003 4043 ordine
2054 3995 2247 4061 pares
2298 3977 2426 4043 sint
2443 4025 2459 4055 ,
2496 3983 2566 4041 et

322 4091 776 4179 jurisdictione
812 4094 1150 4178 aequaliter
1184 4093 1508 4159 destituti.

415 4210 568 4274 flaec
598 4207 686 4275 de
714 4207 1088 4274 hierarchiae
1119 4208 1438 4276 vocabulo
1470 4216 1541 4274 et
1587 4209 1782 4276 variis
1812 4208 2191 4276 hierarchiae
2222 4209 2567 4292 speciebus

333 4324 686 4407 praenotari
713 4342 976 4390 necesse
1007 4323 1152 4402 fuit,
1178 4343 1286 4402 ne,
1309 4322 1468 4390 dum
1485 4324 2000 4408 parochistarum
2018 4343 2309 4392 errorem
2340 4324 2567 4408 explo-

330 4439 598 4523 demus;
636 4439 904 4525 aliquod
932 4440 1027 4506 eis
1053 4447 1386 4506 remaneat
1413 4459 1498 4505 ex
1525 4440 1699 4506 vocis
1747 4441 2168 4526 ambiguitate
2218 4438 2552 4521 effugium.
