3146 4973
1112 405 1268 451 mas
1315 406 1603 465 omn-m.
2356 388 2481 453 509

1303 661 1446 732 53.

518 879 824 928 Concluditur
849 892 1058 941 quaenam
1079 880 1336 929 functiones
1372 891 1458 939 pro
1489 878 1841 938 parochialibus
1862 878 2086 927 habendae
2106 881 2214 927 sint.

346 1109 745 1174 Pnorosl‘rlo
776 1111 852 1173 1⁸.
891 1145 975 1155 —
1015 1112 1359 1172 Benedictio
1398 1112 1587 1187 sontis
1625 1111 2005 1190 baptismalis
2049 1116 2139 1169 est
2171 1112 2491 1189 functioni-

264 1228 364 1288 bus
405 1227 854 1305 parochialibus
897 1229 1373 1287 annumeranda.
1428 1261 1508 1272 ..-
1564 1225 1722 1287 Nam
1774 1222 1856 1289 ad
1904 1224 2176 1289 dubium
2230 1233 2487 1289 sextum

263 1340 572 1424 praeallati
608 1340 858 1405 decreti
909 1338 1349 1423 respondetur
1401 1337 1667 1422 quidem
1732 1340 1904 1404 illam
1963 1338 2488 1405 benedictionem

262 1475 386 1521 non
424 1475 567 1521 esse
614 1460 688 1519 de
709 1459 955 1538 juribus
983 1475 1141 1518 mere
1156 1456 1641 1536 parochialibus‚·
1669 1453 1789 1520 sed
1826 1453 2109 1532 additur,
2146 1455 2321 1518 illam
2354 1456 2493 1531 fiere·

262 1576 465 1635 debere
503 1593 543 1633 a
567 1573 853 1653 parochis
884 1593 904 1633 .·
941 1590 1083 1655 quae
1119 1589 1316 1636 voces
1344 1569 1517 1634 idem
1561 1579 1816 1647 sonant,
1855 1590 1928 1635 ac
1960 1571 2010 1634 si
2050 1589 2357 1653 expresse
2402 1571 2495 1637 di-

267 1696 548 1764 ceretur,
584 1686 904 1771 ejusmodi
940 1685 1462 1783 benedictionem
1492 1704 1633 1751 esse
1661 1685 1739 1750 ad
1779 1686 2175 1768 parochiales
2214 1686 2492 1752 functio-

267 1822 381 1868 nes
409 1802 844 1868 referendam.

356 1918 751 1983 PROPosnuo
777 1918 888 1981 11⁸.
931 1954 1021 1965 -
1054 1921 1240 1979 Missa
1274 1920 1553 1979 solemnis
1575 1919 1745 1995 ferioe
1780 1921 1830 1977 V
1850 1923 1916 1980 in
1940 1936 2101 1979 coena
2124 1920 2369 1981 Domini
2404 1930 2495 1983 est

266 2040 448 2096 etiam
471 2036 545 2096 de
567 2034 974 2112 functionibus
995 2033 1474 2113 parochialibus,
1500 2069 1592 2080 —-
1618 2032 1776 2095 Nam
1796 2030 1877 2095 ad
1911 2030 2183 2096 dubium
2216 2033 2368 2098 vm
2395 2053 2495 2100 re-

268 2148 629 2242 spondetur
675 2148 945 2231 pariter,
1003 2146 1197 2230 hujus
1249 2148 1452 2211 missae
1500 2146 2005 2212 celebrationem
2033 2167 2161 2212 non
2191 2168 2331 2215 esse
2364 2154 2499 2235 qui-

271 2262 425 2329 dem
456 2263 536 2328 de
565 2263 817 2348 juribus
854 2260 1352 2346 parochialibuS,
1404 2260 1522 2326 sed
1564 2261 1834 2327 additur
1875 2263 2049 2328 illam
2096 2274 2362 2345 spectare
2416 2272 2500 2330 acl

267 2380 575 2461 parochos,

361 2497 755 2563 Pnorosl'rlo
794 2497 933 2559 mn.
965 2529 1054 2542 —-
1094 2497 1544 2557 Benedictiones
1587 2496 1906 2556 mulierum
1929 2504 2072 2576 post
2094 2507 2345 2577 partum
2378 2520 2500 2562 esse

271 2615 347 2675 de
365 2615 770 2691 sanctionibus
805 2611 1252 2690 parochialibus
1288 2613 1489 2690 fuerat
1528 2613 1689 2672 dicto
1730 2612 1962 2673 decreto
2001 2614 2163 2676 1703
2206 2617 2500 2692 decisnm;

272 2731 378 2790 secl
399 2733 619 2790 iterum
637 2733 848 2808 postea
869 2732 1237 2788 intervenere
1264 2728 1702 2788 declarationes
1739 2732 2108 2788 contrarium
2143 2735 2494 2794 statuentes.

279 2878 357 2891 —-
391 2842 584 2924 Quod
619 2863 701 2908 ex
735 2841 1007 2908 decreto
1049 2842 1198 2905 anni
1255 2844 1418 2906 1703
1470 2840 1858 2923 parochialis
1895 2840 2145 2908 functio
2175 2846 2504 2910 censenda

275 2960 360 3023 sit
396 2959 742 3042 puerperis
779 2954 1216 3040 impertienda
1265 2954 1667 3031 benedictio,
1717 2964 1901 3037 patet
1952 2961 2368 3040 responsione
2420 2963 2503 3026 ad

278 3072 549 3138 dubium
578 3075 708 3156 VI;
739 3074 806 3136 in
837 3091 965 3156 qua
995 3078 1272 3154 negatur
1306 3068 1571 3154 quidem
1610 3069 2135 3137 benedictionem
2163 3075 2334 3140 illam
2365 3096 2504 3142 esse

277 3191 354 3252 cle
376 3191 621 3270 juribus
639 3188 1117 3269 parochialibus,
1155 3184 1273 3250 sed
1312 3203 1624 3267 expresse
1673 3183 1941 3250 additur
1982 3185 2162 3252 illam
2195 3189 2509 3256 nihilomi-

280 3323 405 3368 nus
431 3305 569 3382 fieri
591 3307 800 3400 debere
824 3324 868 3403 a
895 3304 1194 3384 parochis,
1239 3301 1483 3366 Atvero
1522 3302 1921 3366 contrarium
1964 3311 2189 3384 postea
2227 3303 2509 3371 declara-

281 3427 425 3485 tum
449 3421 802 3503 reperitur.
834 3417 1035 3483 Verbi
1064 3418 1290 3500 gratia,
1316 3419 1379 3479 in
1416 3419 1831 3495 Derthonensz'‚
1868 3426 1901 3482 7
1929 3416 2332 3486 decembris]
2355 3425 2504 3500 720,

282 3533 369 3599 ad
400 3534 670 3599 dubium
713 3553 842 3619 quo
882 3533 1300 3617 quoerebatur
1336 3530 1420 3596 ad
1462 3552 1659 3616 quem
1711 3541 2037 3615 spectaret
2083 3535 2190 3618 jus
2244 3537 2512 3603 benedi·

287 3648 476 3714 cendi
511 3668 890 3732 puerperas,
929 3650 1124 3713 Sacra
1170 3648 1602 3731 Congregatio
1652 3649 1919 3713 Concilii
1950 3668 2258 3732 expresse
2289 3650 2514 3718 decre-

286 3767 404 3843 vit,
439 3786 562 3828 esse
591 3771 659 3828 in
688 3768 963 3829 libertate
996 3782 1433 3846 puerperarum
1462 3766 1734 3826 accedere
1774 3767 1857 3827 ad
1886 3786 2307 3848 qua-meumque
2337 3773 2515 3832 eccle-

284 3888 440 3945 siam
469 3885 587 3945 sibi
613 3884 945 3945 benevisam
975 3882 1060 3967 (in
1100 3882 1400 3943 Thesauro
1437 3881 1889 3957 resolutionum,
1921 3888 2101 3945 tomo
2134 3887 2191 3957 l,
2233 3903 2298 3965 p.
2326 3884 2507 3968 299).

285 3999 490 4063 Aliam
528 3999 596 4061 in
632 3998 803 4062 hunc
834 4015 1095 4061 sensum
1126 3993 1419 4079 ejusdem
1452 3994 1976 4076 Congregationis
2014 3995 2515 4065 declarationem

287 4115 443 4177 anni
476 4115 667 4189 1708,
704 4110 973 4177 adducit
1004 4109 1254 4176 Giraldi
1288 4112 1375 4197 (in
1404 4111 1536 4174 suis
1570 4113 2017 4174 Additamentis
2054 4117 2137 4175 acl
2157 4118 2507 4194 Barbosam,

287 4231 368 4291 de
412 4227 622 4304 Officio
652 4228 928 4307 parochi,
983 4229 1192 4309 capite
1250 4230 1351 4303 12,
1408 4247 1473 4289 n.
1535 4224 1663 4309 12).
1708 4226 1849 4306 Qua
1886 4236 2099 4293 stante
2145 4228 2519 4298 declaratio-

290 4359 453 4406 num
479 4342 944 4406 contrarietate
979 4340 1132 4425 quid
1164 4340 1689 4406 concludendum
1717 4342 1821 4419 sit,
1854 4340 2255 4410 doctioribus
2279 4367 2522 4430 expen-

290 4455 588 4522 dendum
627 4458 946 4539 relinquo.
991 4455 1332 4520 Adnotabo
1370 4456 1734 4534 dumtaxat,
1787 4459 2128 4540 praefatum
2181 4458 2519 4526 decretum
