3146 4973
1219 427 1376 475 rans
1423 427 1692 485 Quium.
2449 415 2570 478 597

342 555 532 637 cipua
569 552 730 619 fidei
778 555 1109 638 mysteria,
1150 553 1304 637 quin
1349 560 1566 618 tamen
1608 550 1815 618 dictas
1849 552 2161 619 formulas
2204 555 2581 621 memoriter

340 671 618 736 recitare
648 670 884 735 valeat.

433 787 497 849 4.
535 784 899 870 Antequam
955 784 1433 849 matrimonium
1494 783 1947 862 contrahatur,
1984 783 2187 850 debet
2232 784 2576 868 parochuS,

338 901 550 967 tribus
599 902 922 966 continuis
976 898 1211 965 diebus
1259 900 1534 976 festiviS,
1569 903 1637 964 in
1687 901 1984 978 ecclesia,
2023 902 2197 966 inter
2244 902 2580 968 missarum

340 1018 672 1094 solemnia,
710 1015 1244 1082 denuntiationes
1266 1016 1509 1081 facere.
1547 1018 1648 1080 Ita
1677 1036 1984 1099 expresse
2016 1015 2357 1083 decretum
2380 1038 2417 1082 a
2439 1038 2585 1084 con-

343 1134 491 1199 cilio
537 1131 918 1199 Tridentino
959 1134 1139 1217 (sess.
1188 1135 1295 1208 24,
1342 1150 1488 1216 cap.
1531 1136 1590 1207 1,
1628 1137 1703 1196 de
1746 1137 1876 1213 Res.
1927 1131 2252 1215 matrim).
2302 1133 2584 1199 Additur

340 1257 560 1314 tamen
593 1250 659 1313 iu
706 1249 905 1314 citato
943 1251 1188 1333 capite:
1225 1255 1371 1314 Nisi
1406 1252 1775 1314 ordinarius
1804 1255 1930 1333 ipse
1957 1253 2239 1332 expedire
2266 1253 2583 1332 judicave-

341 1370 449 1442 rit,
489 1373 556 1426 ut
570 1367 890 1446 praedictae
912 1367 1400 1429 denuntiationes
1427 1371 1839 1430 remittantur.

438 1483 499 1544 5.
532 1482 707 1559 Quod
742 1487 799 1542 si
832 1483 1163 1561 aliquando
1209 1483 1540 1561 probabilis
1585 1483 1775 1561 fuerit
1812 1487 2091 1563 suspicio,
2135 1489 2584 1546 matrimonium

343 1598 641 1659 malitiose
670 1598 957 1677 impediri
976 1615 1170 1678 posse,
1209 1601 1264 1657 si
1311 1602 1400 1659 tot
1429 1602 1845 1677 praecesserint
1889 1599 2390 1673 denuntiationes,
2445 1606 2583 1659 tunc

343 1713 439 1773 vel
466 1729 588 1772 una
626 1717 858 1773 tantum
890 1714 1272 1774 denuntiatio
1300 1710 1438 1788 fiat,
1468 1712 1563 1772 vel
1590 1712 1805 1776 saltem
1843 1712 2101 1792 parocho
2128 1718 2187 1773 et
2230 1714 2456 1774 duobus
2486 1715 2580 1773 vet

345 1829 538 1889 tribus
575 1828 839 1888 'testibus
865 1829 1264 1907 praesentibus
1303 1831 1755 1890 matrimonium
1800 1829 2154 1890 celebretur:
2189 1830 2404 1891 deinde
2439 1834 2580 1892 ante

345 1943 517 2004 illius
538 1948 1098 2005 consummationem
1125 1945 1609 2006 denuntiationes
1631 1945 1962 2006 in'ecclesia
1983 1944 2162 2020 fiant.
2206 1943 2580 2027 (Concilium

344 2054 551 2134 Trid„
595 2058 721 2122 loc.
767 2054 905 2140 cit.)
935 2057 1051 2122 Illa
1093 2063 1318 2123 autem
1348 2056 1706 2123 Tridentini
1743 2057 1998 2122 concilii
2027 2058 2228 2124 verba
2258 2059 2349 2123 ita
2391 2057 2581 2123 intel-

339 2169 598 2254 ligenda
629 2181 805 2250 sunt,
850 2180 947 2248 ut,
993 2173 1185 2237 etiam
1213 2173 1281 2236 in
1320 2191 1474 2237 casu
1516 2191 1647 2258 quo
1681 2174 1916 2240 merito
1950 2176 2222 2239 timetur
2258 2192 2339 2237 ne
2367 2174 2581 2238 matri-

341 2288 627 2353 monium
663 2287 977 2354 malitiose
1025 2286 1442 2374 impediatur,
1478 2306 1608 2353 non
1633 2290 1837 2371 possit
1867 2288 2190 2371 parochus
2235 2287 2579 2355 denuntia-

338 2403 546 2467 tiones
568 2404 868 2468 omittere
898 2402 1142 2488 absque
1164 2402 1491 2468 Ordinarii
1527 2402 2004 2486 dispensatione
2027 2425 2042 2485 ;
2077 2404 2197 2468 nisi
2216 2403 2388 2468 forte
2414 2401 2576 2470 adeo

336 2524 610 2601 urgeret
652 2518 1018 2601 periculum
1060 2524 1136 2583 ut
1181 2538 1311 2583 non
1359 2519 1634 2585 daretur
1671 2525 1933 2601 tempus
1979 2517 2264 2584 adeundi
2308 2516 2577 2585 Ordina-

335 2633 506 2698 rium
541 2651 664 2716 pro
708 2631 1060 2699 obtinenda
1107 2632 1610 2717 dispensatione.
1646 2634 1835 2720 (Vide
1856 2634 2229 2711 Barbosam,
2255 2637 2330 2698 de
2366 2635 2574 2713 Officio

329 2750 603 2830 parochi,
635 2766 783 2813 cum
811 2752 1024 2813 Addit.
1059 2749 1330 2826 Giraldi‚
1361 2769 1419 2813 c.
1446 2752 1554 2826 21,
1595 2770 1662 2814 n.
1700 2748 1837 2832 24.)
1870 2751 2114 2815 Atvero
2151 2758 2339 2815 extra
2368 2749 2575 2815 dictos

336 2882 541 2943 casuS,
571 2866 889 2948 parochus
933 2866 1411 2932 matrimonium
1455 2867 1816 2943 celebrum,
1850 2867 2095 2932 omissis
2138 2865 2573 2932 denuntiatio-

336 2980 548 3057 nibus,
591 2980 1025 3063 proculdubio
1061 2983 1349 3065 graviter
1392 2991 1646 3065 peccat.

426 3098 491 3161 6.
544 3120 573 3159 α
597 3096 1000 3180 Quamquam
1049 3116 1179 3163 non
1210 3097 1401 3162 cadat
1437 3097 1559 3163 sub
1597 3106 1945 3182 praecepto,
1987 3097 2167 3182 quod
2198 3098 2410 3181 ipsum
2440 3116 2574 3163 ma-

340 3234 373 3273 «
407 3212 784 3277 trimonium
831 3213 1255 3277 contrahatur
1300 3214 1366 3277 in
1418 3213 1714 3290 ecclesia,
1752 3220 1970 3278 tamen
2017 3215 2153 3298 ipsa
2199 3212 2571 3281 benedictio

342 3352 371 3387 α
412 3328 936 3396 contrahentium
961 3349 997 3395 a
1029 3328 1324 3412 parochis
1351 3328 1647 3395 facienda
1670 3330 1856 3394 estin
1882 3330 2176 3395 ecclesia.
2213 3330 2373 3395 Cum
2398 3330 2570 3395 enim

341 3466 375 3505 α
412 3447 618 3510 Sacrae
663 3446 1156 3529 Congregationi
1188 3445 1455 3509 Concilii
1484 3445 1891 3528 propositum
1916 3445 2118 3510 fuerit
2148 3443 2271 3511 hoc
2298 3443 2570 3510 dubium

341 3582 374 3621 α
416 3561 505 3644 (in
529 3579 656 3625 una
693 3559 1138 3644 Bianor-sensa:
1175 3580 1260 3625 an
1288 3559 1661 3626 benedictio
1697 3561 2216 3627 contrahentium
2246 3561 2573 3626 matrimo-

341 3698 375 3735 α
410 3676 516 3739 nia
546 3677 742 3758 possit
770 3695 808 3739 a
837 3675 1118 3758 parocho
1147 3675 1296 3740 fieri
1321 3684 1507 3742 extra
1531 3676 1894 3753 ecclesiam,
1924 3695 2040 3741 seu
2068 3676 2285 3759 potius
2315 3677 2567 3759 precise

340 3815 372 3851 «
409 3790 495 3856 sit
548 3790 844 3856 facienda
899 3792 965 3855 in
1017 3791 1334 3856 ecclesia?
1383 3792 1572 3857 Sacra
1634 3790 2061 3874 congregatio
2125 3791 2390 3857 Concilii
2438 3791 2566 3858 -die

338 3932 370 3969 α
417 3912 491 3974 17
551 3907 773 3993 aprilis
839 3907 1029 3984 1649,
1093 3905 1449 3990 respondit,
1488 3906 1856 3972 faciendam
1898 3926 2039 3972 esse
2085 3908 2151 3970 in
2204 3908 2493 3973 ecclesia.
2534 3936 2562 3968 »2

337 4023 644 4110 (Giraldi‚
676 4026 1105 4088 Additamento
1154 4026 1237 4085 ad
1277 4025 1635 4096 Βανῠοεαηι,
1670 4025 1745 4086 de
1786 4022 1996 4101 Officio
2040 4024 2317 4105 parochi,
2356 4042 2415 4088 c.
2452 4026 2561 4101 21,

331 4160 399 4203 n.
437 4138 577 4222 29.)

430 4258 492 4314 7.
537 4248 826 4330 Quilibet
877 4250 1326 4327 confessarium
1363 4249 1689 4334 praecipue
1746 4267 1901 4317 vero
1958 4252 2279 4334 parochus
2327 4251 2565 4317 callere

337 4366 544 4447 debet
603 4366 986 4431 servandam
1048 4368 1331 4449 praxim,
1367 4385 1488 4449 pro
1546 4366 1897 4433 obtinenda
1943 4367 2252 4435 facultate
2303 4388 2340 4433 a
2383 4386 2565 4434 sacra

337 4482 818 4568 poenitentiaria
852 4480 1309 4550 convalidaudi
1341 4481 1817 4551 matrimonium
1842 4482 2110 4551 nulliter
2131 4489 2559 4551 contractum.
