3146 4973
528 341 658 402 358
1203 350 1584 399 TRACTATUS
1625 353 1713 399 nr:
1755 352 2083 400 rnocno.

525 481 651 546 sios
697 479 1053 545 transmitti
1096 485 1468 554 curaverat,
1512 477 1864 544 articulum
1911 476 2108 554 hunc,
2168 477 2291 542 etsi
2352 497 2484 544 uon
2530 499 2744 558 sensu,

525 595 743 663 verbis
767 602 987 659 tamen
1011 592 1345 658 diversum
1364 594 1689 675 tantisper
1716 591 1915 657 fuisse
1933 588 2050 677 (l);
2087 598 2158 658 et
2187 594 2745 679 mumtaquidem,

521 719 867 795 antequam
896 710 1154 774 Parisiis
1180 727 1217 773 a
1250 708 1546 792 partibus
1572 708 2126 788 subscriberetur,
2171 709 2486 776 nom&
2509 712 2747 795 ver-hu

520 836 589 892 at
620 828 789 891 circa
821 827 1271 910 praescriptum
1324 844 1714 892 concursum
1767 824 1947 889 nihil.
1997 827 2087 898 Ut
2133 824 2301 891 adeo
2346 828 2438 892 sio
2463 829 2754 910 rigorose

522 945 704 1028 argui
740 961 927 1026 posse
965 941 1273 1010 videatur
1326 964 1339 1005 :
1394 943 1448 1010 si
1495 960 1848 1007 concursus
1896 940 2240 1024 disciplina
2281 943 2751 1012 excluderetur

522 1059 622 1123 his
672 1058 890 1124 verbis
915 1107 930 1136 ‚
986 1062 1266 1140 Episcopi
1318 1062 1402 1120 aa
1457 1063 1751 1140 paroecias
1795 1060 2227 1136 nominabunt,
2284 1057 2753 1126 excluderetur

520 1176 742 1252 etiam,
790 1181 859 1239 et
892 1196 930 1239 a
962 1174 1243 1263 fortiori,
1280 1174 1443 1255 istis,
1493 1179 1803 1239 Sanctitas
1831 1179 1957 1239 Sua
1993 1176 2262 1238 eomedit
2299 1178 2612 1258 Εμςαῃιῑε
2640 1184 2754 1259 juo

519 1294 864 1372 conferendi
891 1297 1219 1373 paroecias;
1267 1290 1447 1374 atqui
1476 1290 1954 1372 posterioribus
1982 1307 2113 1353 nou
2138 1289 2559 1374 excluditur3
2591 1310 2752 1377 engo

521 1427 641 1472 nec
680 1405 1023 1489 prioribus,
1063 1403 1254 1485 Quod
1285 1403 1549 1488 quidem
1580 1422 1739 1488 argu
1751 1412 2067 1484 mentum,
2096 1405 2256 1476 mihi
2290 1407 2745 1489 gravissimum

525 1525 629 1608 (ne
666 1522 877 1587 dicam
921 1516 1459 1605 peremptorium)
1495 1519 1783 1584 videtur.
1827 1522 1899 1584 4⁰
1930 1519 2124 1601 Quod
2161 1529 2380 1586 autem
2407 1520 2744 1607 objicitur,

520 1639 763 1722 primos
820 1643 966 1720 post
1015 1634 1478 1701 concordatum
1523 1635 1877 1719 Episcopos
1937 1635 2024 1701 de
2075 1636 2482 1703 instituendo
2534 1638 2751 1722 quoad

520 1760 826 1817 vacantes
853 1750 1187 1835 parochias
1215 1769 1536 1816 concursu
1567 1770 1695 1815 non
1720 1768 2002 1827 curasse,
2035 1753 2164 1817 vim
2195 1771 2324 1817 nou
2347 1751 2569 1818 hahet.
2599 1755 2752 1818 Ete-

518 1870 649 1932 nim
685 1888 767 1933 ex
811 1868 950 1950 ipso
984 1865 1343 1932 Tridentini
1392 1865 1650 1931 decreti
1707 1871 1895 1931 textu
1942 1885 2069 1931 non
2122 1876 2320 1950 urget
2367 1867 2752 1936 instituendi

518 2003 874 2051 concursus
919 1984 1026 2048 lex
1070 1981 1331 2068 quando
1374 1981 1979 2067 pertimescendum
2026 1983 2203 2049 foret
2243 2001 2445 2067 grave
2487 1983 2752 2069 aliquod

517 2101 847 2174 damnum,
883 2098 1066 2163 verbi
1093 2099 1321 2181 gratia,
1361 2098 1680 2163 factiones
1703 2105 1818 2162 aut
1848 2097 2181 2180 graviores
2211 2098 2752 2181 parochianorum

518 2217 670 2280 rixae
716 2234 730 2279 t
773 2216 941 2278 sicut
970 2233 1093 2279 nec
1127 2213 1372 2297 obligat
1408 2212 1672 2298 quaudo
1706 2219 1961 2279 certum
1994 2221 2097 2278 est
2125 2214 2378 2280 nulium
2401 2233 2752 2281 concum-

518 2351 681 2397 rum.
708 2334 889 2396 Tunc
907 2330 1151 2395 scilicet
1181 2330 1462 2396 liberum
1486 2338 1588 2395 est
1619 2329 1961 2413 Episcopo,
1989 2347 2151 2413 quos
2178 2347 2304 2412 pro
2327 2349 2444 2398 sua
2463 2329 2752 2414 prudeu-

515 2449 607 2514 tia
636 2447 955 2522 maluerit,
984 2444 1307 2532 parochiis
1328 2444 1697 2528 praeficere.
1722 2445 1758 2510 J
1763 2463 1864 2510 am
1893 2463 2053 2512 vero
2072 2463 2151 2511 ea
2179 2453 2345 2524 erat,
2376 2444 2752 2513 concordati

514 2571 833 2646 tempore,
884 2561 1302 2626 ecclesiarum
1350 2560 1567 2625 Gallias
1607 2558 1919 2639 conditio,
1965 2567 2040 2624 ut
2076 2560 2215 2626 siue
2261 2579 2496 2645 magno
2523 2562 2750 2646 populi

513 2676 852 2743 Christiani
905 2673 1164 2752 damno,
1222 2672 1543 2755 regularis
1572 2691 1927 2738 concursus
1956 2673 2166 2739 forma
2189 2675 2440 2739 servari
2474 2695 2608 2741 nou
2640 2694 2752 2759 po-

514 2794 766 2857 tuisset.
806 2790 925 2853 Vix
975 2787 1189 2854 adhuc
1234 2787 1455 2854 sedata
1505 2797 1670 2854 tunc
1713 2789 1941 2873 ingens
1981 2790 2092 2856 illa
2127 2790 2278 2855 anni
2329 2794 2494 2858 1793
2536 2792 2751 2858 accle-

514 2908 783 2972 siasticae
829 2905 1021 2970 simul
1061 2911 1129 2969 et
1175 2905 1385 2970 civilis
1418 2905 1514 2969 rei
1560 2905 1976 2989 perturbatio
2013 2927 2027 2971 ε
2070 2908 2360 2991 reliquus
2407 2907 2750 2975 dumtaxat

514 3027 785 3107 exiguus
829 3022 1213 3087 clericorum
1255 3022 1641 3105 manipulus.
1685 3020 1764 3087 Id
1802 3022 2120 3105 imprimis
2159 3023 2462 3107 urgebat,
2507 3031 2584 3091 ut
2607 3024 2748 3089 sine

516 3158 693 3206 mora
738 3138 1106 3204 rectoribus
1160 3137 1294 3202 suis
1326 3137 1646 3221 parochioe
1683 3136 2109 3205 donarentur.
2161 3137 2356 3220 Quod
2391 3141 2498 3204 vix
2550 3158 2628 3204 ac
2664 3158 2750 3205 ne

520 3252 918 3341 vix·quidem
952 3253 1249 3339 Episcopi
1276 3261 1588 3337 praestare
1615 3254 2003 3336 potuissent,
2043 3256 2092 3320 si
2121 3255 2304 3339 ptius
2332 3264 2400 3320 et
2433 3253 2750 3322 dicacem-

516 3390 664 3436 nam
696 3368 1021 3454 synodum
1052 3368 1445 3452 regulariter
1471 3368 1835 3445 celebrare,
1872 3378 1942 3434 et
1974 3368 2321 3454 synodales
2349 3371 2748 3437 examinato·

516 3506 624 3554 res
667 3488 733 3550 in
781 3505 858 3551 ea
895 3485 1316 3563 constituere,
1370 3492 1440 3548 et
1488 3483 1707 3568 quoad
1754 3503 1978 3551 omnes
2011 3484 2345 3569 parochias
2381 3503 2528 3570 qum
2556 3485 2748 3553 simul

516 3602 833 3668 vacabant
865 3617 1255 3665 concursum
1296 3598 1607 3678 indicere,
1647 3608 1845 3685 atque
1879 3602 1964 3667 ad
1988 3601 2156 3686 juris
2185 3604 2401 3686 apices
2431 3601 2748 3685 expedire

518 3720 893 3787 voluissent.
932 3718 1167 3783 Mirum
1214 3734 1373 3800 ergo
1420 3735 1548 3782 non
1600 3724 1724 3797 est,
1763 3718 1843 3783 iis
1872 3719 2324 3802 prementibus
2365 3738 2590 3785 rerum
2633 3739 2747 3786 an-

515 3834 760 3919 gustiiS‚
799 3832 1193 3897 existimasse
1233 3831 1618 3915 Episcopus,
1674 3832 1966 3899 noudum
1995 3831 2211 3918 quoad
2247 3853 2396 3899 suas
2426 3832 2748 3901 dioeceses

516 3968 749 4033 urgere
787 3946 1230 4013 Tridentinam
1281 3947 1367 4014 de
1410 3966 1731 4015 concursu
1782 3945 2209 4032 disciplinam.
2271 3949 2353 4015 At
2400 3968 2746 4034 perperam

515 4087 596 4132 ex
653 4082 882 4132 eorum
932 4062 1168 4147 agendi
1216 4066 1465 4131 ratione
1520 4063 2046 4143 concluderetur,
2114 4072 2374 4149 putasse
2438 4084 2550 4135 cos
2595 4065 2744 4131 huic

583 4342 653 4400 (1)
684 4339 869 4389 Editum
906 4341 1044 4402 huJ'us
1071 4341 1281 4390 formulas
1310 4349 1484 4390 textum
1511 4354 1598 4404 ogo
1628 4343 1784 4391 Roman
1811 4355 1905 4403 praa
1932 4343 2150 4392 manibus
2181 4342 2359 4393 habui:
2394 4343 2439 4392 in
2475 4358 2528 4392 ea
2560 4344 2740 4406 jacebat

516 4436 603 4483 sub
633 4448 828 4484 numero
858 4436 917 4483 ¹2
945 4435 1189 4495 articulus,
1220 4434 1300 4496 qui
1327 4433 1537 4485 decimus
1566 4436 1732 4484 tertius
1760 4436 1907 4485 factus
1934 4444 2025 4485 ost.
