3146 4973
1256 378 1414 427 raas
1456 379 1683 427 rium.
2490 367 2572 430 33

350 499 537 565 Marii
568 501 733 584 Lupi
782 520 913 567 non
942 501 1150 567 minus
1184 502 1462 570 candide
1509 522 1705 588 quam
1734 504 2026 587 graviter
2063 509 2132 568 et
2160 507 2320 570 scite
2349 503 2522 573 dicta
2556 527 2573 572 ε

354 636 387 675 «
422 616 546 681 Tot
583 623 844 701 tamque
885 617 1213 700 praeclaroe
1252 620 1768 697 constitutiones,
1816 618 2137 702 superiori
2179 620 2394 704 capite
2434 639 2580 704 pro-

353 750 387 788 (ι
422 726 673 808 ductas,
724 729 1038 816 majorem
1092 733 1288 798 etiam
1338 732 1684 819 (quatenus
1735 735 1962 817 augeri
2014 732 2239 818 possit)
2301 735 2436 799 vim
2495 733 2581 800 ad

354 868 388 904 a
427 844 875 912 excludendas
900 848 983 913 ab
1002 847 1276 915 urbibus
1293 848 1632 932 parochias
1659 849 1925 929 habent,
1950 850 2274 935 siquidem
2301 850 2584 917 animad-

354 989 380 1029 ι·
426 969 730 1029 vertatur
758 964 870 1028 vix
897 964 1196 1047 possibile
1236 984 1400 1045 esse,
1427 964 1609 1050 quod
1641 966 1837 1032 toties
1865 966 1934 1030 in
1964 966 2090 1032 illis
2121 968 2373 1033 rurales
2399 986 2585 1052 paro-

354 1100 387 1137 α
425 1077 585 1143 chiae
636 1086 1127 1158 recenseantur,
1182 1100 1515 1166 uunquam
1548 1082 1793 1148 urbicoe
1839 1088 2356 1149 commemoratis
2398 1102 2588 1167 repe-

354 1216 388 1253 «
426 1194 705 1260 riantur.
748 1196 898 1261 Hoec
949 1203 1170 1262 autem
1233 1196 1711 1265 animadversio
1758 1198 1952 1264 latius
2009 1197 2316 1282 protendi
2370 1205 2589 1283 potest

352 1335 383 1370 c«
424 1309 513 1376 ad
556 1312 681 1377 alia
719 1312 1184 1398 cujuscumque
1214 1315 1474 1398 generis
1519 1315 1789 1399 antiqua
1831 1313 2251 1381 documenta.
2281 1315 2592 1396 Quamvis

354 1450 389 1487 α
424 1427 599 1494 enim
629 1446 820 1493 nemo
835 1429 1204 1497 existimare
1224 1431 1426 1512 possit
1448 1430 1662 1495 omnia
1687 1429 1923 1496 vidisse
1940 1438 2201 1497 vetusta
2214 1432 2456 1515 scripta
2476 1438 2592 1496 aut

356 1564 391 1605 (ι
436 1552 879 1622 monumenta,
932 1563 1054 1629 ego
1106 1564 1265 1611 vero
1301 1545 1498 1611 fateri
1539 1545 1719 1611 haud
1768 1546 2158 1612 erubescam
2201 1566 2332 1612 non
2368 1548 2593 1630 paucis

359 1684 391 1720 α
434 1661 721 1727 caruisse
742 1679 847 1727 me
867 1662 1072 1728 libris.
1089 1712 1102 1727 .
1119 1710 1162 1740 .‚
1186 1681 1337 1727 cum
1367 1668 1591 1728 tamen
1609 1663 1946 1748 complura
1973 1682 2128 1729 sane
2156 1663 2591 1731 consuluerim

359 1802 393 1839 α
429 1797 654 1862 opera,
696 1798 735 1843 e
760 1780 994 1864 quibus
1029 1781 1439 1864 potissimum
1464 1778 1712 1863 aliquid
1751 1779 1916 1845 lucis
1951 1778 2040 1845 ad
2073 1780 2240 1846 hanc
2264 1780 2593 1845 illustran-

362 1920 395 1957 ιι
434 1893 588 1961 dam
616 1895 970 1980 disciplinae
1008 1904 1261 1980 partem
1297 1896 1545 1961 hauriri
1576 1913 1767 1979 posse
1819 1897 2203 1975 existimavi,
2248 1904 2318 1963 et
2353 1898 2593 1962 amico-

361 2036 397 2075 «
433 2031 584 2078 rum
610 2013 808 2079 etiam
849 2032 1004 2079 usus
1046 2014 1164 2079 sim
1192 2014 1259 2078 in
1298 2013 1703 2098 locupletum
1740 2013 2287 2080 bibliothecarum
2312 2014 2499 2080 libris
2523 2021 2595 2079 et

362 2154 394 2189 c«
434 2128 848 2194 archivorum
890 2128 1349 2213 diplomatibus
1398 2128 1765 2196 scrutandis
1817 2131 1989 2216 (nam
2021 2130 2181 2195 nihil
2200 2131 2403 2213 magis
2438 2129 2596 2195 mihi

363 2272 398 2308 α
434 2244 619 2312 cordi
655 2244 782 2310 fuit
817 2264 1009 2330 quam
1037 2253 1113 2311 ut
1144 2247 1493 2312 veritatem
1531 2243 1964 2329 detegerem),
2006 2263 2322 2330 nusquam
2363 2246 2432 2310 in
2457 2246 2598 2331 qui-

362 2384 399 2421 «
433 2360 723 2426 buslibet
750 2362 1095 2446 syncronis
1125 2360 1556 2445 scriptoribus
1586 2369 1656 2427 et
1684 2362 1949 2426 sinceris
1981 2358 2389 2427 documentis
2414 2379 2600 2446 paro-

364 2500 399 2536 «
433 2476 611 2544 chias
635 2477 705 2542 in
733 2476 1010 2543 urbibus
1035 2477 1258 2564 (Roma
1282 2484 1352 2543 et
1369 2475 1754 2543 Alexandria
1779 2476 2086 2562 demptis)
2121 2495 2594 2545 commemora·

368 2623 395 2654 ι.
436 2603 539 2660 tas
566 2600 683 2659 aut
700 2595 1047 2678 perspicue
1076 2593 1395 2660 indicatas
1420 2593 1993 2678 deprehenderim.
2013 2595 2241 2672 Nemo,
2267 2602 2343 2659 ut
2365 2595 2600 2678 opinor

367 2734 403 2772 α
443 2708 828 2775 diffitebitur
872 2709 1020 2774 hinc
1058 2709 1266 2792 probe
1307 2708 1522 2792 colligi
1568 2726 1757 2791 posse
1799 2711 2156 2793 generatim
2197 2709 2447 2776 nullum
2493 2728 2601 2775 re-

366 2850 401 2886 «
434 2825 641 2909 periri
674 2823 1041 2909 hujusmodi
1070 2823 1536 2889 testimonium.
1583 2824 1997 2889 Potissimum
2019 2842 2181 2890 vero
2208 2825 2360 2910 quia
2384 2843 2602 2908 neque

366 2967 401 3004 α
440 2942 527 3007 ab
549 2938 1003 3007 eruditissimis
1020 2941 1197 3017 viris,
1224 2948 1290 3006 et
1309 2942 1375 3005 in
1401 2941 1689 3006 omnium
1711 2941 2190 3025 provinciarum
2209 2941 2602 3025 antiquitati-

366 3083 401 3121 «
439 3058 565 3133 bns
594 3057 1164 3134 exercitatissimiS,
1188 3057 1299 3141 qui
1322 3055 1405 3123 de
1430 3058 1882 3140 parochiarum
1909 3057 2174 3142 antiqua
2199 3056 2445 3140 origine
2468 3065 2602 3123 tra·

367 3199 405 3238 oc
444 3182 731 3254 ctarunt,
762 3173 966 3240 ullum
1007 3170 1405 3257 productum
1445 3178 1560 3237 aut
1594 3172 1963 3255 singillatim
1990 3172 2259 3236 citatum
2296 3170 2595 3238 viderim.

367 3317 400 3352 α
440 3292 604 3355 Nam
641 3290 695 3353 si
734 3288 951 3373 aliqua
986 3293 1307 3365 extarent,
1336 3287 1446 3353 illa
1494 3286 1793 3370 profecto
1841 3288 2196 3364 novissent,
2232 3306 2328 3365 ac,
2366 3292 2601 3370 utpote

365 3430 401 3467 α
437 3405 526 3472 ad
546 3423 732 3470 suam
752 3402 1069 3468 tuendam
1089 3404 1479 3468 sententiam
1504 3403 1894 3479 necessaria,
1930 3403 1998 3467 in
2025 3401 2314 3467 medium
2351 3400 2603 3467 attulis-

366 3547 401 3584 α
439 3529 611 3588 sent.
631 3519 829 3602 Quod
852 3538 1006 3584 sane
1040 3518 1492 3602 gravissimum
1523 3526 1627 3585 est
1663 3526 2144 3603 argumentum,
2169 3517 2510 3602 parochias
2538 3519 2605 3582 iu

368 3663 403 3700 α
436 3637 718 3704 urbibus
741 3652 981 3702 revera
1016 3651 1150 3699 non
1177 3633 1493 3712 extitisse,
1526 3634 1784 3699 Etenim
1801 3632 2185 3700 incredibile
2214 3651 2480 3717 prorsus
2503 3641 2605 3699 est

365 3779 401 3815 α
440 3753 665 3819 omnia
698 3748 1207 3828 intercecidisse,
1253 3749 1618 3832 praesertim
1664 3747 1867 3814 medii
1917 3749 2041 3816 aevi
2078 3748 2495 3827 documenta,
2539 3750 2605 3812 in

370 3893 407 3934 ι
440 3868 684 3957 quibus
713 3866 798 3934 de
837 3867 992 3952 ipsis
1027 3866 1272 3932 mentio
1305 3863 1691 3949 haberetur3
1729 3883 1879 3930 cum
1909 3866 2250 3930 innumera
2277 3866 2607 3949 supersint

372 4011 407 4049 α
447 3993 518 4052 et
538 3984 784 4069 ubique
809 3990 1174 4060 occurrant,
1199 3997 1342 4067 quae
1370 3981 1457 4047 de
1484 3979 1804 4063 parochiis
1824 3980 2151 4047 ruralibus
2176 3978 2513 4045 indubiam
2537 3988 2610 4045 et

376 4127 411 4166 α
445 4100 1006 4188 praeclarissimam
1056 4097 1257 4165 fidem
1301 4098 1570 4164 faciunt.
1622 4093 1891 4163 Accedit
1935 4097 2132 4161 etiam
2185 4094 2365 4183 quod
2412 4095 2608 4181 longe

374 4241 409 4280 α
448 4218 644 4301 plura
693 4216 1031 4281 civitatum
1080 4232 1275 4300 quam
1329 4230 1645 4297 pagorum
1691 4219 2111 4278 monumenta
2155 4211 2601 4296 reperiuntur.

377 4356 413 4396 a
448 4328 998 4398 concludendum
1047 4330 1265 4414 itaque
1327 4336 1458 4407 est,
1515 4328 1902 4393 rusticarum
1949 4327 2399 4412 parochiarum
2437 4345 2608 4412 saepe

379 4470 416 4510 α
454 4447 694 4531 saepius
731 4444 1126 4514 mentionem
1159 4462 1532 4523 occurrere,
1563 4443 1716 4529 quia
1752 4461 1988 4510 revera
2021 4443 2087 4507 in
2119 4442 2302 4526 pagis
2329 4440 2414 4506 ab
2451 4441 2615 4505 anti-

1667 4561 1670 4562 ’
2366 4552 2400 4608 3
