3146 4973
534 347 554 406 1
577 346 662 407 78
1210 353 1587 402 mersurus
1630 354 1719 401 ns
1766 352 2096 401 panocno.

614 481 712 548 Ad
734 481 1176 567 quaestionem,
1193 499 1465 560 quamam
1483 485 1875 561 requirantur
1891 482 2296 543 essentialiter
2322 487 2391 544 ut
2408 483 2654 543 ecclesia
2684 485 2767 541 sit

526 608 585 664 et
620 602 866 663 dicatur
879 597 1273 679 parochialiS,
1304 595 1664 680 respondet
1692 596 2050 661 Leurenius
2088 596 2339 681 requiri
2381 594 2762 681 sequentia:

540 740 572 778 α
605 717 850 792 Primo,
879 719 956 778 ut
984 714 1049 777 in
1073 731 1151 778 ea
1178 715 1262 777 sit
1291 720 1579 795 potestas
1609 712 1735 777 fori
1779 711 2264 796 poenitentialis,
2305 713 2439 779 sive
2473 708 2770 777 solvendi

534 857 565 894 «
598 840 669 898 et
721 827 965 915 ligandi
1022 829 1092 893 in
1143 828 1290 894 foro
1326 829 1784 912 poenitentiali.
1825 826 2149 907 Secundo,
2180 837 2255 894 ut
2294 829 2432 894 haec
2480 833 2771 913 potestas

536 975 568 1009 a
603 954 996 1015 exerceatur
1028 943 1114 1010 de
1160 947 1570 1023 necessitate,
1614 945 1738 1012 hoc
1790 950 1913 1022 est,
1964 953 2040 1011 ut
2076 964 2207 1011 non
2251 951 2505 1011 tantum
2551 952 2772 1011 rector

535 1090 567 1127 α
601 1067 667 1130 in
704 1085 782 1130 ea
806 1063 1006 1147 possit
1028 1060 1480 1128 administrare
1502 1070 1905 1129 sacramenta
1932 1064 2181 1127 circum
2206 1061 2674 1141 habitantibus,
2701 1068 2772 1126 et

535 1206 566 1242 «
602 1180 662 1245 hi
702 1180 813 1244 illa
842 1178 924 1243 ab
966 1197 1047 1243 eo
1082 1178 1401 1261 recipere,
1437 1177 1555 1243 sed
1603 1185 1673 1243 et
1724 1178 1779 1243 is
1832 1186 1900 1243 et
1949 1178 2016 1242 hi
2075 1175 2162 1242 ad
2209 1177 2332 1243 hoc
2380 1182 2764 1258 teneantur3

534 1323 565 1359 α
607 1314 755 1362 cum
789 1296 857 1359 in
893 1296 1014 1360 ista
1049 1295 1387 1379 reciproca
1431 1303 1499 1361 et
1545 1293 2086 1361 vicissitudinaria
2132 1293 2528 1359 necessitate
2568 1290 2773 1358 admi-

535 1438 565 1474 «
607 1409 922 1477 nistrandi
967 1418 1035 1475 et
1066 1409 1426 1499 recipiendi
1469 1419 1873 1476 sacramenta
1904 1408 2308 1494 potissimum
2343 1409 2649 1474 consistat
2675 1425 2772 1472 ra-

536 1552 567 1589 a
595 1530 688 1591 tio
714 1526 946 1591 curati.
989 1526 1229 1605 Tertio,
1268 1533 1343 1591 ut
1372 1526 1434 1591 ei
1476 1526 1862 1609 proepositus
1903 1525 1969 1588 in
2019 1524 2130 1589 illa
2188 1530 2498 1590 exerceat
2548 1539 2770 1588 curam

534 1668 566 1705 «
600 1643 868 1708 nomine
898 1660 1037 1719 suo,
1073 1648 1299 1737 etnon
1323 1641 1558 1707 alieno,
1587 1641 1861 1723 QuartO,
1889 1648 1966 1705 ut
1998 1641 2172 1706 solus
2201 1648 2269 1706 et
2302 1660 2432 1705 non
2457 1657 2605 1704 cum
2635 1638 2775 1702 aliis

538 1786 568 1820 «
614 1778 763 1825 eam
797 1757 1248 1841 administret3
1284 1757 1462 1843 quod
1512 1759 1725 1841 ipsum
1760 1756 1845 1822 ad
1893 1758 2213 1823 rationem
2271 1757 2480 1820 curati
2530 1753 2774 1839 requiri

535 1903 565 1939 «
601 1884 787 1943 tenet
836 1873 1193 1959 Corradus3
1245 1876 1338 1940 ita
1366 1883 1441 1939 ut
1481 1876 1534 1940 si
1564 1873 1785 1941 eidem
1814 1875 2105 1941 ecclesiae
2146 1873 2588 1957 praeficiantur
2638 1870 2774 1937 duo

537 2019 567 2053 α
606 1992 721 2077 qui
757 1991 1191 2058 confessiones
1220 1988 1508 2068 audiant,
1552 1990 1909 2074 baptizent,
1950 1997 2113 2068 etc.,
2150 2008 2281 2055 non
2314 1988 2616 2055 dicantur
2667 2007 2772 2052 cu·

536 2134 567 2168 a
599 2109 748 2173 rati.
791 2130 820 2167 x»
855 2107 1098 2193 (Forum
1145 2106 1486 2184 beneficiate
1514 2106 1841 2185 Leurenii,
1880 2114 2058 2172 tomo
2092 2110 2149 2181 1,
2208 2105 2564 2190 quaestione
2595 2101 2773 2186 146.)

533 2226 783 2290 Citatus
833 2231 1056 2289 autem
1102 2231 1331 2288 auctor
1385 2222 1633 2288 nullum
1682 2223 1746 2287 in
1798 2222 2252 2306 probationem
2300 2220 2569 2286 adducit
2612 2218 2777 2303 juris

531 2346 822 2423 textum3
877 2337 996 2405 sed
1049 2340 1328 2404 remittit
1388 2337 1730 2403 dumtaxat
1780 2336 1866 2403 ad
1928 2338 2091 2404 alios
2145 2338 2507 2402 canonistas
2558 2341 2628 2400 et
2690 2332 2776 2397 ad

536 2458 716 2524 Rotae
755 2455 1139 2523 decisiones,

622 2572 904 2638 Barbosa
925 2573 1172 2656 pariter
1195 2570 1508 2653 plurimos
1544 2569 1789 2636 indicat
1816 2579 2142 2648 auctores,
2178 2589 2432 2636 necnon
2460 2577 2530 2635 et
2557 2567 2781 2653 plures

533 2691 712 2756 Rotae
749 2687 1139 2764 decisiones,
1181 2687 1245 2749 in
1286 2684 1586 2751 eamdem
1638 2688 2102 2752 convenientes
2146 2686 2506 2753 doctrinam
2529 2734 2545 2763 ‚
2585 2703 2778 2771 quam

535 2804 882 2870 summarie
917 2802 1127 2867 refert
1159 2800 1281 2865 hoc
1314 2799 1509 2866 modo
1541 2823 1554 2866 ε
1605 2823 1638 2861 α
1673 2802 1768 2866 Ex
1796 2820 2072 2886 quorum
2104 2802 2317 2879 dictis,
2353 2809 2420 2867 et
2448 2801 2779 2885 praecipue

540 2944 570 2979 α
605 2921 809 2997 Rotae,
840 2925 1114 2994 constat,
1147 2915 1325 3001 quod
1351 2915 1632 2999 probare
1662 2916 1892 2982 volens
1919 2918 2260 2984 ecclesiam
2283 2938 2426 2983 esse
2446 2916 2783 3002 parochia-

543 3060 574 3096 «
606 3036 737 3101 lem
761 3032 964 3099 debet
983 3031 1341 3117 justificare
1369 3040 1654 3116 quatuor
1674 3034 1985 3116 requisita
2015 3056 2028 3099 ε
2060 3035 2341 3119 primum
2368 3038 2466 3100 est
2491 3041 2784 3118 potestas

544 3176 576 3212 ει
615 3150 745 3217 fori
774 3149 1264 3235 poenitentialiS,
1301 3149 1424 3215 hoc
1458 3157 1560 3215 est
1590 3157 1882 3233 potestas
1909 3148 2152 3233 ligandi
2198 3159 2397 3236 atque
2427 3149 2726 3218 solvendi
2761 3173 2777 3215 ε

545 3294 575 3330 α
619 3265 981 3335 secundum
1037 3273 1139 3332 est
1175 3271 1357 3331 certa
1398 3266 1729 3350 parochia,
1762 3266 1884 3332 hoc
1944 3274 2044 3331 est
2094 3267 2279 3333 locus
2311 3268 2510 3334 certis
2545 3265 2784 3331 finibus

545 3409 576 3446 a
616 3385 1029 3462 constitutus,
1059 3384 1125 3448 in
1153 3402 1281 3469 quo
1306 3385 1588 3468 populus
1616 3384 1810 3448 alicui
1840 3384 2132 3448 ecclesiae
2168 3382 2525 3468 deputatus
2549 3382 2731 3467 degit
2762 3405 2776 3447 ε
2840 3398 2844 3401 “

547 3525 579 3562 α
622 3502 895 3567 tertium
935 3505 1012 3565 ut
1041 3498 1364 3582 parochus
1416 3518 1640 3564 curam
1703 3508 2013 3565 exerceat
2070 3501 2329 3565 nomine
2391 3520 2549 3585 suo;
2605 3497 2782 3585 quod

550 3640 580 3676 α
620 3616 1007 3700 requisitum
1047 3616 1353 3682 convenit
1389 3633 1705 3700 personae,
1742 3635 1875 3682 non
1924 3623 2145 3681 autem
2198 3618 2485 3682 ecclesiae
2536 3639 2550 3681 ε
2590 3635 2783 3701 quar-

553 3756 583 3792 «
619 3738 760 3796 tum
793 3728 992 3816 (quod
1019 3729 1213 3795 etiam
1248 3731 1517 3813 respicit
1541 3747 1884 3813 personam
1914 3738 1983 3796 et
2009 3750 2141 3797 non
2180 3729 2573 3816 ecclesiam),
2606 3729 2781 3816 quod

549 3871 582 3909 α
619 3844 928 3913 sacerdos
957 3853 1266 3931 tanquam
1305 3856 1528 3912 rector
1576 3865 1693 3912 suo
1740 3848 2002 3913 nomine
2058 3846 2495 3930 singulariter,
2535 3855 2603 3912 et
2651 3865 2780 3911 non

550 3987 582 4023 α
622 3981 772 4027 cum
806 3962 967 4038 aliis,
1007 3960 1091 4027 ad
1142 3962 1433 4046 regimen
1479 3963 1865 4046 parochialis
1918 3964 2206 4029 ecclesiae
2259 3962 2668 4040 admittatur,
2709 3969 2782 4025 ut

551 4101 583 4138 α
619 4076 913 4143 declarat
966 4076 1130 4143 Rota
1196 4076 1547 4161 (decisione
1602 4081 1707 4155 52,
1751 4080 1955 4163 partis
1987 4082 2049 4157 2,
2116 4083 2524 4157 Diversarum,
2568 4098 2605 4142 a
2667 4095 2781 4142 nu-

550 4217 581 4254 «
627 4211 811 4259 mero
867 4197 886 4256 1
936 4212 1140 4278 usque
1168 4191 1253 4258 ad
1294 4214 1643 4262 numerum
1690 4193 1835 4280 19);
1869 4202 1939 4261 et
1970 4204 2320 4279 propterea
2358 4193 2585 4261 eadem
2613 4193 2779 4259 Rota

546 4335 578 4373 ι
611 4309 1030 4376 considerans
1057 4316 1299 4376 statum
1325 4312 1614 4377 ecclesiae
1644 4312 1941 4379 breviter
1969 4311 2155 4390 dixit,
2184 4310 2269 4377 ad
2302 4309 2779 4378 ostendendum

547 4451 580 4490 «
608 4427 947 4495 ecclesiam
981 4445 1118 4491 esse
1151 4426 1606 4508 parochialem,
1637 4447 1765 4493 non
1798 4427 2095 4494 sufficere
2121 4425 2300 4512 quod
2330 4433 2556 4493 rector
2585 4424 2781 4491 admi·
