3146 4973
1285 393 1444 442 raas
1488 392 1747 440 marm.
2514 380 2642 444 309

425 543 457 578 «
494 540 557 584 n.
598 518 663 602 2)
692 518 959 584 vicarias
988 524 1342 602 perpetuas
1372 516 1835 600 parochialium
1864 518 2196 583 unitarum
2239 517 2423 603 (quas
2448 516 2645 584 admi-

423 658 455 694 «
489 636 723 700 nistrat
753 641 1128 711 extraneuS,
1164 651 1281 698 seu
1322 634 1433 718 qui
1476 651 1609 697 non
1647 637 1749 696 est
1789 629 1874 695 de
1906 631 2203 715 collegio,
2251 633 2360 698 cui
2396 652 2647 700 annexa

421 774 453 809 «
489 756 591 815 est
620 749 895 814 ecclesia
924 745 1172 830 curata)
1213 767 1343 814 non
1389 746 1678 814 conferri
1713 764 1835 829 per
1871 764 2292 830 concursum3
2341 747 2490 812 cum
2519 749 2644 814 illae

421 889 451 925 «
489 863 959 949 provideantur
986 863 1071 929 ad
1111 865 1617 929 nominationem
1669 867 1739 927 et
1763 864 2334 945 praesentationem
2363 864 2644 941 illorum,

422 1005 452 1041 «
489 998 767 1063 quorum
790 978 1133 1055 beneficio,
1162 978 1461 1063 dignitati
1488 979 1599 1043 vel
1626 977 1900 1060 collegio
1934 979 2335 1061 parochiales
2361 980 2648 1045 ecclesiae

423 1121 454 1156 «
491 1104 639 1160 sunt
681 1114 973 1171 annexae,
1011 1103 1079 1161 et
1118 1114 1246 1162 non
1276 1093 1359 1158 ad
1390 1094 1664 1160 liberam
1692 1092 2183 1159 Ordinariorum
2223 1095 2644 1177 electionem;

424 1235 454 1271 «
489 1209 606 1277 scd
639 1211 847 1277 solum
877 1209 962 1275 ad
997 1210 1354 1294 simplicem
1385 1226 1613 1275 eorum
1650 1208 2188 1292 approbationem
2218 1210 2462 1292 praevio
2493 1229 2649 1274 exa-

424 1350 456 1386 «
492 1329 662 1390 mine
710 1325 1119 1407 deputentur
1165 1326 1330 1390 tales
1376 1323 1616 1388 vicarii.
1678 1325 1775 1388 'De
1826 1324 2022 1400 Luca,
2070 1326 2145 1387 de
2195 1325 2506 1400 Paroa-his,
2558 1321 2648 1387 di-

425 1466 456 1502 «
492 1461 719 1508 scursu
756 1445 865 1520 37,
900 1460 967 1504 n.
998 1444 1108 1507 38.
1145 1464 1177 1499 »

507 1559 618 1622 IV.
659 1580 692 1618 «
734 1556 862 1622 Sed
900 1575 1112 1640 neque
1155 1557 1514 1640 requiritur
1555 1563 1630 1620 ut
1679 1573 1953 1620 examen
2001 1553 2379 1637 praesentati
2413 1553 2542 1618 fiat
2569 1553 2650 1617 ab

425 1697 456 1732 «
492 1671 1041 1737 examinatoribus
1072 1669 1513 1754 synodalibus,
1560 1669 1679 1735 sed
1728 1668 1960 1734 sufficit
1997 1686 2269 1733 examen
2304 1674 2374 1733 et
2410 1685 2646 1750 appro-

427 1811 458 1848 «
492 1789 667 1853 batio
714 1785 1060 1853 ordinarii.
1112 1786 1320 1870 Atque
1373 1787 1464 1850 ita
1513 1787 1579 1849 in
1635 1785 1753 1848 hac
1805 1784 2172 1866 provisione
2226 1784 2650 1849 ecclesiarum

423 1927 455 1964 «
489 1904 716 1969 talium
754 1903 1081 1967 unitarum
1113 1921 1235 1986 per
1266 1902 1540 1967 vicarios
1590 1907 1966 1984 perpetum,
2010 1900 2189 1963 locus
2232 1917 2364 1963 non
2389 1906 2490 1963 est
2524 1897 2653 1962 dis-

432 2044 463 2079 «
500 2020 796 2104 positioni
848 2017 1208 2083 Tridentini
1266 2019 1442 2102 (sess.
1501 2019 1609 2094 24,
1676 2037 1734 2080 c.
1790 2016 1897 2100 18)
1948 2033 2145 2098 super
2189 2015 2396 2081 forma
2443 2015 2653 2097 provi-

432 2162 461 2197 «
497 2135 698 2202 dendi
742 2153 862 2217 per
903 2152 1328 2216 concursum3
1370 2140 1602 2216 utpote
1645 2130 1823 2216 quod
1869 2132 2158 2216 loquitur
2204 2129 2289 2195 de
2338 2130 2494 2212 ipsis
2543 2149 2654 2213 pa-

304 2278 317 2289 ·
428 2277 459 2312 «
497 2252 911 2328 rochialibuS‚
962 2256 1032 2314 et
1086 2269 1216 2315 non
1275 2247 1357 2313 de
1412 2249 1667 2313 vicariis
1722 2246 2180 2332 parochialium
2233 2246 2647 2310 unitarum...

431 2392 460 2427 «
500 2370 723 2451 Neque
773 2386 878 2432 res
907 2366 1017 2430 illa
1058 2365 1256 2430 ullam
1299 2365 1575 2447 amplius
1618 2363 1817 2430 habet
1859 2361 2332 2437 difficultatem,
2380 2380 2530 2425 cum
2568 2361 2653 2425 sit

430 2510 460 2544 «
502 2483 841 2550 manifeste
884 2481 1179 2547 decisum
1236 2501 1360 2565 per
1413 2482 1678 2547 citatam
1734 2479 2260 2546 constitutionem
2314 2478 2413 2542 Pii
2462 2479 2516 2539 V
2557 2479 2652 2540 Ad

432 2624 462 2660 «
497 2603 922 2681 affluendum,
947 2605 1230 2683 quatuor
1254 2599 1436 2662 annis
1464 2598 1898 2680 posteriorem
1930 2594 2364 2678 publicatione
2383 2591 2653 2657 Triden-

431 2741 462 2776 «
501 2716 639 2781 tini.
684 2715 873 2781 Unde
906 2715 1101 2779 etiam
1127 2713 1469 2779 decretum
1501 2714 1757 2780 concilii
1792 2713 2105 2785 Toletani,
2140 2710 2484 2775 statuentis
2516 2728 2655 2773 ser-

431 2855 463 2890 «
502 2828 785 2896 vandum
806 2814 1065 2915 quoque
1090 2832 1155 2895 in
1181 2830 1549 2913 provisione
1575 2829 1807 2894 harum
1829 2829 2214 2894 vicariatum
2236 2844 2644 2902 concursum,

433 2969 465 3005 «
498 2954 723 3012 contra
755 2946 861 3030 jus
909 2953 1031 3023 est,
1076 2953 1146 3011 et
1190 2953 1342 3028 eget
1397 2943 1890 3010 confirmatione
1938 2944 2154 3026 Papae,
2205 2949 2277 3028 et
2329 2941 2487 3004 alias
2521 2959 2652 3004 non

435 3085 467 3122 «
504 3062 696 3127 valet.
729 3086 760 3121 υ
802 3060 1200 3146 (LeureniuS,
1226 3065 1446 3124 Forum
1475 3059 1842 3137 beneficiate,
1882 3066 2067 3140 parte
2103 3062 2159 3134 1,
2186 3076 2249 3140 q.
2280 3058 2426 3131 120,
2453 3074 2516 3118 n.
2554 3052 2645 3136 2.)

1112 3531 1791 3629 SUBSECTIO
1857 3533 1977 3625 ΙΙ.

529 3812 657 3883 Ad
689 3838 1026 3909 quosnam
1062 3814 1421 3909 pertineat
1448 3811 1830 3907 parochias
1869 3809 2112 3881 liberae
2149 3807 2558 3880 collationis

1367 3930 1723 4027 conferre.

525 4197 852 4263 Parochiis
901 4196 1063 4279 juris
1117 4201 1499 4278 patronatus
1516 4239 1532 4269 ,
1576 4193 1685 4256 vel
1715 4192 1906 4257 alicui
1951 4190 2236 4275 capitulo
2261 4237 2280 4266 ‚
2335 4199 2660 4256 monaste-

440 4316 620 4378 riove
670 4314 901 4386 unitiS‚
955 4310 1101 4393 quis
1132 4311 1349 4375 valeat
1392 4308 1703 4391 parochos
1746 4306 2109 4391 praeficere,
2148 4305 2470 4389 superiori
2507 4306 2663 4369 sub-

443 4430 723 4496 sectione
768 4426 1070 4492 diximus.
1124 4424 1308 4491 Idem
1356 4444 1529 4490 nunc
1579 4420 1794 4509 quoad
1841 4431 2108 4489 coeteras
2160 4419 2494 4505 parochias
2543 4439 2662 4503 per
