3146 4973
1234 329 1393 378 PARS
1438 329 1696 376 ream.
2451 326 2582 388 375

356 465 605 530 renium
637 464 877 549 (Forum
896 459 1257 537 beneficiola,
1292 462 1480 539 parte
1505 458 1570 532 3,
1607 474 1672 540 q.
1712 455 1888 539 187).
1922 459 2084 524 Hine
2115 461 2180 526 in
2207 464 2391 544 praxi
2413 463 2582 530 diffi-

354 579 663 646 cillimum
696 580 871 644 esset
896 574 1174 657 probare
1208 572 1609 642 vacationem
1640 570 1941 638 beneficii
1972 593 2053 639 ex
2078 575 2216 644 solo
2245 576 2422 644 facto
2449 599 2582 647 non

351 695 584 778 gestati
611 691 936 760 clericalis
960 689 1243 756 habitus.

437 810 742 890 QUAESTIO
773 812 863 874 3³.
912 844 1000 853 —
1041 811 1127 871 De
1141 811 1513 887 privationis
1539 825 1720 888 poena
1749 809 1820 870 ob
1848 813 2133 871 omissam
2165 813 2574 876 residentiam.

347 962 434 973 -—
486 925 667 989 Hanc
716 923 1134 1008 quaestionem
1187 921 1330 986 fuse
1389 919 1821 1004 expendimus
1876 923 2046 988 iufra
2099 925 2310 1009 (parte
2369 931 2430 1007 5,
2475 948 2579 993 ea-

347 1041 480 1123 pite
513 1042 576 1116 2,
608 1045 639 1118 5
670 1036 760 1121 8).

1359 1211 1388 1280 ἓ
1431 1205 1546 1268 ΙΙΙ.

775 1410 841 1457 De
868 1422 1004 1472 poeua
1031 1408 1306 1469 privationis
1330 1409 1392 1456 oh
1418 1409 1549 1456 varia
1577 1406 1749 1456 delicte
1779 1411 2139 1459 commissionis.

426 1611 730 1692 Quas-no
768 1615 849 1675 1⁸.
900 1645 990 1656 —-
1045 1614 1133 1672 De
1162 1614 1512 1689 privatione
1548 1611 1619 1671 ob
1666 1610 2095 1691 apprehensam
2147 1619 2570 1692 possessionem

341 1727 609 1803 beneficii
651 1734 792 1789 ante
835 1727 1276 1806 expeditionem
1324 1725 1691 1786 litterarum.
1723 1760 1811 1771 --
1844 1746 1876 1785 α
1910 1724 1973 1787 si
2005 1726 2148 1809 quis
2185 1724 2482 1794 beneficii
2534 1750 2570 1793 a

344 1864 377 1901 α
409 1843 582 1924 Papa
615 1840 740 1906 sibi
768 1840 985 1908 collati
1024 1839 1495 1922 possessiouem
1534 1838 1987 1921 apprehendat
2024 1847 2175 1905 aute
2212 1841 2570 1924 expeditio·

340 1979 375 2014 «
411 1975 557 2021 nem
603 1957 1004 2028 litterarum,
1044 1973 1123 2019 eo
1187 1955 1326 2038 ipso
1372 1961 1561 2018 vacat
1618 1959 1746 2035 ipso
1793 1961 1941 2037 jare
1994 1955 2387 2021 beneficium
2442 1956 2566 2022 hoe

340 2096 375 2133 «
408 2073 750 2140 obtentum
779 2093 792 2136 :
826 2074 956 2137 imo
982 2079 1050 2136 et
1083 2071 1356 2153 reliqua,
1389 2070 1440 2134 si
1476 2088 1620 2154 quae
1653 2069 1917 2154 habeat3
1942 2070 2129 2156 juxta
2159 2074 2565 2138 constitutio-

338 2211 373 2248 «
403 2207 555 2254 nem
581 2188 733 2253 Julii
757 2188 875 2265 ΠΙ,
913 2185 1019 2252 die
1049 2188 1131 2250 27
1164 2185 1315 2248 maii
1347 2187 1538 2250 1553.
1575 2207 1608 2245 »
1648 2184 2050 2270 (LeureuiuS,
2083 2191 2302 2251 Foru-m
2343 2189 2563 2267 benefi-

330 2308 504 2381 ciate,
543 2308 729 2386 parte
759 2306 823 2379 3,
861 2322 927 2385 q.
973 2299 1152 2383 193.)

421 2419 724 2500 Quamne
753 2420 1029 2482 2⁸.-—De
1051 2421 1397 2498 privatione
1431 2418 1502 2479 ob
1530 2420 1756 2497 saetam
1786 2420 2130 2481 violentiam
2160 2424 2225 2481 in
2238 2421 2565 2499 apprehen·

329 2538 525 2603 denda
559 2541 928 2615 possessione
955 2533 1249 2610 beneficii.
1301 2569 1390 2580 -
1434 2532 1496 2596 Si
1544 2532 1688 2617 quis
1726 2531 1971 2598 hahens
1999 2535 2263 2599 titulum
2294 2533 2562 2618 alicujus

330 2648 630 2715 beneficii
692 2649 1012 2715 violenter
1075 2648 1340 2731 propria
1397 2648 1782 2714 auctoritate
1844 2647 2008 2713 illud
2067 2656 2379 2733 occupet,
2437 2650 2560 2715 hoc

328 2763 649 2833 beneficio
701 2770 831 2845 ipso
876 2771 1024 2846 jare
1071 2763 1386 2845 privatur.
1429 2761 1697 2830 Constat
1736 2781 1819 2827 ex
1858 2764 2069 2846 capite
2111 2768 2264 2827 Eum
2303 2771 2430 2845 qui,
2481 2768 2556 2828 de

330 2883 699 2956 Praebemlis,
735 2879 802 2943 in
825 2881 892 2945 6.

420 2997 724 3077 Quamne
771 2996 859 3058 3⁸.
899 3029 986 3043 -
1034 2998 1122 3057 De
1173 3000 1519 3073 privatione
1571 2998 1644 3056 ob
1693 2997 2036 3057 litterarum
2079 2997 2555 3076 Apostolioarum

326 3112 840 3191 falsificationem.
875 3146 966 3157 -—-
995 3109 1119 3190 Qui
1162 3105 1234 3173 id
1273 3107 1586 3174 delictum
1626 3109 1934 3191 patravit,
1972 3127 2100 3173 non
2147 3114 2399 3173 tantum
2445 3129 2554 3173 ex-

328 3226 996 3303 communicationem,
1042 3223 1165 3290 sed
1194 3231 1265 3289 et
1313 3223 1743 3306 privationem
1780 3224 1881 3287 sui
1925 3222 2245 3301 beneficii,
2286 3222 2341 3288 si
2372 3224 2551 3309 quod

327 3341 548 3417 habet,
578 3347 712 3420 ipso
733 3346 879 3424 Jure
909 3340 1214 3424 incurrit3
1247 3338 1432 3424 juxta
1463 3345 1661 3422 eaput
1687 3342 1783 3403 Ad
1813 3341 2157 3418 falsariam,
2184 3342 2258 3403 de
2288 3343 2553 3406 Crimine

327 3460 495 3535 [acsi.

414 3571 717 3651 Quasno
753 3572 842 3635 4¹.
879 3607 968 3619 -·-
1002 3576 1088 3635 De
1114 3577 1463 3653 privatione
1489 3573 1560 3634 ob
1591 3573 1815 3633 malam
1849 3575 2283 3652 promotionem
2313 3575 2397 3635 ad
2437 3578 2546 3636 Or-

325 3691 517 3753 diaes.
551 3723 643 3739 -—-
669 3686 834 3752 Male
873 3688 1160 3769 promoti
1188 3685 1275 3751 ad
1303 3685 1565 3751 ordines
1607 3685 1819 3771 (verbi
1848 3687 2075 3769 gratia,
2114 3687 2396 3769 promoti
2430 3707 2547 3772 per

325 3805 580 3882 saltum,
601 3804 710 3868 vel
754 3803 999 3887 absque
1040 3803 1256 3879 titulo,
1276 3804 1381 3869 vel
1412 3802 1657 3887 absque
1699 3801 2097 3880 dimissoriis,
2116 3804 2227 3868 vel
2268 3812 2418 3871 anto
2456 3806 2550 3872 le-

325 3920 611 4003 gitimam
643 3925 926 3996 mntem,
961 3918 1073 3985 vel
1108 3926 1296 3985 extra
1342 3924 1587 3983 statuta
1638 3914 1959 4001 tempora)
1999 3926 2154 3983 sunt
2199 3919 2338 4001 ipso
2376 3920 2550 3987 facto

324 4034 637 4117 suspensi.
678 4032 867 4113 Quod
899 4034 954 4098 si
988 4039 1309 4118 praeterea
1356 4033 1425 4097 in
1465 4031 1753 4114 receptis
1796 4031 2135 4097 ordinibus
2177 4034 2549 4102 ministrare

326 4154 741 4231 praesumant,
776 4167 907 4213 non
945 4148 1154 4215 solum
1182 4147 1598 4231 irregulares,
1632 4145 1752 4213 sed
1784 4154 1854 4212 et
1884 4148 2016 4213 suis
2053 4146 2382 4215 beneficiis
2411 4151 2553 4233 ipso

322 4262 471 4346 jure
516 4261 755 4345 privati
788 4262 1101 4337 existunt,
1139 4280 1261 4345 per
1303 4263 1826 4331 constitutionem
1879 4267 2170 4331 Sanctum
2197 4272 2256 4328 et
2285 4268 2553 4330 salutare

326 4376 485 4445 Sixti
523 4376 600 4452 V,
630 4374 852 4447 datam
900 4377 1083 4451 nouis
1108 4374 1385 4461 januarii
1418 4380 1609 4444 1558.
