3146 4973
1192 388 1350 436 mus
1392 390 1655 436 ream.
2077 384 2088 395 ·
2409 378 2539 440 315

316 535 346 571 α
380 513 465 577 sit
494 513 988 578 communicatio
1016 530 1165 577 cum
1186 513 1477 578 Ecclesia
1501 514 1786 579 Romana
1816 515 2107 581 omnium
2131 522 2361 594 matre,
2383 516 2538 582 dum

316 650 348 684 «
384 645 514 691 non
540 628 748 692 solum
772 628 839 692 in
864 627 1332 710 spiritualibuS‚
1356 627 1475 693 sed
1503 636 1572 694 et
1601 630 1667 693 in
1699 630 2172 712 temporalibus
2198 630 2544 698 beneficio-

315 764 345 798 «
382 760 528 806 rum
544 741 978 824 proventibus
998 741 1081 807 ab
1096 760 1173 807 ea
1192 741 1752 825 dependent.Quo
1777 744 2033 808 enimin
2051 744 2349 827 pluribus
2366 746 2450 812 ab
2466 765 2545 812 ea

313 879 347 916 ι(
384 854 767 940 dependent
788 864 859 922 et
880 855 967 922 ad
983 876 1131 923 eam
1153 858 1511 942 confugere
1538 857 1809 937 debent,
1832 877 1914 925 eo
1932 865 2134 942 magis
2150 869 2545 928 reverentur

312 996 344 1031 «ι
384 976 452 1036 et
481 977 721 1048 amant,
759 979 828 1037 et
863 972 931 1035 in
966 974 1059 1036 eis
1087 990 1231 1057 quoe
1265 972 1351 1037 ad
1375 972 1602 1052 fldem,
1633 990 1850 1040 mores
1873 982 1943 1038 et
1972 993 2152 1040 sacra
2185 976 2539 1041 ministeria

313 1111 342 1145 «
385 1093 680 1171 spectant
730 1104 800 1151 se
852 1088 915 1150 ei
959 1085 1371 1152 submittunt.
1414 1111 1445 1147 n
1507 1088 1750 1173 (Forum
1811 1090 2186 1169 beroefioiale,
2236 1096 2423 1174 parte
2463 1093 2502 1154 2
2520 1140 2535 1165 ‚

300 1222 371 1287 q.
418 1200 599 1285 525.)

392 1320 466 1382 6⁰
509 1315 606 1382 Ad
653 1324 980 1400 perpetuo
1028 1323 1427 1381 oecantatam
1484 1317 1923 1403 objectionem
1968 1318 2054 1384 de
2098 1320 2406 1402 periculo,
2457 1338 2540 1386 ne

304 1430 509 1497 Sedes
551 1432 914 1523 Apostolica
950 1430 1268 1515 ejusmodi
1297 1438 1624 1514 potestate
1649 1434 1979 1513 abutatur,
2015 1433 2338 1499 beneficia
2371 1435 2544 1501 indi-

298 1549 446 1632 gnis
473 1545 894 1623 conferendo,
934 1555 1175 1629 praesto
1209 1552 1310 1613 est
1347 1549 1705 1632 responsio.
1744 1548 2059 1634 Equidem
2093 1546 2394 1614 accidere
2423 1568 2545 1634 po·

307 1668 459 1737 test,
486 1668 565 1726 ut
586 1659 974 1746 quandoque
1002 1660 1326 1727 Romanus
1366 1662 1678 1729 Pontifex
1716 1666 1926 1728 minus
1977 1663 2186 1747 dignis
2227 1664 2544 1730 beneficia

304 1775 624 1853 conferat,
660 1795 809 1841 cnm
838 1795 1248 1861 nequaquam
1281 1776 1400 1841 hac
1430 1779 1497 1841 in
1528 1797 1605 1844 re
1638 1778 1992 1844 infallibilis
2019 1780 2122 1843 sit.
2155 1780 2259 1856 At,
2299 1796 2537 1863 quum»,

300 1889 621 1974 numquid
680 1892 888 1974 mag'ss
931 1891 1308 1958 infallibiles
1354 1893 1678 1976 Episcopi,
1736 1893 1973 1977 aliique
2013 1892 2359 1959 collatores
2378 1895 2413 1958 ⁴?
2442 1895 2546 1957 In-

294 2011 538 2088 gentes
568 2006 743 2080 olim,
776 2008 1009 2091 inquiS,
1064 2025 1146 2071 ex
1189 2006 1744 2072 reservationibus
1797 2006 2140 2089 pontfficiis
2169 2006 2545 2073 dioeceseon

308 2120 855 2204 perturbationem,
898 2123 1198 2205 ingentes
1233 2123 1544 2207 querelae,
1597 2123 1882 2206 ingentia
1923 2122 2248 2188 scandala.
2283 2158 2372 2173 -—-
2399 2124 2549 2188 Exi-

306 2237 505 2303 stimo
524 2254 649 2320 ego
680 2238 965 2320 iugentia
990 2237 1110 2330 bac
1141 2236 1225 2302 de
1247 2256 1321 2302 re
1345 2236 1708 2304 declamata
1731 2238 2076 2305 mendacia
2114 2260 2127 2302 ε
2155 2246 2302 2304 esto
2325 2246 2548 2309 tamen

312 2352 654 2417 nonnanes
699 2351 1046 2418 Pontifices
1078 2353 1151 2416 in
1195 2351 1567 2418 excercenda
1619 2351 1740 2418 hac
1788 2360 2111 2436 potestate
2154 2370 2268 2418 sua
2297 2354 2548 2438 aliquid

310 2468 575 2535 humaui
596 2484 814 2552 passos
840 2467 1039 2534 fuisse
1072 2490 1086 2535 ε
1125 2486 1318 2553 quam
1348 2467 1508 2535 inde
1531 2470 2012 2537 conclusionem
2037 2468 2372 2536 intendis?
2405 2470 2548 2536 Non

310 2583 784 2669 agnoscendam
824 2603 967 2650 esse
1006 2584 1170 2650 banc
1204 2586 1276 2649 in
1306 2585 1608 2651 Romano
1643 2586 1961 2652 Pontifice
1991 2588 2431 2671 potestatem?
2466 2588 2549 2652 At

315 2698 629 2785 numquid
664 2719 748 2765 ex
789 2699 995 2765 abusu
1031 2702 1373 2782 potestatis
1416 2702 1704 2784 legitime
1744 2721 2066 2787 unquam,
2111 2702 2257 2767 fieri
2299 2703 2548 2785 poterit

310 2815 397 2883 ad
444 2815 740 2900 ejusdem
796 2816 1137 2900 potestatis
1184 2817 1596 2899 negationem
1639 2817 1886 2882 illatio?
1930 2815 2095 2883 Vide
2137 2835 2223 2881 ne
2261 2816 2550 2882 infensus

312 2932 421 2997 ille
465 2932 531 2996 in
576 2933 1052 2997 reservationes
1087 2931 1447 3014 pontificias
1482 2933 1736 2997 animus
1766 2932 1886 2998 tibi
1926 2932 2007 2997 m't
2039 2934 2106 2995 in
2141 2931 2537 3008 scandalum,

314 3064 446 3132 quo
476 3045 558 3111 de
592 3063 746 3111 suna
781 3044 1082 3110 doctrina
1117 3044 1200 3109 ad
1242 3047 1484 3111 erroris
1527 3046 1837 3130 abyssum
1869 3048 2106 3111 misere
2145 3045 2541 3112 deturbetis.

314 3163 441 3243 Qui
474 3162 649 3227 enim
685 3159 1031 3226 offenderit
1060 3162 1131 3224 in
1165 3160 1331 3225 banc
1359 3161 1624 3226 Petram
1667 3159 2016 3226 collidetur
2052 3162 2134 3226 ab
2176 3179 2279 3224 ee.
2324 3163 2548 3244 Neque

315 3277 587 3360 legimus
644 3278 785 3360 pios
834 3284 903 3341 et
962 3283 1222 3342 sanctos
1274 3276 1453 3342 viros
1499 3276 1981 3360 pontificiarum
2028 3277 2548 3341 reserationum

314 3392 792 3458 obtrectatores
812 3393 1158 3471 exstitisse,
1184 3399 1298 3456 aut
1331 3410 1602 3474 pravam
1630 3411 1772 3457 eam
1809 3392 2105 3462 Romanae
2141 3389 2326 3456 Sedis
2371 3400 2551 3474 pote-

315 3515 550 3573 statem
579 3508 999 3574 existimaoee.
1034 3509 1439 3593 Quamquam
1473 3516 1696 3574 autem
1736 3508 1872 3573 hoec
1899 3507 2192 3573 scribens
2219 3525 2349 3572 non
2391 3525 2548 3591 pau-

314 3639 545 3690 corum
602 3622 821 3689 forsan
885 3622 1190 3687 invidiam
1238 3626 1306 3688 in
1363 3641 1466 3689 me
1522 3625 1873 3703 concitem,
1903 3624 2073 3689 absit
2111 3631 2189 3690 ut
2232 3623 2550 3708 ejusmodi

315 3736 895 3803 declamationibus
920 3736 1327 3803 subscribam
1365 3757 1647 3822 uuquam
1666 3788 1682 3813 ,
1715 3747 1831 3804 aut
1871 3740 2171 3805 Romanoe
2205 3737 2507 3803 Ecclesiae
2525 3789 2540 3814 ‚

314 3854 511 3919 matri
547 3867 727 3931 meae,
768 3871 966 3937 quam
998 3852 1122 3918 sibi
1168 3853 1453 3920 vindicat
1492 3854 2014 3920 reservationem
2052 3861 2444 3939 potestatem
2481 3855 2545 3918 in

315 3967 591 4033 dubium
634 3983 944 4034 revocare
980 3966 1289 4046 audeam,
1328 3970 1472 4033 eive
1512 3970 1762 4034 crimim
1799 3977 2072 4034 vertam.
2111 3971 2254 4050 Qua
2281 3970 2341 4034 si
2373 3970 2546 4034 forte

315 4082 500 4150 abuti
530 4084 863 4166 contingat
897 4084 1179 4169 aliquem
1218 4085 1576 4151 Romanum
1616 4083 2019 4162 Pontificem,
2050 4086 2162 4169 qui
2189 4085 2398 4151 zelum
2422 4086 2547 4151 Dei

318 4198 540 4277 habet,
562 4217 715 4265 eum
744 4199 1048 4266 obsecret
1085 4208 1162 4266 ut
1195 4202 1491 4284 Patrem3
1525 4209 1598 4266 at
1626 4203 1794 4285 piam
1826 4206 1896 4266 et
1915 4208 2328 4268 reverentem
2358 4202 2547 4268 obse-

318 4317 675 4382 emtionem
706 4315 1138 4400 praetergredi
1175 4337 1304 4383 non
1333 4316 1604 4402 audeat3
1646 4319 1794 4402 quia
1832 4318 2002 4385 ultra
2035 4335 2165 4383 non
2202 4320 2452 4384 sincera
2478 4321 2542 4383 in

306 4430 674 4496 Ecclesiam
702 4429 937 4496 Christi
968 4430 1253 4509 devotio,
1284 4433 1402 4498 scd
1426 4434 1495 4496 in
1528 4434 1681 4499 felle
1707 4433 2156 4499 amaritudinis
2184 4434 2537 4499 contentio.
