3146 4973
658 328 782 391 528
1325 342 1701 391 maci-nus
1746 343 1835 391 nn
1881 341 2210 391 macene.

742 469 1044 550 QUAESTIO
1070 470 1157 534 3·.
1191 503 1282 515 —-
1312 471 1590 547 Qualiter
1616 470 1836 550 obliyet
1859 469 2223 549 proedictum
2262 467 2627 530 Tridentium
2655 471 2829 550 synodi

651 591 1008 667 praeceptum
1030 587 1060 646 Ρ
1084 619 1175 631 -
1213 586 1275 646 1⁰
1306 581 1575 648 Certum
1605 590 1707 649 est
1734 581 1899 648 illud
1931 582 2221 666 obligare
2247 581 2371 646 sub
2394 584 2595 665 gravi,
2623 583 2834 648 seclusa

654 700 1012 783 ignorantia
1068 720 1082 763 :
1140 723 1168 756 α
1211 697 1548 781 Colligitur
1602 717 1684 764 ex
1748 697 2020 763 concilio
2077 695 2453 764 Tridentino
2507 695 2707 783 (dicto
2754 717 2836 763 ca·

660 838 692 876 a
725 816 859 898 pite
894 817 970 879 12
1009 832 1163 879 sess.
1194 812 1329 898 24),
1353 812 1530 897 quod
1561 813 1772 878 utitur
1801 811 2111 896 gravibus
2140 813 2378 890 verbis,
2407 821 2478 878 et
2508 813 2701 878 infert
2725 832 2846 897 gra·

661 953 692 990 «
729 949 875 997 vem
926 948 1212 1014 poenam3
1255 947 1385 1013 qno
1427 947 1581 993 casu
1624 928 1869 1030 obligat
1909 927 1995 994 ad
2023 929 2282 1012 culpam
2312 928 2722 994 mortalem...
2766 932 2846 994 Ita

661 1046 962 1110 «Petrus
999 1043 1083 1110 de
1122 1042 1519 1110 Ledesma...
1565 1021 1910 1110 Garoias...
1956 1044 2394 1129 Squillante...
2437 1045 2787 1110 Sanchez...
2820 1068 2846 1105 »ι

661 1159 957 1247 (Gir-aldi,
1029 1161 1460 1223 Additamenta
1523 1162 1606 1222 ad
1665 1165 1990 1222 tractatum
2075 1161 2357 1222 Barbosoe
2423 1162 2499 1222 de
2573 1160 2820 1223 Par-ocho
2837 1207 2852 1235 ,

657 1283 845 1359 parte
890 1279 947 1355 l,
978 1294 1119 1359 cap.
1163 1277 1228 1352 4,
1266 1295 1330 1339 n.
1371 1276 1472 1351 14,
1518 1292 1666 1358 pag.
1714 1276 1825 1353 44,
1856 1273 2014 1340 edit.
2050 1273 2264 1341 Romae
2306 1273 2529 1359 1831.)

746 1395 816 1457 2⁰
844 1390 1014 1473 Quid
1064 1410 1222 1457 vero
1264 1392 1318 1455 si
1362 1391 1681 1474 parochus
1727 1411 1806 1454 ex
1844 1397 2193 1473 iynorantia
2224 1391 2695 1474 professionem
2730 1390 2869 1456 fidei

657 1507 958 1575 omittat?
985 1528 1020 1568 a
1051 1487 1415 1572 noi-taliter
1442 1523 1719 1592 peecare
1761 1525 1891 1573 non
1930 1505 2199 1573 videtur
2220 1507 2335 1593 (ait
2358 1507 2664 1585 Bai-bosa,
2690 1508 2869 1573 citato

664 1646 696 1684 «
731 1620 926 1707 loco);
958 1641 1129 1700 cum,
1165 1622 1332 1689 bona
1372 1621 1505 1689 fide
1535 1623 1749 1706 legem
1786 1622 2131 1688 humanam
2163 1622 2677 1706 transgredienS‚
2726 1642 2879 1688 mor·

665 1762 697 1799 α
733 1740 862 1804 tale
897 1743 1238 1822 peccatum
1280 1757 1408 1801 non
1445 1738 1831 1806 committat.
1863 1761 1895 1798 n
1946 1740 2101 1804 Eam
2158 1745 2376 1802 tamen
2411 1738 2881 1804 conclusionem

658 1857 1015 1938 impugnat,
1055 1852 1323 1930 ibidem,
1352 1855 1565 1918 citatae
1597 1852 1899 1919 editionis
1925 1852 2277 1920 adnotator
2303 1853 2580 1931 Giraldi‚
2617 1853 2716 1919 his
2748 1872 2881 1919 ver-

661 1970 761 2036 bis
803 1993 817 2036 :
867 1993 899 2032 «
930 1971 1071 2036 Non
1096 1969 1362 2037 videtur
1397 1968 1808 2037 excusandus
1832 1967 2173 2053 parochuS‚
2211 1970 2518 2034 omittens
2550 1969 2889 2052 professio-

663 2108 696 2147 «
734 2104 883 2150 nem
901 2083 1059 2150 fidei
1087 2084 1172 2149 ob
1195 2085 1643 2168 ignorantiam,
1682 2082 2215 2168 quandoquidem
2248 2084 2370 2150 sub
2401 2085 2589 2168 gravi
2608 2103 2804 2168 poena
2825 2082 2887 2147 id

665 2223 699 2261 «
731 2219 895 2266 onus
917 2198 1351 2265 aTridentino
1390 2198 1794 2283 injungitur3
1829 2206 1899 2263 et
1922 2199 2345 2282 certet-oquin,
2394 2217 2541 2264 cum
2568 2198 2893 2282 parochus

668 2337 700 2377 α
735 2316 983 2381 ratione
1007 2315 1108 2380 sui
1139 2321 1346 2380 status
1369 2315 1493 2380 hoc
1517 2317 1684 2380 scire
1720 2320 2047 2394 teneatur,
2086 2315 2382 2399 sequitur
2406 2312 2575 2379 hanc
2592 2315 2894 2397 ignoran-

668 2453 698 2489 α
739 2430 913 2508 tiam,
942 2429 1140 2495 etiam
1163 2428 1286 2494 sub
1309 2428 1513 2511 gravi,
1545 2426 1643 2492 illi
1664 2445 1804 2495 esse
1833 2425 2303 2511 imputandam.
2333 2452 2366 2491 n
2400 2427 2527 2494 Sed
2562 2448 2741 2514 pace
2768 2429 2894 2493 lau-

662 2543 802 2611 dati
834 2546 958 2611 viri
1001 2543 1301 2621 dixerim,
1354 2542 1836 2626 jansenisticum
1875 2545 2157 2628 rigorem
2200 2546 2369 2628 sapit
2410 2545 2551 2611 haec
2598 2544 2759 2630 ejus
2797 2542 2902 2609 do-

664 2662 873 2726 ctrina
906 2682 920 2725 :
959 2678 1086 2725 non
1142 2676 1416 2741 peccare
1465 2676 1617 2724 eum
1638 2704 1654 2734 ‚
1693 2660 1807 2743 qui
1857 2659 2070 2742 legem
2091 2707 2107 2736 ‚
2144 2676 2338 2745 quam
2379 2657 2894 2744 transgreditur,

663 2775 1141 2860 inculpabiliter
1169 2775 1446 2857 ignorat,
1490 2779 1722 2841 tenent
1757 2776 2096 2842 moralistae
2135 2778 2570 2842 communiter
2608 2775 2735 2863 (de
2785 2791 2907 2859 quo

664 2889 771 2958 adi
818 2897 1111 2957 sanctum
1153 2889 1529 2974 Ligurium).
1578 2891 1805 2956 Potest
1848 2898 2074 2958 autem
2110 2894 2491 2977 contingere
2537 2900 2626 2959 nt
2680 2889 2917 2975 uliquis

665 3003 986 3090 parochus
1036 3024 1118 3070 ne
1165 3006 1603 3089 suspicionem
1647 3004 1913 3089 quidem
1953 3007 2193 3074 habeat
2229 3006 2315 3073 de
2357 3008 2530 3073 illius
2568 3007 2762 3091 legis
2797 3004 2917 3070 exi·

664 3124 922 3200 atentia,
965 3130 1037 3189 et
1063 3121 1258 3187 simul
1291 3120 1459 3187 bona
1489 3119 1627 3188 fide
1665 3121 1897 3189 credat
1923 3123 2047 3188 sibi
2077 3143 2208 3189 non
2239 3124 2467 3190 deesse
2511 3122 2921 3209 requisitam

663 3238 882 3324 quoad
915 3246 1159 3306 statum
1213 3258 1400 3305 suum
1437 3238 1817 3323 scientiam;
1868 3259 2000 3325 quo
2048 3260 2202 3307 casn
2252 3240 2685 3324 inculpabilis
2738 3242 2919 3304 certe

537 3444 546 3451 ·
663 3359 792 3424 erit
821 3356 961 3442 ejus
987 3357 1374 3440 ignorantia.

751 3479 822 3542 3⁰
851 3473 1067 3539 Habet
1099 3480 1320 3538 autem
1356 3471 1680 3556 parochus
1722 3472 1808 3540 ad
1852 3473 2378 3540 satisfaciendum
2428 3473 2757 3557 proefatae
2804 3468 2941 3553 legi

664 3591 944 3674 spatium
989 3585 1269 3652 duorum
1325 3588 1684 3672 mensium3
1727 3608 1767 3653 a
1807 3588 1914 3655 die
1959 3590 2215 3674 adeptoe
2254 3590 2703 3675 possessionis
2751 3604 2941 3672 paro-

666 3705 826 3771 chiae
863 3722 1031 3786 suoe3
1069 3702 1160 3765 ita
1195 3707 1271 3766 ut
1312 3720 1444 3766 non
1488 3710 1741 3785 peccet,
1783 3705 2149 3772 omittendo
2187 3704 2347 3771 fidei
2400 3704 2944 3788 professionem,

664 3818 786 3885 nisi
804 3817 1038 3900 elapsis
1062 3815 1190 3882 illis
1219 3814 1476 3883 duobus
1503 3819 1856 3886 mensibus.
1893 3821 2198 3906 Sequitur
2216 3819 2288 3887 id
2326 3826 2557 3903 aperte
2600 3838 2709 3885 ex
2736 3818 2950 3884 citato

662 3931 1043 4000 Tridentino
1076 3938 1287 4002 textu.

752 4049 823 4112 4⁰
858 4049 1003 4116 Non
1041 4073 1075 4111 α
1109 4057 1354 4133 tamen,
1381 4056 1436 4119 si
1466 4054 1637 4121 infra
1670 4053 2016 4137 praefatum
2055 4060 2317 4137 tempus
2356 4071 2483 4118 non
2524 4049 2707 4130 fiat,
2743 4048 2847 4119 ob
2892 4044 2963 4113 ‘ul

671 4186 705 4225 α
740 4164 960 4230 facere
1013 4162 1264 4234 debens
1311 4170 1565 4236 solutus
1634 4177 1933 4236 remanet
1991 4168 2073 4234 ab
2142 4167 2530 4252 obligatione
2608 4166 2841 4232 illam
2896 4165 2959 4226 in

668 4302 702 4341 α
738 4287 1068 4363 posterum
1099 4284 1484 4370 emittendi3
1515 4284 1640 4353 sed
1666 4285 2079 4352 nihilominus
2096 4302 2362 4368 semper
2380 4280 2467 4347 ad
2487 4299 2669 4347 eam
2704 4283 2971 4348 facien-

669 4418 702 4457 «
738 4393 888 4460 dam
906 4403 1205 4482 tenetur-3
1237 4399 1386 4483 quia
1415 4399 1786 4486 hujusmodi
1814 4402 2130 4468 terminus
2151 4418 2188 4465 a
2210 4397 2483 4465 concilio
2506 4399 2971 4483 assignatus.
