3146 4973
1240 373 1394 422 mus
1441 375 1709 435 Quium.
2455 365 2577 428 593

1230 719 1498 786 CAPUT
1549 722 1691 785 VII.

413 1006 727 1056 osricum
775 1008 1059 1056 PARocffl
1105 1009 1331 1068 QUOAD
1377 1007 2153 1056 EXTREMAM-uuc'rlonssm
2216 1009 2299 1054 m·
2353 1010 2517 1058 Assl-

872 1125 1197 1173 STENTIAM
1245 1125 1534 1173 lut-’nmis
1579 1125 2050 1173 PRAESTANDAM.

443 1424 501 1485 l.
535 1443 568 1482 α
609 1422 935 1488 Pax-ochus
983 1423 1232 1487 ratione
1279 1423 1466 1489 officii
1512 1424 1611 1488 sui
1660 1442 1742 1487 ex
1785 1422 2039 1506 justitia
2089 1423 2417 1507 obligatur
2457 1425 2581 1492 hoc

355 1558 387 1597 α
422 1543 893 1602 sacramentum
950 1535 1228 1602 subditis
1295 1538 1700 1621 ministrare3
1762 1542 1838 1602 ut
1896 1536 2172 1621 proinde
2224 1540 2584 1606 mortaliter

357 1675 389 1712 α
425 1659 672 1735 peccet,
702 1655 754 1716 si
801 1654 1053 1736 petenti
1088 1654 1224 1719 sine
1267 1653 1440 1739 justa
1478 1653 1892 1719 excusatione
1936 1661 2155 1737 neget,
2181 1654 2289 1720 vel
2323 1652 2583 1721 differat

359 1789 391 1828 α
428 1786 577 1831 cum
599 1767 924 1852 probabili
952 1769 1245 1852 periculo
1278 1788 1360 1835 ne
1389 1768 1655 1834 interim
1684 1767 1981 1833 infirmus
2006 1766 2309 1835 decedat.
2346 1796 2375 1827 n
2412 1771 2582 1856 (Bar-

351 1880 530 1960 bosa‚
553 1886 628 1947 de
646 1884 854 1963 Officio
872 1885 1330 1976 parcella-cum
1357 1887 1570 1949 Addit.
1595 1881 1865 1964 Giraldi,
1903 1902 1961 1949 c.
1992 1885 2098 1962 22,
2132 1903 2198 1948 ιι.
2237 1882 2369 1968 10.)

440 1998 505 2060 2.
534 2020 566 2058 α
601 1997 907 2081 Neganda
932 2019 1062 2066 non
1091 2007 1192 2066 est
1222 1998 1804 2087 (extrema-unctio)
1833 2000 2059 2084 pueris
2094 2001 2360 2066 rationis
2394 2019 2581 2068 usum

353 2132 384 2169 a
421 2109 845 2179 sufficientem
884 2112 1276 2179 habentibus
1305 2133 1380 2178 ac
1412 2110 1841 2196 peccandum,
1872 2121 1941 2178 et
1967 2131 2163 2178 sacrae
2185 2115 2580 2196 poenitentiae

353 2248 384 2285 (ι
421 2235 534 2291 aut
559 2227 978 2294 Eucharistiae
1008 2227 1398 2312 recipiendae
1427 2228 1837 2314 capacibus»
1872 2227 2095 2315 (Ibid.,
2136 2250 2200 2293 n.
2244 2226 2375 2313 12.)
2413 2228 2579 2297 Vide

348 2343 542 2407 etiam
582 2343 1005 2410 Benedictum
1039 2346 1185 2410 XIV
1219 2346 1316 2432 (cle
1341 2350 1490 2428 Syn.
1527 2349 1730 2424 dioec„
1772 2345 1819 2411 l.
1858 2353 1919 2424 7,
1954 2364 2098 2429 cap.
2135 2348 2244 2423 21,
2285 2365 2349 2410 u.
2380 2345 2471 2430 2).

435 2461 498 2525 3.
545 2460 711 2526 Item
772 2459 1171 2527 conferenda
1216 2469 1318 2528 est
1375 2461 1744 2529 amentibus
1790 2467 1863 2537 ,et
1910 2460 2306 2545 phreneticis
2324 2510 2341 2539 ‚
2397 2459 2579 2528 dum·

345 2574 541 2642 modo
571 2577 740 2642 absit
762 2578 1124 2660 periculum
1144 2578 1619 2655 irreverentiae,
1649 2584 1720 2643 et
1742 2577 2087 2661 aliquando
2106 2577 2374 2643 rationis
2390 2598 2579 2644 usum

343 2689 714 2757 habuerint.
736 2691 901 2757 Vide
933 2693 1399 2761 catechismum
1429 2712 1769 2760 romanum
1805 2693 2014 2780 (parte
2046 2695 2110 2773 2,
2149 2713 2291 2779 cap.
2314 2697 2382 2774 6,
2416 2701 2447 2773 §
2480 2696 2572 2783 9),

344 2814 414 2874 et
443 2806 877 2875 Benedictum
900 2811 1046 2876 XIV
1083 2812 1179 2898 (cle
1209 2816 1359 2895 Syn.
1384 2815 1586 2890 clioec„
1625 2812 1669 2875 l.
1709 2819 1771 2889 7,
1798 2830 1856 2875 c.
1893 2813 2002 2888 21,
2025 2830 2088 2874 n.
2126 2807 2218 2895 4).

439 2925 503 2989 4.
533 2924 632 2990 An
659 2926 985 3009 parochus
1005 2927 1167 2994 illud
1189 2935 1665 2994 sacramentum
1694 2927 2064 2992 ministrare
2098 2935 2403 2994 teneatur
2429 2948 2577 2994 cum

347 3042 626 3125 propriae
664 3044 814 3109 vitae
846 3044 1176 3127 periculo;
1210 3045 1490 3127 aegrotis,
1537 3043 1727 3108 verbi
1774 3044 2003 3127 gratia,
2039 3052 2226 3126 peste
2276 3045 2579 3112 laboran-

345 3156 571 3224 tibus?
603 3158 938 3242 Negarunt
956 3158 1156 3243 aliqui
1181 3157 1484 3224 doctores
1518 3180 1532 3223 :
1570 3157 1688 3224 sed
1714 3159 1934 3223 sanior
1952 3178 2125 3243 pam,
2160 3162 2264 3227 cui
2286 3159 2576 3231 adhaeret

344 3271 744 3340 Benedictus
763 3276 932 3354 XIV,
953 3281 1187 3359 putant
1218 3294 1370 3341 eum
1393 3275 1652 3339 omnino
1679 3274 1913 3340 teneri.
1943 3274 2129 3362 (Vide
2142 3279 2577 3343 Additamenta

347 3388 596 3454 Giraldi
635 3393 718 3454 ad
765 3394 1132 3472 Barbosam,
1172 3395 1248 3457 de
1302 3393 1512 3472 Officio
1560 3393 1845 3475 parochi,
1895 3412 1952 3457 c.
1992 3395 2112 3471 22,
2150 3413 2217 3457 ιι.
2266 3397 2366 3459 17.
2411 3396 2577 3461 Vide

344 3504 499 3570 item
536 3523 678 3590 quae
715 3505 995 3574 diximus
1030 3526 1250 3592 supra,
1279 3509 1492 3592 capite
1524 3510 1587 3585 5,
1619 3527 1684 3571 n.
1721 3511 1826 3591 ¹¹3
1855 3515 1925 3572 et
1952 3508 2381 3577 Benedictum
2402 3514 2567 3592 XlV,

346 3622 422 3683 de
447 3624 688 3703 synodo
721 3624 1073 3701 dioewsnm,
1110 3624 1157 3688 l.
1192 3626 1296 3703 13,
1334 3643 1393 3687 c.
1435 3626 1535 3700 19,
1572 3642 1640 3686 n.
1669 3627 1709 3690 8
1734 3630 1804 3687 et
1838 3621 2008 3709 seq.)

439 3740 504 3802 5.
544 3737 836 3818 Senibm,
885 3741 998 3824 qui
1032 3746 1370 3805 senectute
1399 3740 1836 3806 conficiuntur
1871 3739 2116 3826 absque
2152 3742 2574 3811 alia'infirmi·

342 3859 504 3931 tate,
548 3859 817 3919 tenetur
859 3856 1180 3939 parochus
1229 3856 1352 3924 hoc
1401 3863 1881 3924 sacramentum
1924 3858 2313 3924 ministrare.
2345 3858 2565 3945 (ibid,

342 3989 410 4034 n.
454 3973 532 4038 13
554 3977 625 4037 et
656 3969 790 4055 18.)
2543 4054 2553 4066 .

433 4088 499 4150 6.
541 4109 573 4148 α
609 4086 800 4167 Quod
843 4106 977 4153 non
1020 4089 1102 4155 sit
1147 4089 1396 4155 licitum
1420 4091 1519 4155 uti
1554 4090 1700 4156 oleo
1742 4088 2095 4157 benedicto
2143 4092 2574 4175 praecedentis

352 4222 388 4263 α
421 4203 591 4280 anni,
620 4208 963 4290 postquam
988 4224 1232 4273 novum
1265 4206 1468 4272 fuerit
1503 4215 1975 4286 consecratum,
2010 4206 2372 4275 declaravit
2409 4210 2574 4276 Gon-

351 4338 386 4377 «
419 4320 709 4400 gregatio
765 4321 1033 4389 nimum
1082 4322 1172 4408 (in
1211 4326 1803 4404 Septempedanensi,
1838 4331 1871 4389 7
1923 4323 2296 4391 decembris
2352 4324 2570 4409 1601);

329 4456 381 4498 ,ιι
426 4434 676 4503 licitum
706 4443 924 4505 tamen
949 4458 1091 4506 esse
1115 4442 1180 4506 in
1211 4441 1472 4523 urgenti
1499 4443 1884 4509 necessitate
1913 4439 2273 4511 declaravit
2295 4441 2578 4524 Congre-

2228 4554 2299 4611 38
2352 4605 2355 4608 Α
