3146 4973
1288 401 1445 449 »aas
1490 403 1751 449 marm.
2000 387 2013 398 “
2511 397 2638 459 405

410 526 623 591 ctione
668 528 706 591 3
746 531 814 590 et
850 522 944 606 4).
991 524 1199 609 Atque
1245 523 1488 590 ibidem
1535 526 1773 611 (capite
1817 526 1879 611 7)
1919 529 2325 599 ostendimus
2374 533 2643 618 hujusce

409 641 793 708 conditionis
831 658 973 706 esse
1012 638 1358 707 hodiernos
1413 641 1635 708 Galliae
1674 642 2011 725 parochos,
2063 647 2174 729 qui
2221 650 2643 714 desset-vitores

409 765 893 841 nuncupantur.

496 876 567 938 3ο
594 872 921 938 Beneficia
959 873 1275 939 manualia
1315 872 1690 939 obtinentes
1720 893 1849 940 non
1875 878 2176 943 revocari
2207 898 2328 961 per
2358 888 2636 948 mortem

405 986 845 1065 concedentis,
885 994 985 1052 est
1020 987 1279 1054 omnino
1322 996 1601 1066 certum,
1638 997 1708 1055 et
1750 1009 1786 1053 a
1824 988 2206 1058 doctoribus
2249 995 2640 1061 unanimiter

405 1102 745 1169 traditum.
789 1102 976 1189 (Vide
1001 1104 1418 1180 Lcurenium,
1449 1108 1673 1167 Forum
1695 1106 2062 1186 beneficiate,
2098 1114 2287 1190 parte
2321 1111 2380 1187 1,
2409 1130 2474 1194 q.
2498 1111 2634 1192 82.)

494 1222 562 1284 4⁰
593 1217 915 1286 Traditum
962 1226 1183 1284 autem
1216 1219 1545 1285 notionem
1569 1219 1655 1285 de
1690 1219 2064 1304 hujusmodi
2090 1224 2498 1291 manualibus
2525 1226 2640 1292 be·

406 1336 672 1413 neficiis‚
711 1335 899 1420 juvat
935 1333 1320 1401 confirmare
1373 1337 1882 1418 praestantissimi
1936 1337 2296 1405 cardinalis
2331 1339 2415 1407 de
2462 1343 2637 1406 Luca

407 1452 621 1519 verbis
652 1460 722 1518 et
747 1453 1137 1519 auctoritate
1181 1473 1193 1516 :
1235 1451 1628 1518 «Generalis
1667 1451 1997 1521 distinctio
2027 1460 2128 1519 est
2176 1455 2432 1540 (iuquit)
2460 1457 2635 1523 inter

406 1591 438 1628 «
473 1568 801 1634 soecularia
834 1575 906 1634 et
933 1567 1280 1650 regularia.
1336 1567 1555 1632 Prima
1586 1567 1756 1634 enim
1804 1570 2055 1651 species
2093 1571 2496 1637 saecularium
2527 1570 2638 1637 ha-

408 1706 439 1743 «
474 1683 590 1749 bet
643 1700 764 1766 pro
808 1700 877 1747 se
942 1682 1512 1764 praesumptionem
1565 1684 2026 1765 perpetuitatis
2073 1685 2139 1748 in
2195 1686 2635 1755 exclusionem

407 1821 438 1858 «
474 1798 907 1865 manualitatis
944 1818 957 1861 ε
995 1806 1064 1862 et
1090 1819 1128 1862 e
1156 1804 1385 1863 contra
1419 1795 1706 1863 secunda
1731 1798 1985 1880 species
2009 1800 2405 1883 regularium
2436 1799 2634 1868 habet

410 1937 441 1974 «
479 1916 1043 2000 praesumptionem
1095 1912 1564 1990 manualitatis,
1629 1920 1902 1995 propter
1970 1921 2192 1979 votum
2244 1912 2631 1982 obedientiae

411 2053 442 2090 «
483 2028 662 2114 quod
702 2028 1034 2111 regulares
1084 2028 1480 2112 profitentur
1516 2046 1673 2112 erga
1700 2030 2133 2112 superiorem.
2182 2032 2472 2115 Utraque
2520 2051 2635 2097 au·

408 2169 437 2204 «
477 2153 606 2211 tem
645 2145 894 2228 regula,
927 2152 1156 2228 utpote
1187 2142 1350 2227 juris
1381 2144 1871 2227 praesumptioni
1900 2146 2139 2223 innixa,
2170 2153 2379 2211 cessat
2416 2165 2501 2212 ex
2536 2145 2633 2211 di·

404 2286 433 2320 «
471 2279 658 2327 versa
682 2260 1060 2346 particulari
1084 2259 1399 2344 qualitate
1426 2257 1780 2325 inducente
1806 2261 2257 2327 limitationem
2288 2283 2301 2326 :
2331 2263 2633 2344 quoniam

404 2402 431 2436 «
469 2379 655 2444 sicuti
696 2379 763 2442 in
797 2376 1126 2444 beneficiis
1176 2376 1592 2459 regularibus
1636 2396 1767 2443 non
1794 2378 2083 2461 implicat
2121 2397 2198 2443 ea
2227 2397 2366 2444 esse
2399 2396 2625 2460 perpe-

403 2518 433 2553 «
476 2502 610 2572 tna,
648 2495 1007 2579 praesertim
1032 2512 1193 2559 vero
1223 2493 1336 2559 ubi
1374 2502 1528 2559 sunt
1555 2501 1894 2573 curata...,
1925 2495 2015 2559 ita
2044 2515 2173 2562 nou
2205 2495 2494 2579 implicat
2521 2494 2632 2560 be-

404 2630 432 2667 «
469 2608 696 2673 neiicia
750 2606 1080 2671 saecularia
1134 2625 1275 2672 esse
1308 2606 1625 2671 manualia
1666 2615 1734 2672 et
1777 2605 1862 2671 ad
1901 2613 2131 2672 nutum
2172 2607 2559 2672 amovibilia.
2589 2633 2618 2666 n

403 2724 508 2807 (De
535 2723 883 2801 Beneficiis,
930 2721 1230 2789 discursu
1256 2726 1366 2798 97,
1410 2741 1475 2786 n.
1505 2725 1542 2787 3
1570 2729 1641 2787 et
1663 2736 1825 2805 seq.

1428 2993 1457 3061 5
1511 2989 1593 3049 11.

388 3215 645 3266 Addua-itur
686 3218 949 3266 summatim
988 3217 1164 3279 aliquot
1205 3218 1543 3279 praecipuorum
1583 3217 1826 3265 doctorum
1860 3218 2083 3265 sententia
2112 3216 2263 3279 quoad
2292 3220 2622 3280 quaestionem,

451 3325 507 3359 au
542 3310 766 3360 beneficia
800 3311 1032 3359 manualia
1068 3311 1330 3360 obtinentes
1365 3310 1545 3373 possint
1572 3309 1632 3358 iis
1662 3310 1837 3372 privari
1878 3310 1978 3358 sine
2015 3322 2154 3358 causa
2173 3347 2184 3369 ,
2215 3317 2260 3357 et
2290 3324 2347 3357 an
2376 3323 2633 3375 recursum<

449 3405 504 3452 ad
542 3405 829 3467 superiorem
868 3404 1088 3452 habeant.

469 3649 520 3711 I.
569 3649 911 3712 Doc‘rama
946 3645 1272 3710 Suannsn.
1313 3679 1401 3690 —
1437 3643 1875 3723 Quaestionem
1923 3637 2239 3723 expendit
2280 3636 2624 3704 dumtaxat

380 3760 595 3846 quoad
648 3760 1012 3844 regulum,
1075 3758 1395 3825 beneficia
1461 3757 1780 3842 ejusmodi
1841 3757 2160 3822 manualia
2221 3754 2615 3822 obtinentes,

381 3876 628 3956 Quaerit
668 3895 904 3959 nempe
940 3896 1024 3941 an
1065 3893 1295 3941 eorum
1337 3874 1637 3956 superior
1682 3873 1994 3956 regularis
2039 3872 2239 3955 possit
2276 3887 2390 3936 eos
2429 3889 2623 3936 revo-

380 4010 530 4057 care
559 3994 697 4058 sine
729 4010 958 4075 causa;
992 3999 1061 4057 et
1092 3992 1183 4057 sic
1216 3989 1454 4056 habet:
1497 4012 1528 4050 «
1563 3990 1627 4052 Si
1649 3995 1865 4054 autem
1888 3989 2195 4071 praelatus
2216 3995 2484 4056 revocet
2505 3988 2606 4054 hu

390 4131 419 4166 «
449 4107 734 4191 jusmodi
782 4108 1118 4175 subditum
1155 4109 1292 4173 sine
1327 4125 1539 4183 causa,
1570 4103 1834 4190 quidam
1871 4102 2098 4170 dicunt
2132 4103 2352 4170 illicite
2390 4123 2604 4188 agere„

392 4244 421 4281 «
459 4231 527 4288 et
572 4242 757 4307 posse
801 4220 1136 4289 subditum
1190 4242 1408 4289 coram
1461 4219 1705 4305 majore
1755 4220 2089 4304 superiore
2141 4220 2477 4305 conqueri.
2521 4220 2617 4284 Ita

392 4362 420 4396 «
456 4339 773 4422 significat
799 4341 1210 4407 Innocentius
1237 4341 1322 4426 (in
1355 4348 1553 4424 caput
1584 4342 1992 4417 Insinuances,
2024 4343 2129 4419 qui
2154 4341 2357 4402 clerici
2390 4339 2484 4399 vel
2518 4356 2618 4398 vo-

391 4476 423 4513 «
462 4465 674 4533 ventes,
717 4475 781 4519 u.
819 4452 882 4537 2)
932 4476 945 4519 ;
989 4460 1058 4519 si
1088 4462 1356 4537 superior
1402 4453 1656 4541 (iuquit)
1710 4457 1882 4517 vellet
1920 4475 1998 4516 ea:
2035 4455 2275 4517 malitia
2319 4470 2618 4513 removere
