3146 4973
600 319 727 382 516
1273 332 1648 382 moruus
1694 332 1780 380 m:
1826 332 2153 382 ranocno.

600 482 632 520 c<
666 457 1045 543 Agathensis
1092 456 1345 523 concilii
1401 478 1413 521 :
1464 459 1949 521 Benedictionem
1979 475 2156 537 super
2187 458 2420 537 plebem
2462 461 2530 519 in
2559 459 2800 521 Ecclesia

599 597 631 633 α
671 577 928 654 sundere
952 575 1297 655 presbytero
1330 578 1573 653 penitus
1594 592 1716 636 non
1740 574 1961 635 licebit.
1994 572 2069 635 In
2086 569 2235 653 jure
2268 578 2488 637 autem
2519 574 2803 637 canonico

597 714 627 749 a
668 691 800 775 (26,
842 708 904 773 q.
944 690 1008 765 6,
1046 707 1104 753 c.
1143 685 1208 770 3)
1241 687 1445 752 vetita
1482 686 1888 770 presbyteris
1918 683 2160 751 dicitur
2186 686 2490 752 solemnis
2519 706 2596 752 ea
2623 686 2803 752 bene-

599 828 631 864 α
673 804 872 871 dictio
917 824 1048 885 quw
1086 804 1163 881 fit
1212 823 1323 883 per
1361 806 1514 867 talia
1579 805 1760 866 verba
1809 823 1828 864 .·
1886 806 1986 866 Sic
2038 821 2251 865 nomen
2302 806 2548 866 Domini
2590 804 2810 867 bemati-

598 944 628 980 «
666 927 848 997 ctum,
899 925 1026 984 etc.
1083 917 1265 984 Idem
1295 919 1589 1000 reperies
1627 919 1690 981 in
1733 916 2009 982 concilio
2038 917 2439 983 Narbonensi
2477 920 2626 984 anni
2658 923 2811 986 1609

596 1057 627 1094 «
663 1052 809 1116 cap.
853 1036 956 1108 19,
1002 1031 1116 1095 ubi
1168 1031 1554 1116 prohibetur
1589 1052 1673 1098 ne
1709 1033 2069 1117 quisquam,
2115 1032 2581 1118 cujuscumque
2624 1033 2816 1118 digni·

594 1173 626 1209 «
659 1150 811 1215 tatis
840 1149 944 1224 sit,
977 1156 1220 1231 praeter
1268 1149 1623 1230 Episcopus
1652 1155 1721 1212 et
1761 1148 2058 1213 mitratos
2105 1148 2396 1226 abbates,
2448 1150 2816 1233 praedictam

594 1287 626 1325 a
662 1261 1185 1329 benedictionem
1224 1264 1623 1345 impertiant.
1660 1264 1735 1327 In
1773 1262 2136 1346 appendice
2182 1263 2268 1330 ad
2307 1284 2591 1331 canones
2633 1283 2819 1331 saecu·

595 1407 628 1444 α
660 1384 704 1448 li
739 1382 928 1454 sexti,
956 1381 1126 1446 libro
1171 1383 1230 1460 1,
1265 1380 1622 1445 adnotatur
1663 1398 1793 1445 non
1843 1381 1942 1446 fas
1985 1400 2127 1446 esse
2186 1383 2583 1467 presbytero
2633 1384 2823 1450 bene·

595 1521 627 1557 ‹ae
659 1497 1008 1564 dictionem
1036 1495 1221 1574 dare,
1268 1494 1446 1579 quod
1484 1503 1552 1561 et
1590 1495 2017 1562 confirmatur
2046 1518 2293 1564 canone
2349 1507 2382 1565 7
2440 1501 2826 1584 Hispalensis

596 1637 627 1673 c<
672 1611 927 1677 concilii
974 1611 1124 1675 anni
1163 1612 1324 1677 619.
1361 1611 1437 1674 In
1485 1612 1954 1694 capitularibus
2010 1615 2265 1680 concilii
2306 1616 2830 1699 Aquisgranensis

597 1752 629 1788 «
666 1729 814 1793 anni
855 1729 1005 1802 803,
1042 1745 1184 1809 cap.
1240 1728 1302 1803 5,
1349 1727 1762 1810 presbyteris
1796 1735 1865 1793 et
1910 1731 2105 1794 etiam
2141 1732 2579 1814 corepiscopis
2612 1730 2831 1817 prohi-

595 1868 628 1903 «
672 1843 881 1908 bitum
928 1839 1172 1906 dicitur
1224 1843 1685 1907 benedictionem
1737 1850 1804 1906 in
1848 1846 2089 1924 publica
2137 1852 2321 1909 missa
2373 1850 2636 1911 tribuere
2654 1895 2671 1926 ,
2708 1866 2832 1929 qum

596 1982 628 2018 a
670 1963 873 2021 omnia
911 1961 1174 2021 Summis
1206 1956 1630 2036 Pontificibus,
1662 1961 1730 2021 id
1759 1965 1870 2038 est,
1903 1960 2351 2024 cathedralibus
2385 1965 2699 2045 Episcopis
2733 1965 2832 2026 de·-

597 2097 628 2136 «
672 2077 909 2152 beatur,
948 2079 1007 2135 et
1037 2091 1159 2135 non
1182 2078 1576 2154 corepiscopis
1603 2076 1699 2136 vel
1718 2077 2115 2156 presbyteris.
2142 2077 2307 2141 Item
2339 2078 2404 2141 in
2435 2080 2727 2161 capitulo
2754 2083 2832 2144 78

600 2211 630 2247 α
664 2183 942 2252 Herardi
972 2185 1215 2268 legitur
1244 2205 1257 2249 ε
1288 2189 1377 2248 Ne
1402 2188 1719 2267 presbyter
1746 2188 2205 2252 benedictionem
2239 2194 2548 2272 publicam
2582 2196 2835 2273 fundere

600 2325 631 2361 «
666 2319 847 2380 super
880 2300 1164 2381 populum
1197 2307 1549 2379 praesumat.
1589 2300 1672 2364 Et
1699 2301 1912 2383 capite
1948 2304 2075 2366 225
2113 2302 2263 2369 libri
2298 2312 2331 2368 7
2374 2305 2688 2390 Ansegisi‚
2724 2307 2837 2372 de·

482 2498 497 2513 .
602 2441 632 2476 «
674 2413 1073 2500 gradationis
1094 2431 1287 2497 poena
1315 2415 1628 2479 statuitur
1659 2415 1726 2478 in
1755 2415 2239 2501 presbyterum,
2270 2422 2382 2505 qui
2409 2440 2605 2489 ausus
2638 2423 2842 2490 fuerit

601 2556 633 2593 ι(
672 2534 1136 2596 benedictionem
1166 2535 1234 2593 in
1262 2532 1508 2593 ecclesia
1541 2549 1725 2610 super
1747 2535 2037 2612 populum
2072 2537 2344 2612 fundere.
2378 2559 2410 2598 »
2458 2539 2715 2625 (Nudi,
2745 2543 2843 2605 dei

596 2648 881 2723 Par-ochi,
916 2653 1075 2709 tom.
1115 2648 1173 2720 1,
1210 2662 1355 2726 pag.
1380 2646 1463 2709 82
1494 2652 1563 2709 et
1594 2644 1761 2729 seq.)

688 2759 1199 2825 Prohibitionem
1251 2766 1469 2823 autem
1507 2758 1890 2844 praedictam
1933 2763 2208 2848 intelligi
2244 2766 2328 2833 de
2373 2768 2842 2838 benedictione

600 2877 868 2945 solemni
894 2893 1018 2960 per
1045 2873 1247 2939 verba
1269 2877 1369 2939 Sit
1397 2894 1611 2940 nomen
1636 2881 1903 2959 Domini,
1932 2885 2092 2959 etc.‚
2124 2901 2432 2965 expresse
2459 2887 2712 2957 habent
2741 2910 2848 2956 ca-

603 3010 824 3058 nones.
865 2989 1186 3054 Caeterum
1206 2987 1591 3073 presbyteri
1629 2992 1697 3055 in
1728 2991 1860 3059 fine
1893 2996 2098 3061 missoe
2122 2997 2647 3069 benedictionem
2688 3007 2847 3071 sim-

604 3108 858 3191 plicem,
892 3124 1022 3170 non
1046 3114 1364 3187 praesente
1397 3105 1738 3190 Episcopo,
1776 3108 2099 3194 fundunt;
2136 3113 2323 3199 cujus
2349 3120 2851 3186 consuetudinis

606 3224 855 3288 initium
897 3219 984 3287 ad
1041 3218 1457 3286 undecimum
1511 3223 1823 3287 soeculum
1875 3225 2084 3292 refert
2127 3228 2329 3294 Nardi
2391 3233 2558 3317 (loco
2603 3238 2841 3317 citam,

606 3358 753 3423 pag.
786 3335 920 3420 85).

694 3456 896 3518 'l'anta
939 3451 1064 3516 fuit
1102 3452 1168 3515 in
1208 3457 1348 3516 tota
1395 3458 1576 3518 retro
1613 3453 1995 3539 antiquitate
2027 3459 2204 3543 apud
2247 3466 2532 3532 omnium
2559 3472 2856 3537 aestima-

605 3571 848 3637 tionem
872 3567 1142 3652 praefata
1172 3566 1557 3649 episcopalis
1576 3567 1969 3648 benedictio,
1995 3578 2067 3635 ut
2089 3575 2283 3640 etiam
2307 3596 2463 3643 usus
2489 3576 2855 3649 inoleverit

604 3685 779 3753 sedis
814 3683 1218 3749 vacationem
1246 3682 1658 3765 exprimendi
1689 3683 1866 3752 hisce
1904 3696 1973 3753 et
2005 3690 2319 3757 similibus
2345 3694 2646 3764 formulis
2683 3722 2700 3765 :
2741 3708 2856 3765 Va·

602 3822 739 3865 care
787 3800 1084 3882 pastorali
1132 3799 1533 3862 benedictione
1588 3800 1677 3884 (in
1712 3807 1852 3866 Vita
1905 3812 2100 3869 sancti
2153 3811 2516 3892 Landoaldi,
2572 3813 2848 3897 Sarius,

604 3934 823 3981 mense
886 3909 1155 3995 martio)
1212 3934 1225 3976 ε
1277 3916 1507 3994 Absque
1563 3917 1966 3982 benedictione
2026 3928 2351 4005 episcopali
2395 3930 2568 4009 ἄθρει
2615 3930 2858 4015 (apud

600 4028 823 4107 mansi,
865 4033 1025 4092 tom.
1092 4030 1195 4107 15,
1243 4029 1369 4096 col.
1426 4031 1573 4107 130,
1631 4029 1830 4098 editio
1889 4033 2263 4123 Florentiae)
2307 4059 2321 4103 :
2366 4045 2552 4106 Unico
2591 4054 2862 4126 pastore

600 4148 806 4223 vidua,
841 4146 1169 4223 episcopali
1204 4149 1377 4207 vacat
1416 4145 1818 4210 benedictione
1845 4146 2060 4233 (it-id„
2094 4158 2255 4218 tom.
2294 4158 2401 4234 20,
2425 4159 2551 4223 col.
2574 4157 2722 4243 30).
2773 4162 2856 4225 Et

591 4262 662 4326 in
686 4259 955 4326 concilio
976 4259 1334 4323 Turonensi
1369 4260 1519 4323 anni
1556 4262 1751 4340 1163,
1793 4282 2014 4331 coram
2059 4268 2238 4352 Papa
2278 4278 2350 4336 et
2379 4272 2859 4342 cardinalibus

593 4377 845 4462 prolata
903 4373 1284 4439 referuntur
1330 4372 1463 4437 haec
1518 4376 1718 4443 verba
1777 4400 1791 4442 :
1858 4384 2137 4464 Episcopi
2197 4405 2419 4452 sunm.
2477 4394 2579 4453 Ea:
2621 4395 2854 4457 eadem
