<?xml version="1.0" encoding="UTF-8"?>
<!DOCTYPE html PUBLIC "-//W3C//DTD XHTML 1.0 Transitional//EN"
    "http://www.w3.org/TR/xhtml1/DTD/xhtml1-transitional.dtd">
<html xmlns="http://www.w3.org/1999/xhtml" xml:lang="en" lang="en">
 <head>
  <title>
</title>
<meta http-equiv="Content-Type" content="text/html;charset=utf-8" />
  <meta name='ocr-system' content='tesseract 3.04.00' />
  <meta name='ocr-capabilities' content='ocr_page ocr_carea ocr_par ocr_line ocrx_word'/>
</head>
<body>
  <div class='ocr_page' id='page_1' title='image "./tractatusdeparo00bouigoog_0096.png"; bbox 0 0 3146 4973; ppageno 0'>
   <div class='ocr_carea' id='block_1_1' title="bbox 575 386 2143 448">
    <p class='ocr_par' dir='ltr' id='par_1_1' title="bbox 575 386 2143 448">
     <span class='ocr_line' id='line_1_1' title="bbox 575 386 2143 448; baseline -0.007 -1"><span class='ocrx_word' id='word_1_1' title='bbox 575 386 652 448; x_wconf 82' lang='lat'>84</span> <span class='ocrx_word' id='word_1_2' title='bbox 1257 395 1633 442; x_wconf 63' lang='lat' dir='ltr'>‘rammi-us</span> <span class='ocrx_word' id='word_1_3' title='bbox 1680 394 1769 441; x_wconf 77' lang='lat' dir='ltr'>nn</span> <span class='ocrx_word' id='word_1_4' title='bbox 1812 389 2143 440; x_wconf 74' lang='lat' dir='ltr'>PAnocno.</span> 
     </span>
    </p>
   </div>
   <div class='ocr_carea' id='block_1_2' title="bbox 567 508 2812 1183">
    <p class='ocr_par' dir='ltr' id='par_1_2' title="bbox 567 508 2812 1183">
     <span class='ocr_line' id='line_1_2' title="bbox 572 508 2808 602; baseline -0.002 -21"><span class='ocrx_word' id='word_1_5' title='bbox 572 517 1129 602; x_wconf 83' lang='lat' dir='ltr'>impugnabimus,</span> <span class='ocrx_word' id='word_1_6' title='bbox 1162 519 1420 584; x_wconf 87' lang='lat' dir='ltr'>noverit</span> <span class='ocrx_word' id='word_1_7' title='bbox 1445 508 1660 584; x_wconf 88' lang='lat' dir='ltr'>lector</span> <span class='ocrx_word' id='word_1_8' title='bbox 1690 536 1801 583; x_wconf 89' lang='lat' dir='ltr'>eos</span> <span class='ocrx_word' id='word_1_9' title='bbox 1845 514 2077 598; x_wconf 85' lang='lat' dir='ltr'>attingi</span> <span class='ocrx_word' id='word_1_10' title='bbox 2107 509 2662 597; x_wconf 78' lang='lat' dir='ltr'>presbyterianoS‚</span> <span class='ocrx_word' id='word_1_11' title='bbox 2697 509 2808 595; x_wconf 87' lang='lat' dir='ltr'>qui</span> 
     </span>
     <span class='ocr_line' id='line_1_3' title="bbox 570 626 2812 718; baseline -0.004 -19"><span class='ocrx_word' id='word_1_12' title='bbox 570 636 801 717; x_wconf 83' lang='lat' dir='ltr'>priscis</span> <span class='ocrx_word' id='word_1_13' title='bbox 850 635 1023 700; x_wconf 82' lang='lat' dir='ltr'>Aerii</span> <span class='ocrx_word' id='word_1_14' title='bbox 1084 632 1415 718; x_wconf 83' lang='lat' dir='ltr'>discipulis</span> <span class='ocrx_word' id='word_1_15' title='bbox 1475 635 1684 701; x_wconf 92' lang='lat' dir='ltr'>multo</span> <span class='ocrx_word' id='word_1_16' title='bbox 1744 630 2239 718; x_wconf 84' lang='lat' dir='ltr'>periculosiores</span> <span class='ocrx_word' id='word_1_17' title='bbox 2262 677 2278 707; x_wconf 92' lang='lat'>‚</span> <span class='ocrx_word' id='word_1_18' title='bbox 2341 626 2812 694; x_wconf 87' lang='lat' dir='ltr'>recentioribus</span> 
     </span>
     <span class='ocr_line' id='line_1_4' title="bbox 569 743 2812 835; baseline -0.004 -18"><span class='ocrx_word' id='word_1_19' title='bbox 569 752 970 835; x_wconf 85' lang='lat' dir='ltr'>temporibus</span> <span class='ocrx_word' id='word_1_20' title='bbox 1018 758 1116 817; x_wconf 87' lang='lat' dir='ltr'>tot</span> <span class='ocrx_word' id='word_1_21' title='bbox 1151 751 1470 834; x_wconf 79' lang='lat' dir='ltr'>regioneS,</span> <span class='ocrx_word' id='word_1_22' title='bbox 1518 760 1619 817; x_wconf 90' lang='lat' dir='ltr'>tot</span> <span class='ocrx_word' id='word_1_23' title='bbox 1667 748 2111 825; x_wconf 78' lang='lat' dir='ltr'>bibliothecaS,</span> <span class='ocrx_word' id='word_1_24' title='bbox 2161 754 2259 813; x_wconf 90' lang='lat' dir='ltr'>tot</span> <span class='ocrx_word' id='word_1_25' title='bbox 2297 743 2665 821; x_wconf 77' lang='lat' dir='ltr'>cathedraS‚</span> <span class='ocrx_word' id='word_1_26' title='bbox 2709 750 2812 808; x_wconf 89' lang='lat' dir='ltr'>tot</span> 
     </span>
     <span class='ocr_line' id='line_1_5' title="bbox 567 862 2810 948; baseline -0.004 -16"><span class='ocrx_word' id='word_1_27' title='bbox 567 870 972 934; x_wconf 90' lang='lat' dir='ltr'>incautorum</span> <span class='ocrx_word' id='word_1_28' title='bbox 1004 869 1200 933; x_wconf 89' lang='lat' dir='ltr'>etiam</span> <span class='ocrx_word' id='word_1_29' title='bbox 1244 868 1707 934; x_wconf 87' lang='lat' dir='ltr'>catholicorum</span> <span class='ocrx_word' id='word_1_30' title='bbox 1758 874 2031 942; x_wconf 81' lang='lat' dir='ltr'>menteS,</span> <span class='ocrx_word' id='word_1_31' title='bbox 2082 864 2450 948; x_wconf 83' lang='lat' dir='ltr'>systematis</span> <span class='ocrx_word' id='word_1_32' title='bbox 2487 862 2586 926; x_wconf 88' lang='lat' dir='ltr'>sui</span> <span class='ocrx_word' id='word_1_33' title='bbox 2623 867 2810 944; x_wconf 88' lang='lat' dir='ltr'>peste</span> 
     </span>
     <span class='ocr_line' id='line_1_6' title="bbox 567 976 2811 1069; baseline -0.004 -21"><span class='ocrx_word' id='word_1_34' title='bbox 567 984 942 1069; x_wconf 83' lang='lat' dir='ltr'>foedarunt3</span> <span class='ocrx_word' id='word_1_35' title='bbox 978 1003 1382 1069; x_wconf 88' lang='lat' dir='ltr'>quorumque</span> <span class='ocrx_word' id='word_1_36' title='bbox 1415 984 1752 1050; x_wconf 83' lang='lat' dir='ltr'>innumera</span> <span class='ocrx_word' id='word_1_37' title='bbox 1785 983 2026 1064; x_wconf 86' lang='lat' dir='ltr'>scripta</span> <span class='ocrx_word' id='word_1_38' title='bbox 2056 978 2373 1046; x_wconf 87' lang='lat' dir='ltr'>hodierno</span> <span class='ocrx_word' id='word_1_39' title='bbox 2404 977 2599 1045; x_wconf 89' lang='lat' dir='ltr'>etiam</span> <span class='ocrx_word' id='word_1_40' title='bbox 2631 976 2811 1040; x_wconf 91' lang='lat' dir='ltr'>clero</span> 
     </span>
     <span class='ocr_line' id='line_1_7' title="bbox 567 1097 1634 1183; baseline -0.003 -19"><span class='ocrx_word' id='word_1_41' title='bbox 567 1120 695 1167; x_wconf 90' lang='lat' dir='ltr'>non</span> <span class='ocrx_word' id='word_1_42' title='bbox 726 1119 955 1183; x_wconf 87' lang='lat' dir='ltr'>parum</span> <span class='ocrx_word' id='word_1_43' title='bbox 989 1100 1227 1166; x_wconf 88' lang='lat' dir='ltr'>veneni</span> <span class='ocrx_word' id='word_1_44' title='bbox 1256 1097 1634 1165; x_wconf 85' lang='lat' dir='ltr'>infundunt.</span> 
     </span>
    </p>
   </div>
   <div class='ocr_carea' id='block_1_3' title="bbox 1605 1358 1768 1433">
    <p class='ocr_par' dir='ltr' id='par_1_3' title="bbox 1605 1358 1768 1433">
     <span class='ocr_line' id='line_1_8' title="bbox 1605 1358 1768 1433; baseline -0.012 -13"><span class='ocrx_word' id='word_1_45' title='bbox 1605 1362 1637 1433; x_wconf 81' lang='lat'>§</span> <span class='ocrx_word' id='word_1_46' title='bbox 1684 1358 1768 1420; x_wconf 79' lang='grc' dir='ltr'>ΙΙ.</span> 
     </span>
    </p>
   </div>
   <div class='ocr_carea' id='block_1_4' title="bbox 1228 1584 2142 1648">
    <p class='ocr_par' dir='ltr' id='par_1_4' title="bbox 1228 1584 2142 1648">
     <span class='ocr_line' id='line_1_9' title="bbox 1228 1584 2142 1648; baseline -0.003 -13"><span class='ocrx_word' id='word_1_47' title='bbox 1228 1585 1514 1635; x_wconf 82' lang='lat' dir='ltr'>Paroehismi</span> <span class='ocrx_word' id='word_1_48' title='bbox 1552 1587 1737 1648; x_wconf 78' lang='lat' dir='ltr'>genesis</span> <span class='ocrx_word' id='word_1_49' title='bbox 1772 1593 1818 1635; x_wconf 81' lang='lat' dir='ltr'>et</span> <span class='ocrx_word' id='word_1_50' title='bbox 1851 1584 2142 1648; x_wconf 79' lang='lat' dir='ltr'>propagatio.</span> 
     </span>
    </p>
   </div>
   <div class='ocr_carea' id='block_1_5' title="bbox 557 1808 2809 3749">
    <p class='ocr_par' dir='ltr' id='par_1_5' title="bbox 557 1808 2809 3749">
     <span class='ocr_line' id='line_1_10' title="bbox 651 1808 2809 1889; baseline -0.004 -12"><span class='ocrx_word' id='word_1_51' title='bbox 651 1812 905 1878; x_wconf 81' lang='lat' dir='ltr'>Exarsit</span> <span class='ocrx_word' id='word_1_52' title='bbox 933 1811 1191 1876; x_wconf 89' lang='lat' dir='ltr'>Parisiis</span> <span class='ocrx_word' id='word_1_53' title='bbox 1217 1811 1454 1877; x_wconf 86' lang='lat' dir='ltr'>saeculo</span> <span class='ocrx_word' id='word_1_54' title='bbox 1485 1810 1741 1876; x_wconf 90' lang='lat' dir='ltr'>decimo</span> <span class='ocrx_word' id='word_1_55' title='bbox 1766 1812 1964 1876; x_wconf 91' lang='lat' dir='ltr'>tertio</span> <span class='ocrx_word' id='word_1_56' title='bbox 1996 1810 2493 1875; x_wconf 83' lang='lat' dir='ltr'>infensissimum</span> <span class='ocrx_word' id='word_1_57' title='bbox 2514 1808 2580 1870; x_wconf 91' lang='lat' dir='ltr'>in</span> <span class='ocrx_word' id='word_1_58' title='bbox 2613 1824 2809 1889; x_wconf 86' lang='lat' dir='ltr'>regu-</span> 
     </span>
     <span class='ocr_line' id='line_1_11' title="bbox 561 1923 2809 2013; baseline -0.003 -19"><span class='ocrx_word' id='word_1_59' title='bbox 561 1930 730 1995; x_wconf 87' lang='lat' dir='ltr'>lares</span> <span class='ocrx_word' id='word_1_60' title='bbox 756 1928 1001 2008; x_wconf 88' lang='lat' dir='ltr'>odium,</span> <span class='ocrx_word' id='word_1_61' title='bbox 1029 1930 1092 1992; x_wconf 91' lang='lat' dir='ltr'>in</span> <span class='ocrx_word' id='word_1_62' title='bbox 1117 1929 1603 1994; x_wconf 87' lang='lat' dir='ltr'>Franciseanam</span> <span class='ocrx_word' id='word_1_63' title='bbox 1632 1928 1994 2013; x_wconf 71' lang='lat' dir='ltr'>praesertim</span> <span class='ocrx_word' id='word_1_64' title='bbox 2022 1934 2092 1993; x_wconf 91' lang='lat' dir='ltr'>et</span> <span class='ocrx_word' id='word_1_65' title='bbox 2116 1928 2599 1993; x_wconf 87' lang='lat' dir='ltr'>Dominicanam</span> <span class='ocrx_word' id='word_1_66' title='bbox 2630 1923 2809 1989; x_wconf 86' lang='lat' dir='ltr'>fami-</span> 
     </span>
     <span class='ocr_line' id='line_1_12' title="bbox 561 2039 2804 2130; baseline -0.004 -20"><span class='ocrx_word' id='word_1_67' title='bbox 561 2047 742 2130; x_wconf 84' lang='lat' dir='ltr'>liam3</span> <span class='ocrx_word' id='word_1_68' title='bbox 785 2066 822 2110; x_wconf 95' lang='lat' dir='ltr'>e</span> <span class='ocrx_word' id='word_1_69' title='bbox 866 2044 1102 2129; x_wconf 89' lang='lat' dir='ltr'>quibus</span> <span class='ocrx_word' id='word_1_70' title='bbox 1147 2063 1296 2108; x_wconf 88' lang='lat' dir='ltr'>cum</span> <span class='ocrx_word' id='word_1_71' title='bbox 1339 2063 1467 2109; x_wconf 91' lang='lat' dir='ltr'>non</span> <span class='ocrx_word' id='word_1_72' title='bbox 1510 2045 1699 2126; x_wconf 89' lang='lat' dir='ltr'>pauci</span> <span class='ocrx_word' id='word_1_73' title='bbox 1749 2044 2104 2107; x_wconf 81' lang='lat' dir='ltr'>sanctitatis</span> <span class='ocrx_word' id='word_1_74' title='bbox 2149 2061 2332 2127; x_wconf 83' lang='lat' dir='ltr'>aeque</span> <span class='ocrx_word' id='word_1_75' title='bbox 2379 2060 2454 2105; x_wconf 91' lang='lat' dir='ltr'>ac</span> <span class='ocrx_word' id='word_1_76' title='bbox 2491 2039 2804 2106; x_wconf 68' lang='lat' dir='ltr'>doctrinae</span> 
     </span>
     <span class='ocr_line' id='line_1_13' title="bbox 560 2156 2805 2246; baseline -0.003 -19"><span class='ocrx_word' id='word_1_77' title='bbox 560 2160 910 2246; x_wconf 88' lang='lat' dir='ltr'>splendore</span> <span class='ocrx_word' id='word_1_78' title='bbox 943 2162 1304 2226; x_wconf 86' lang='lat' dir='ltr'>emicarent</span> <span class='ocrx_word' id='word_1_79' title='bbox 1329 2161 1481 2236; x_wconf 89' lang='lat' dir='ltr'>viri,</span> <span class='ocrx_word' id='word_1_80' title='bbox 1512 2179 1626 2226; x_wconf 90' lang='lat' dir='ltr'>eos</span> <span class='ocrx_word' id='word_1_81' title='bbox 1658 2159 1833 2224; x_wconf 90' lang='lat' dir='ltr'>haud</span> <span class='ocrx_word' id='word_1_82' title='bbox 1874 2158 2143 2244; x_wconf 86' lang='lat' dir='ltr'>pacifico</span> <span class='ocrx_word' id='word_1_83' title='bbox 2181 2158 2576 2242; x_wconf 85' lang='lat' dir='ltr'>aspiciebant</span> <span class='ocrx_word' id='word_1_84' title='bbox 2613 2156 2805 2221; x_wconf 92' lang='lat' dir='ltr'>oculo</span> 
     </span>
     <span class='ocr_line' id='line_1_14' title="bbox 562 2272 2807 2357; baseline -0.002 -17"><span class='ocrx_word' id='word_1_85' title='bbox 562 2278 902 2342; x_wconf 82' lang='lat' dir='ltr'>saeculares</span> <span class='ocrx_word' id='word_1_86' title='bbox 929 2276 1368 2341; x_wconf 87' lang='lat' dir='ltr'>universitatis</span> <span class='ocrx_word' id='word_1_87' title='bbox 1397 2274 1720 2342; x_wconf 87' lang='lat' dir='ltr'>doctores.</span> <span class='ocrx_word' id='word_1_88' title='bbox 1748 2276 1826 2340; x_wconf 90' lang='lat' dir='ltr'>Hi</span> <span class='ocrx_word' id='word_1_89' title='bbox 1860 2293 2039 2357; x_wconf 87' lang='lat' dir='ltr'>ergo,</span> <span class='ocrx_word' id='word_1_90' title='bbox 2060 2281 2137 2339; x_wconf 91' lang='lat' dir='ltr'>ut</span> <span class='ocrx_word' id='word_1_91' title='bbox 2160 2272 2469 2338; x_wconf 83' lang='lat' dir='ltr'>invidiam</span> <span class='ocrx_word' id='word_1_92' title='bbox 2487 2272 2807 2356; x_wconf 85' lang='lat' dir='ltr'>religiosis</span> 
     </span>
     <span class='ocr_line' id='line_1_15' title="bbox 564 2388 2807 2474; baseline -0.002 -17"><span class='ocrx_word' id='word_1_93' title='bbox 564 2392 901 2457; x_wconf 88' lang='lat' dir='ltr'>ordinibus</span> <span class='ocrx_word' id='word_1_94' title='bbox 959 2391 1397 2467; x_wconf 87' lang='lat' dir='ltr'>concitarent,</span> <span class='ocrx_word' id='word_1_95' title='bbox 1456 2400 1768 2474; x_wconf 89' lang='lat' dir='ltr'>usurpata</span> <span class='ocrx_word' id='word_1_96' title='bbox 1819 2412 1856 2455; x_wconf 91' lang='lat' dir='ltr'>a</span> <span class='ocrx_word' id='word_1_97' title='bbox 1909 2390 2320 2473; x_wconf 80' lang='lat' dir='ltr'>regularibus</span> <span class='ocrx_word' id='word_1_98' title='bbox 2373 2388 2807 2472; x_wconf 88' lang='lat' dir='ltr'>parochorum</span> 
     </span>
     <span class='ocr_line' id='line_1_16' title="bbox 557 2504 2804 2594; baseline -0.001 -21"><span class='ocrx_word' id='word_1_99' title='bbox 557 2509 706 2594; x_wconf 90' lang='lat' dir='ltr'>jura</span> <span class='ocrx_word' id='word_1_100' title='bbox 747 2507 1047 2572; x_wconf 87' lang='lat' dir='ltr'>dictitare</span> <span class='ocrx_word' id='word_1_101' title='bbox 1080 2513 1443 2590; x_wconf 87' lang='lat' dir='ltr'>eoeperunt.</span> <span class='ocrx_word' id='word_1_102' title='bbox 1483 2506 1889 2590; x_wconf 88' lang='lat' dir='ltr'>Responderi</span> <span class='ocrx_word' id='word_1_103' title='bbox 1919 2525 1957 2571; x_wconf 89' lang='lat' dir='ltr'>a</span> <span class='ocrx_word' id='word_1_104' title='bbox 1988 2505 2427 2590; x_wconf 86' lang='lat' dir='ltr'>regularibus,</span> <span class='ocrx_word' id='word_1_105' title='bbox 2461 2504 2619 2570; x_wconf 89' lang='lat' dir='ltr'>nihil</span> <span class='ocrx_word' id='word_1_106' title='bbox 2657 2524 2695 2570; x_wconf 90' lang='lat' dir='ltr'>a</span> <span class='ocrx_word' id='word_1_107' title='bbox 2732 2524 2804 2569; x_wconf 91' lang='lat' dir='ltr'>se</span> 
     </span>
     <span class='ocr_line' id='line_1_17' title="bbox 563 2620 2806 2707; baseline -0.002 -18"><span class='ocrx_word' id='word_1_108' title='bbox 563 2624 927 2689; x_wconf 86' lang='lat' dir='ltr'>factitatum</span> <span class='ocrx_word' id='word_1_109' title='bbox 959 2623 1023 2685; x_wconf 90' lang='lat' dir='ltr'>in</span> <span class='ocrx_word' id='word_1_110' title='bbox 1052 2620 1393 2687; x_wconf 89' lang='lat' dir='ltr'>audiendis</span> <span class='ocrx_word' id='word_1_111' title='bbox 1431 2622 1940 2689; x_wconf 87' lang='lat' dir='ltr'>confessionibus</span> <span class='ocrx_word' id='word_1_112' title='bbox 1970 2623 2240 2707; x_wconf 86' lang='lat' dir='ltr'>aliisque</span> <span class='ocrx_word' id='word_1_113' title='bbox 2271 2623 2436 2686; x_wconf 88' lang='lat' dir='ltr'>sacri</span> <span class='ocrx_word' id='word_1_114' title='bbox 2463 2621 2806 2686; x_wconf 87' lang='lat' dir='ltr'>ministerii</span> 
     </span>
     <span class='ocr_line' id='line_1_18' title="bbox 566 2736 2803 2822; baseline -0.001 -19"><span class='ocrx_word' id='word_1_115' title='bbox 566 2737 886 2804; x_wconf 86' lang='lat' dir='ltr'>obeundis</span> <span class='ocrx_word' id='word_1_116' title='bbox 929 2736 1397 2814; x_wconf 84' lang='lat' dir='ltr'>functionibus,</span> <span class='ocrx_word' id='word_1_117' title='bbox 1434 2738 1555 2802; x_wconf 89' lang='lat' dir='ltr'>nisi</span> <span class='ocrx_word' id='word_1_118' title='bbox 1604 2744 1903 2822; x_wconf 86' lang='lat' dir='ltr'>accepta,</span> <span class='ocrx_word' id='word_1_119' title='bbox 1946 2738 2084 2803; x_wconf 85' lang='lat' dir='ltr'>sive</span> <span class='ocrx_word' id='word_1_120' title='bbox 2129 2737 2212 2802; x_wconf 91' lang='lat' dir='ltr'>ab</span> <span class='ocrx_word' id='word_1_121' title='bbox 2255 2738 2615 2820; x_wconf 81' lang='lat' dir='ltr'>EpiscopiS‚</span> <span class='ocrx_word' id='word_1_122' title='bbox 2667 2736 2803 2802; x_wconf 87' lang='lat' dir='ltr'>sive</span> 
     </span>
     <span class='ocr_line' id='line_1_19' title="bbox 563 2851 2805 2935; baseline -0.001 -16"><span class='ocrx_word' id='word_1_123' title='bbox 563 2876 601 2919; x_wconf 90' lang='lat' dir='ltr'>a</span> <span class='ocrx_word' id='word_1_124' title='bbox 633 2851 798 2918; x_wconf 88' lang='lat' dir='ltr'>Sede</span> <span class='ocrx_word' id='word_1_125' title='bbox 828 2854 1022 2917; x_wconf 90' lang='lat' dir='ltr'>etiam</span> <span class='ocrx_word' id='word_1_126' title='bbox 1053 2852 1448 2934; x_wconf 81' lang='lat' dir='ltr'>Apostolica‚</span> <span class='ocrx_word' id='word_1_127' title='bbox 1483 2859 1810 2935; x_wconf 86' lang='lat' dir='ltr'>potestate</span> <span class='ocrx_word' id='word_1_128' title='bbox 1842 2860 1911 2917; x_wconf 92' lang='lat' dir='ltr'>et</span> <span class='ocrx_word' id='word_1_129' title='bbox 1938 2853 2259 2918; x_wconf 88' lang='lat' dir='ltr'>missione.</span> <span class='ocrx_word' id='word_1_130' title='bbox 2294 2852 2386 2917; x_wconf 89' lang='lat' dir='ltr'>Ut</span> <span class='ocrx_word' id='word_1_131' title='bbox 2415 2870 2572 2935; x_wconf 87' lang='lat' dir='ltr'>ergo</span> <span class='ocrx_word' id='word_1_132' title='bbox 2598 2858 2805 2916; x_wconf 86' lang='lat' dir='ltr'>staret</span> 
     </span>
     <span class='ocr_line' id='line_1_20' title="bbox 563 2965 2804 3051; baseline -0.001 -17"><span class='ocrx_word' id='word_1_133' title='bbox 563 2972 953 3034; x_wconf 84' lang='lat' dir='ltr'>intentatum</span> <span class='ocrx_word' id='word_1_134' title='bbox 995 2969 1238 3032; x_wconf 89' lang='lat' dir='ltr'>crimen</span> <span class='ocrx_word' id='word_1_135' title='bbox 1259 3015 1273 3043; x_wconf 94' lang='lat'>,</span> <span class='ocrx_word' id='word_1_136' title='bbox 1315 2968 1619 3032; x_wconf 89' lang='lat' dir='ltr'>sustineri</span> <span class='ocrx_word' id='word_1_137' title='bbox 1664 2965 1895 3033; x_wconf 89' lang='lat' dir='ltr'>debuit</span> <span class='ocrx_word' id='word_1_138' title='bbox 1942 2988 2069 3034; x_wconf 92' lang='lat' dir='ltr'>non</span> <span class='ocrx_word' id='word_1_139' title='bbox 2120 2986 2309 3051; x_wconf 88' lang='lat' dir='ltr'>posse</span> <span class='ocrx_word' id='word_1_140' title='bbox 2352 2967 2501 3033; x_wconf 86' lang='lat' dir='ltr'>talia</span> <span class='ocrx_word' id='word_1_141' title='bbox 2548 2967 2804 3051; x_wconf 85' lang='lat' dir='ltr'>regula-</span> 
     </span>
     <span class='ocr_line' id='line_1_21' title="bbox 564 3080 2802 3167; baseline -0.002 -17"><span class='ocrx_word' id='word_1_142' title='bbox 564 3086 744 3151; x_wconf 88' lang='lat' dir='ltr'>ribus</span> <span class='ocrx_word' id='word_1_143' title='bbox 770 3085 853 3149; x_wconf 90' lang='lat' dir='ltr'>ab</span> <span class='ocrx_word' id='word_1_144' title='bbox 881 3086 1218 3167; x_wconf 88' lang='lat' dir='ltr'>Episcopo,</span> <span class='ocrx_word' id='word_1_145' title='bbox 1254 3090 1369 3148; x_wconf 90' lang='lat' dir='ltr'>aut</span> <span class='ocrx_word' id='word_1_146' title='bbox 1399 3083 1597 3148; x_wconf 90' lang='lat' dir='ltr'>etiam</span> <span class='ocrx_word' id='word_1_147' title='bbox 1625 3104 1662 3148; x_wconf 91' lang='lat' dir='ltr'>a</span> <span class='ocrx_word' id='word_1_148' title='bbox 1690 3085 1868 3167; x_wconf 89' lang='lat' dir='ltr'>Papa</span> <span class='ocrx_word' id='word_1_149' title='bbox 1900 3084 2202 3162; x_wconf 91' lang='lat' dir='ltr'>concedi,</span> <span class='ocrx_word' id='word_1_150' title='bbox 2237 3084 2303 3148; x_wconf 91' lang='lat' dir='ltr'>in</span> <span class='ocrx_word' id='word_1_151' title='bbox 2334 3080 2802 3149; x_wconf 87' lang='lat' dir='ltr'>detrimentum</span> 
     </span>
     <span class='ocr_line' id='line_1_22' title="bbox 567 3199 2802 3284; baseline -0.002 -18"><span class='ocrx_word' id='word_1_152' title='bbox 567 3200 950 3284; x_wconf 86' lang='lat' dir='ltr'>parochialis</span> <span class='ocrx_word' id='word_1_153' title='bbox 996 3199 1183 3283; x_wconf 82' lang='lat' dir='ltr'>juriS.</span> <span class='ocrx_word' id='word_1_154' title='bbox 1226 3201 1367 3280; x_wconf 87' lang='lat' dir='ltr'>Qua</span> <span class='ocrx_word' id='word_1_155' title='bbox 1412 3207 1747 3264; x_wconf 88' lang='lat' dir='ltr'>crescente</span> <span class='ocrx_word' id='word_1_156' title='bbox 1787 3200 2102 3283; x_wconf 87' lang='lat' dir='ltr'>procella,</span> <span class='ocrx_word' id='word_1_157' title='bbox 2148 3199 2368 3265; x_wconf 84' lang='lat' dir='ltr'>salsam</span> <span class='ocrx_word' id='word_1_158' title='bbox 2417 3207 2802 3265; x_wconf 82' lang='lat' dir='ltr'>novatorum</span> 
     </span>
     <span class='ocr_line' id='line_1_23' title="bbox 566 3312 2802 3398; baseline -0.001 -17"><span class='ocrx_word' id='word_1_159' title='bbox 566 3317 932 3381; x_wconf 81' lang='lat' dir='ltr'>doctrinam</span> <span class='ocrx_word' id='word_1_160' title='bbox 973 3335 1053 3378; x_wconf 76' lang='lat' dir='ltr'>ex</span> <span class='ocrx_word' id='word_1_161' title='bbox 1083 3318 1348 3396; x_wconf 79' lang='lat' dir='ltr'>professo</span> <span class='ocrx_word' id='word_1_162' title='bbox 1387 3313 1755 3378; x_wconf 81' lang='lat' dir='ltr'>confutavit</span> <span class='ocrx_word' id='word_1_163' title='bbox 1785 3324 2045 3380; x_wconf 85' lang='lat' dir='ltr'>sanetus</span> <span class='ocrx_word' id='word_1_164' title='bbox 2082 3315 2354 3380; x_wconf 88' lang='lat' dir='ltr'>Thomas</span> <span class='ocrx_word' id='word_1_165' title='bbox 2397 3312 2610 3380; x_wconf 88' lang='lat' dir='ltr'>tribus</span> <span class='ocrx_word' id='word_1_166' title='bbox 2641 3332 2802 3398; x_wconf 88' lang='lat' dir='ltr'>opu-</span> 
     </span>
     <span class='ocr_line' id='line_1_24' title="bbox 566 3429 2797 3516; baseline -0.001 -18"><span class='ocrx_word' id='word_1_167' title='bbox 566 3435 793 3509; x_wconf 89' lang='lat' dir='ltr'>sculis,</span> <span class='ocrx_word' id='word_1_168' title='bbox 844 3450 988 3516; x_wconf 85' lang='lat' dir='ltr'>quae</span> <span class='ocrx_word' id='word_1_169' title='bbox 1018 3433 1072 3495; x_wconf 92' lang='lat' dir='ltr'>si</span> <span class='ocrx_word' id='word_1_170' title='bbox 1101 3433 1243 3514; x_wconf 89' lang='lat' dir='ltr'>quis</span> <span class='ocrx_word' id='word_1_171' title='bbox 1287 3431 1498 3513; x_wconf 85' lang='lat' dir='ltr'>legat,</span> <span class='ocrx_word' id='word_1_172' title='bbox 1553 3430 1741 3495; x_wconf 84' lang='lat' dir='ltr'>facile</span> <span class='ocrx_word' id='word_1_173' title='bbox 1793 3439 2196 3515; x_wconf 86' lang='lat' dir='ltr'>compertum</span> <span class='ocrx_word' id='word_1_174' title='bbox 2248 3429 2514 3496; x_wconf 86' lang='lat' dir='ltr'>habebit</span> <span class='ocrx_word' id='word_1_175' title='bbox 2538 3480 2554 3508; x_wconf 91' lang='lat'>,</span> <span class='ocrx_word' id='word_1_176' title='bbox 2607 3450 2797 3516; x_wconf 86' lang='lat' dir='ltr'>quam</span> 
     </span>
     <span class='ocr_line' id='line_1_25' title="bbox 568 3546 2802 3630; baseline -0.001 -16"><span class='ocrx_word' id='word_1_177' title='bbox 568 3567 858 3614; x_wconf 85' lang='lat' dir='ltr'>erroneae</span> <span class='ocrx_word' id='word_1_178' title='bbox 902 3546 1217 3611; x_wconf 66' lang='lat' dir='ltr'>doetrinae</span> <span class='ocrx_word' id='word_1_179' title='bbox 1256 3548 1626 3612; x_wconf 82' lang='lat' dir='ltr'>exstiterint</span> <span class='ocrx_word' id='word_1_180' title='bbox 1663 3549 1851 3630; x_wconf 89' lang='lat' dir='ltr'>primi</span> <span class='ocrx_word' id='word_1_181' title='bbox 1897 3548 2125 3613; x_wconf 88' lang='lat' dir='ltr'>harum</span> <span class='ocrx_word' id='word_1_182' title='bbox 2172 3547 2513 3614; x_wconf 87' lang='lat' dir='ltr'>turbarum</span> <span class='ocrx_word' id='word_1_183' title='bbox 2558 3547 2802 3612; x_wconf 83' lang='lat' dir='ltr'>excita-</span> 
     </span>
     <span class='ocr_line' id='line_1_26' title="bbox 568 3661 900 3749; baseline -0.015 -19"><span class='ocrx_word' id='word_1_184' title='bbox 568 3673 744 3730; x_wconf 82' lang='lat' dir='ltr'>tores</span> <span class='ocrx_word' id='word_1_185' title='bbox 786 3661 900 3749; x_wconf 91' lang='lat'>(1).</span> 
     </span>
    </p>
   </div>
   <div class='ocr_carea' id='block_1_6' title="bbox 569 3910 2802 4535">
    <p class='ocr_par' dir='ltr' id='par_1_6' title="bbox 569 3910 2802 4535">
     <span class='ocr_line' id='line_1_27' title="bbox 638 3910 2800 3976; baseline 0 -17"><span class='ocrx_word' id='word_1_186' title='bbox 638 3912 708 3976; x_wconf 81' lang='lat' dir='ltr'>(i)</span> <span class='ocrx_word' id='word_1_187' title='bbox 730 3913 784 3960; x_wconf 83' lang='lat' dir='ltr'>In</span> <span class='ocrx_word' id='word_1_188' title='bbox 807 3910 1031 3973; x_wconf 84' lang='lat' dir='ltr'>opusculo</span> <span class='ocrx_word' id='word_1_189' title='bbox 1050 3911 1159 3957; x_wconf 79' lang='lat' dir='ltr'>XVI</span> <span class='ocrx_word' id='word_1_190' title='bbox 1181 3911 1388 3972; x_wconf 79' lang='lat' dir='ltr'>(contra</span> <span class='ocrx_word' id='word_1_191' title='bbox 1409 3911 1787 3974; x_wconf 72' lang='lat' dir='ltr'>impuqnuntos</span> <span class='ocrx_word' id='word_1_192' title='bbox 1807 3913 2128 3976; x_wconf 72' lang='lat' dir='ltr'>reliyionem,</span> <span class='ocrx_word' id='word_1_193' title='bbox 2153 3925 2257 3973; x_wconf 81' lang='lat' dir='ltr'>cap.</span> <span class='ocrx_word' id='word_1_194' title='bbox 2280 3912 2333 3974; x_wconf 73' lang='grc'>4)</span> <span class='ocrx_word' id='word_1_195' title='bbox 2357 3913 2476 3960; x_wconf 77' lang='lat' dir='ltr'>inter</span> <span class='ocrx_word' id='word_1_196' title='bbox 2492 3912 2612 3960; x_wconf 85' lang='lat' dir='ltr'>alios</span> <span class='ocrx_word' id='word_1_197' title='bbox 2638 3912 2800 3960; x_wconf 78' lang='lat' dir='ltr'>istius-</span> 
     </span>
     <span class='ocr_line' id='line_1_28' title="bbox 569 4004 2802 4065; baseline -0.001 -9"><span class='ocrx_word' id='word_1_198' title='bbox 569 4005 697 4056; x_wconf 87' lang='lat' dir='ltr'>modi</span> <span class='ocrx_word' id='word_1_199' title='bbox 740 4017 954 4064; x_wconf 86' lang='lat' dir='ltr'>errores,</span> <span class='ocrx_word' id='word_1_200' title='bbox 1001 4010 1248 4064; x_wconf 79' lang='lat' dir='ltr'>sequentes</span> <span class='ocrx_word' id='word_1_201' title='bbox 1293 4012 1520 4053; x_wconf 80' lang='lat' dir='ltr'>memorat</span> <span class='ocrx_word' id='word_1_202' title='bbox 1556 4004 1721 4052; x_wconf 80' lang='lat' dir='ltr'>doctor</span> <span class='ocrx_word' id='word_1_203' title='bbox 1768 4005 2053 4065; x_wconf 69' lang='lat' dir='ltr'>Ange-licus:</span> <span class='ocrx_word' id='word_1_204' title='bbox 2089 4023 2109 4045; x_wconf 76' lang='grc' dir='ltr'>α</span> <span class='ocrx_word' id='word_1_205' title='bbox 2146 4005 2353 4053; x_wconf 79' lang='lat' dir='ltr'>Ulterius</span> <span class='ocrx_word' id='word_1_206' title='bbox 2392 4010 2544 4052; x_wconf 83' lang='lat' dir='ltr'>autem</span> <span class='ocrx_word' id='word_1_207' title='bbox 2592 4005 2802 4053; x_wconf 83' lang='lat' dir='ltr'>nituntur</span> 
     </span>
     <span class='ocr_line' id='line_1_29' title="bbox 571 4095 2800 4160; baseline 0 -16"><span class='ocrx_word' id='word_1_208' title='bbox 571 4122 590 4144; x_wconf 74' lang='grc' dir='ltr'>ι</span> <span class='ocrx_word' id='word_1_209' title='bbox 625 4097 870 4148; x_wconf 83' lang='lat' dir='ltr'>ostendere</span> <span class='ocrx_word' id='word_1_210' title='bbox 909 4095 1034 4159; x_wconf 89' lang='lat' dir='ltr'>quod</span> <span class='ocrx_word' id='word_1_211' title='bbox 1072 4109 1154 4143; x_wconf 86' lang='lat' dir='ltr'>nec</span> <span class='ocrx_word' id='word_1_212' title='bbox 1185 4110 1238 4144; x_wconf 84' lang='lat' dir='ltr'>ex</span> <span class='ocrx_word' id='word_1_213' title='bbox 1269 4098 1595 4146; x_wconf 84' lang='lat' dir='ltr'>commissione</span> <span class='ocrx_word' id='word_1_214' title='bbox 1624 4100 1961 4160; x_wconf 75' lang='lat' dir='ltr'>Episcoporuin</span> <span class='ocrx_word' id='word_1_215' title='bbox 1989 4097 2243 4159; x_wconf 76' lang='lat' dir='ltr'>praedicare</span> <span class='ocrx_word' id='word_1_216' title='bbox 2277 4106 2475 4160; x_wconf 83' lang='lat' dir='ltr'>possunt</span> <span class='ocrx_word' id='word_1_217' title='bbox 2502 4097 2800 4160; x_wconf 81' lang='lat' dir='ltr'>(regulares),</span> 
     </span>
     <span class='ocr_line' id='line_1_30' title="bbox 575 4189 2799 4253; baseline 0.001 -17"><span class='ocrx_word' id='word_1_218' title='bbox 575 4215 593 4236; x_wconf 79' lang='grc'><strong>«</strong></span> <span class='ocrx_word' id='word_1_219' title='bbox 628 4199 710 4240; x_wconf 86' lang='lat' dir='ltr'>aut</span> <span class='ocrx_word' id='word_1_220' title='bbox 755 4190 1071 4239; x_wconf 77' lang='lat' dir='ltr'>consessiones</span> <span class='ocrx_word' id='word_1_221' title='bbox 1117 4189 1301 4238; x_wconf 83' lang='lat' dir='ltr'>audire.</span> <span class='ocrx_word' id='word_1_222' title='bbox 1344 4190 1516 4238; x_wconf 85' lang='lat' dir='ltr'>Dicunt</span> <span class='ocrx_word' id='word_1_223' title='bbox 1561 4191 1706 4252; x_wconf 86' lang='lat' dir='ltr'>enim,</span> <span class='ocrx_word' id='word_1_224' title='bbox 1747 4191 1869 4253; x_wconf 86' lang='lat' dir='ltr'>quod</span> <span class='ocrx_word' id='word_1_225' title='bbox 1917 4190 2033 4238; x_wconf 91' lang='lat' dir='ltr'>illud</span> <span class='ocrx_word' id='word_1_226' title='bbox 2073 4191 2196 4253; x_wconf 91' lang='lat' dir='ltr'>quod</span> <span class='ocrx_word' id='word_1_227' title='bbox 2237 4190 2316 4239; x_wconf 83' lang='lat' dir='ltr'>dat</span> <span class='ocrx_word' id='word_1_228' title='bbox 2354 4192 2544 4253; x_wconf 85' lang='lat' dir='ltr'>aliquis,</span> <span class='ocrx_word' id='word_1_229' title='bbox 2575 4193 2670 4251; x_wconf 87' lang='lat' dir='ltr'>jam</span> <span class='ocrx_word' id='word_1_230' title='bbox 2708 4205 2799 4238; x_wconf 90' lang='lat' dir='ltr'>non</span> 
     </span>
     <span class='ocr_line' id='line_1_31' title="bbox 570 4283 2799 4347; baseline 0 -16"><span class='ocrx_word' id='word_1_231' title='bbox 570 4308 590 4330; x_wconf 67' lang='grc' dir='ltr'>ι</span> <span class='ocrx_word' id='word_1_232' title='bbox 621 4285 783 4334; x_wconf 78' lang='lat' dir='ltr'>habet.</span> <span class='ocrx_word' id='word_1_233' title='bbox 812 4283 860 4332; x_wconf 88' lang='lat' dir='ltr'>Si</span> <span class='ocrx_word' id='word_1_234' title='bbox 894 4297 1004 4344; x_wconf 83' lang='lat' dir='ltr'>ergo</span> <span class='ocrx_word' id='word_1_235' title='bbox 1045 4284 1264 4344; x_wconf 84' lang='lat' dir='ltr'>Episcopi</span> <span class='ocrx_word' id='word_1_236' title='bbox 1303 4285 1598 4332; x_wconf 85' lang='lat' dir='ltr'>committunt</span> <span class='ocrx_word' id='word_1_237' title='bbox 1642 4299 1781 4333; x_wconf 85' lang='lat' dir='ltr'>curas</span> <span class='ocrx_word' id='word_1_238' title='bbox 1817 4286 2022 4347; x_wconf 86' lang='lat' dir='ltr'>plebium</span> <span class='ocrx_word' id='word_1_239' title='bbox 2068 4286 2413 4346; x_wconf 86' lang='lat' dir='ltr'>parochialibus</span> <span class='ocrx_word' id='word_1_240' title='bbox 2458 4283 2799 4346; x_wconf 81' lang='lat' dir='ltr'>sacerdotibus,</span> 
     </span>
     <span class='ocr_line' id='line_1_32' title="bbox 569 4377 2800 4441; baseline 0.001 -18"><span class='ocrx_word' id='word_1_241' title='bbox 569 4401 589 4423; x_wconf 74' lang='grc' dir='ltr'>ι</span> <span class='ocrx_word' id='word_1_242' title='bbox 620 4378 678 4427; x_wconf 85' lang='lat' dir='ltr'>ad</span> <span class='ocrx_word' id='word_1_243' title='bbox 708 4391 789 4425; x_wconf 89' lang='lat' dir='ltr'>eos</span> <span class='ocrx_word' id='word_1_244' title='bbox 820 4377 915 4438; x_wconf 86' lang='lat' dir='ltr'>jam</span> <span class='ocrx_word' id='word_1_245' title='bbox 944 4390 1036 4424; x_wconf 90' lang='lat' dir='ltr'>non</span> <span class='ocrx_word' id='word_1_246' title='bbox 1066 4377 1267 4438; x_wconf 80' lang='lat' dir='ltr'>pertinet</span> <span class='ocrx_word' id='word_1_247' title='bbox 1295 4389 1409 4425; x_wconf 85' lang='lat' dir='ltr'>cura</span> <span class='ocrx_word' id='word_1_248' title='bbox 1437 4377 1677 4441; x_wconf 78' lang='lat' dir='ltr'>ipsorum3</span> <span class='ocrx_word' id='word_1_249' title='bbox 1709 4385 1755 4427; x_wconf 83' lang='lat' dir='ltr'>ct</span> <span class='ocrx_word' id='word_1_250' title='bbox 1796 4379 1860 4426; x_wconf 83' lang='lat' dir='ltr'>ita</span> <span class='ocrx_word' id='word_1_251' title='bbox 1896 4392 1952 4427; x_wconf 84' lang='lat' dir='ltr'>ex</span> <span class='ocrx_word' id='word_1_252' title='bbox 1992 4378 2266 4427; x_wconf 79' lang='lat' dir='ltr'>anctoritate</span> <span class='ocrx_word' id='word_1_253' title='bbox 2291 4391 2453 4427; x_wconf 83' lang='lat' dir='ltr'>eorum</span> <span class='ocrx_word' id='word_1_254' title='bbox 2480 4390 2572 4426; x_wconf 88' lang='lat' dir='ltr'>non</span> <span class='ocrx_word' id='word_1_255' title='bbox 2603 4385 2800 4440; x_wconf 79' lang='lat' dir='ltr'>possunt</span> 
     </span>
     <span class='ocr_line' id='line_1_33' title="bbox 577 4468 2800 4535; baseline 0.002 -19"><span class='ocrx_word' id='word_1_256' title='bbox 577 4495 596 4516; x_wconf 65' lang='grc' dir='ltr'>ι</span> <span class='ocrx_word' id='word_1_257' title='bbox 628 4471 771 4534; x_wconf 83' lang='lat' dir='ltr'>aliqui</span> <span class='ocrx_word' id='word_1_258' title='bbox 795 4468 1048 4533; x_wconf 70' lang='lat' dir='ltr'>praedicare</span> <span class='ocrx_word' id='word_1_259' title='bbox 1081 4469 1318 4534; x_wconf 83' lang='lat' dir='ltr'>plebibus,</span> <span class='ocrx_word' id='word_1_260' title='bbox 1352 4477 1432 4521; x_wconf 81' lang='lat' dir='ltr'>aut</span> <span class='ocrx_word' id='word_1_261' title='bbox 1468 4470 1785 4522; x_wconf 74' lang='lat' dir='ltr'>consessiones</span> <span class='ocrx_word' id='word_1_262' title='bbox 1811 4470 1993 4533; x_wconf 87' lang='lat' dir='ltr'>audire,</span> <span class='ocrx_word' id='word_1_263' title='bbox 2018 4471 2111 4519; x_wconf 84' lang='lat' dir='ltr'>nisi</span> <span class='ocrx_word' id='word_1_264' title='bbox 2144 4472 2291 4520; x_wconf 73' lang='lat' dir='ltr'>vocati</span> <span class='ocrx_word' id='word_1_265' title='bbox 2326 4486 2355 4520; x_wconf 86' lang='lat' dir='ltr'>a</span> <span class='ocrx_word' id='word_1_266' title='bbox 2391 4470 2632 4520; x_wconf 84' lang='lat' dir='ltr'>sacerdote</span> <span class='ocrx_word' id='word_1_267' title='bbox 2657 4483 2800 4535; x_wconf 81' lang='lat' dir='ltr'>paro-</span> 
     </span>
    </p>
   </div>
  </div>
 </body>
</html>
