3146 4973
531 353 647 417 184
1204 365 1579 413 TaACTA‘rns
1626 366 1712 411 ns
1756 364 2083 412 panocno.

520 494 820 579 plicanda
866 513 1006 561 esse
1053 491 1217 578 juris
1275 490 1676 557 consectaria
1696 538 1711 567 ‚
1765 508 1907 575 quae
1967 505 2158 555 veros
2226 484 2541 570 parochos
2606 500 2758 547 con-

521 617 824 676 cernunt.
857 664 868 673 .

610 727 932 792 Caeterum
966 725 1090 791 alia
1120 724 1205 790 de
1239 723 1475 810 quibus
1501 722 1900 806 potissimum
1931 738 2279 787 occurrere
2312 721 2533 802 posset
2572 712 2761 778 dubi-

518 843 687 908 tatio
709 889 724 919 ,
768 861 922 907 num
953 841 1126 908 forte
1163 840 1248 906 ad
1283 839 1700 925 parochiatus
1746 837 2092 904 essentiam
2140 835 2512 920 pertineant
2546 828 2756 915 (verbi

521 960 750 1043 gratia,
783 977 938 1023 num
973 958 1339 1042 parochiale
1373 956 1650 1022 officium
1684 955 2052 1021 necessario
2086 953 2325 1019 debeat
2355 967 2496 1015 esse
2525 965 2762 1031 perpe-

520 1083 732 1151 tuum,
761 1094 916 1139 num
949 1073 1144 1139 alicui
1182 1072 1501 1139 beneficio
1533 1072 1883 1148 adnexum,
1915 1089 2070 1135 num
2104 1070 2317 1153 aliqua
2351 1065 2476 1132 fori
2505 1061 2760 1127 externi

516 1188 964 1274 jurisdictione
999 1189 1408 1273 instructum)
1447 1190 1619 1255 infra
1660 1185 2122 1272 expendimus,
2164 1191 2232 1249 et
2272 1202 2309 1247 a
2353 1177 2762 1264 parochiatus

521 1305 803 1371 essentia
840 1324 1279 1372 removemus,

1554 1484 1585 1555 ,ξ
1615 1479 1731 1543 ΙΠ.

925 1657 1144 1707 Traditur
1178 1656 1386 1706 definitio
1421 1655 1741 1719 parochiatus,
1779 1654 1971 1717 parochi
2008 1660 2055 1701 et
2088 1652 2337 1715 parochiae.

617 1843 669 1905 1.
723 1839 1054 1906 Parochus
1089 1839 1346 1907 definiri
1395 1847 1611 1924 potest
1654 1862 1666 1904 :
1705 1842 1993 1924 legitime
2041 1837 2401 1922 deputatus
2453 1834 2538 1900 ad
2580 1830 2766 1899 mini-

525 1955 862 2022 strandum
916 1977 999 2021 ex
1042 1957 1430 2040 obligatione
1487 1963 1556 2021 et
1608 1957 1876 2041 proprio
1931 1956 2189 2021 nomine
2229 1952 2507 2017 verbum
2544 1949 2665 2014 Dei
2697 1954 2767 2010 et

529 2078 930 2139 sacramenta
958 2079 1140 2137 certo
1174 2070 1694 2140 dioecesanorum
1736 2089 2032 2147 numero,
2071 2068 2182 2152 qui
2205 2068 2287 2133 ab
2313 2065 2548 2132 eodem
2588 2063 2769 2126 vicis-
2834 2132 2837 2135 ,

530 2189 648 2252 sim
681 2206 861 2253 sacra
896 2188 1187 2272 recipere
1222 2190 1631 2273 aliquatenus
1654 2195 2028 2253 teneantur.

623 2304 705 2367 11.
760 2304 1179 2370 Parochiatus
1203 2309 1444 2381 autem,
1478 2323 1601 2387 pro
1625 2302 1891 2386 duplici,
1921 2320 2114 2367 sensu
2140 2301 2369 2366 huicce
2401 2298 2546 2365 voci
2567 2294 2767 2361 tribui

533 2418 743 2496 solito,
775 2417 1251 2485 describendus
1296 2419 1563 2486 videtur
1613 2440 1626 2482 :
1677 2424 2004 2503 Proprium
2029 2418 2423 2501 parochorum
2455 2415 2713 2495 officium
2745 2432 2765 2472 .·

537 2535 654 2599 vel
675 2538 1003 2617 peculiaris
1035 2543 1231 2599 status
1258 2535 1415 2622 (sive
1445 2533 1759 2618 conditio)
1799 2554 2002 2598 eorum
2029 2539 2133 2614 qui
2158 2533 2496 2612 parochiali
2529 2548 2771 2592 munere

536 2655 900 2732 funquntur.

527 2833 531 2837 Α
621 2770 739 2834 111.
791 2768 1118 2833 Parochioe
1176 2786 1300 2834 vox
1346 2767 1593 2852 duplici
1645 2768 1896 2850 pariter
1955 2785 2147 2832 sensu
2202 2763 2508 2848 usurpari
2553 2764 2718 2829 solet
2749 2783 2764 2826 :

548 2889 613 2948 1⁰
642 2883 729 2948 ad
769 2882 1230 2966 designandam
1263 2883 1472 2949 aedem
1503 2902 1795 2966 sacram3
1830 2886 1898 2947 2⁰
1935 2882 2019 2947 ad
2063 2879 2547 2966 significandam
2580 2896 2769 2961 paro·

537 3000 919 3065 chianorum
953 2999 1427 3065 collectionem.

630 3116 704 3179 In
733 3115 934 3197 priori
960 3133 1153 3180 sensu
1191 3120 1374 3180 recte
1405 3114 1685 3181 describi
1717 3113 1985 3180 videtur
2018 3135 2031 3178 :
2068 3113 2341 3180 ecclesia
2386 3112 2490 3178 cui
2534 3111 2773 3178 adscri-

541 3235 693 3312 ptus
722 3236 823 3295 est
863 3237 1087 3295 certus
1115 3231 1416 3314 populus,
1451 3249 1487 3295 a
1520 3236 1778 3296 rectore
1812 3229 2109 3314 ejusdem
2141 3229 2429 3294 ecclesiae
2460 3235 2765 3311 tanquam

545 3346 829 3430 parocho
853 3347 1205 3415 curandus.

625 3465 703 3527 ln
751 3464 1099 3546 posteriori
1125 3483 1285 3530 vero
1314 3483 1509 3529 sensu
1550 3487 1563 3529 :
1622 3471 1802 3530 certa
1834 3463 2133 3531 dioecesis
2183 3464 2542 3531 incolarum
2594 3481 2764 3545 pam,

540 3579 727 3643 alicui
755 3584 1058 3663 tanquam
1086 3579 1374 3663 parocho
1402 3579 1721 3665 subjecta.

630 3696 877 3760 Harum
907 3694 1360 3762 definitionum
1388 3698 1762 3783 legitimitas
1789 3699 2085 3784 sequitur
2117 3718 2198 3763 ex
2232 3696 2555 3780 superiori
2587 3713 2775 3779 para-

535 3811 809 3895 grapho.
858 3813 1021 3879 Rem
1069 3814 1317 3879 scilicet
1359 3812 1801 3880 definiendam
1835 3814 2216 3880 describunt
2255 3831 2377 3897 per
2431 3812 2598 3876 solas
2636 3810 2778 3875 illas

541 3929 827 4014 quinque
847 3929 1268 4007 conditioneS,
1299 3948 1460 4014 quas
1488 3932 1736 4015 requiri
1753 3939 1824 3996 et
1838 3930 2133 3996 sufficere
2160 3928 2440 3994 diximus
2458 3925 2543 3993 ad
2564 3945 2777 3992 essen-

537 4046 695 4112 tiam
727 4047 1155 4131 parochiatuS,
1199 4049 1336 4114 sive
1366 4052 1443 4112 ut
1484 4048 1627 4132 quis
1677 4049 1952 4113 clericus
1997 4065 2152 4112 vere
2198 4046 2281 4110 sit
2327 4043 2667 4128 parochus,
2704 4050 2775 4109 et

538 4161 752 4247 aliqua
772 4161 1048 4229 ecclesia
1084 4181 1204 4247 pro
1243 4181 1401 4230 vere
1427 4162 1777 4246 parochiali
1804 4163 1889 4229 sit
1926 4160 2249 4229 habenda.

1316 4394 1991 4431 -—---000-—-——
