3146 4973
627 363 704 424 57
713 361 752 421 2
1298 371 1675 420 Tnacrxrus
1715 375 1800 421 on
1845 374 2169 422 rAnocno.

620 508 838 573 raliori
899 515 1241 570 curatorum
1302 508 1659 585 inferiorum
1712 507 2027 573 vocabulo
2095 508 2326 572 utitur.
2386 501 2855 586 Excipiendum

621 625 962 691 dumtaxat
992 622 1168 709 quod
1219 623 1648 706 privationem
1680 623 1980 691 beneficii
2027 624 2315 709 respicit,
2365 624 2417 687 si
2464 620 2853 687 beneficium

623 761 752 807 non
781 741 1083 818 habeant,
1112 748 1185 806 ut
1213 759 1332 825 per
1363 760 1431 805 se
1475 747 1677 825 patet.

1526 1025 1795 1090 CAPUT
1844 1028 1959 1090 111.

1037 1293 1354 1341 OFFICIUM
1402 1293 1692 1342 PARocffl
1728 1293 1956 1355 QUOAD
2000 1291 2428 1341 BAP'HSMATA.

717 1543 767 1605 1.
803 1541 1092 1605 Tenetur
1127 1539 1371 1607 hahere
1408 1542 1651 1608 librum
1691 1545 1756 1606 in
1790 1562 1919 1627 quo
1954 1540 2412 1607 describantur
2446 1538 2855 1623 baptismata,

624 1663 822 1740 prout
842 1662 1093 1721 constat
1126 1674 1209 1722 ex
1240 1657 1512 1723 decreto
1538 1658 1945 1735 Tridentin0‚
1977 1676 2127 1722 mox
2155 1652 2676 1721 transcribendo.

714 1773 794 1836 11.
835 1774 975 1837 Non
1012 1771 1214 1838 debet
1244 1775 1539 1857 recipere
1582 1775 1702 1838 nisi
1742 1776 1991 1839 unicam
2034 1791 2398 1856 personam,
2428 1771 2535 1835 vel
2572 1768 2655 1833 ad
2688 1787 2866 1832 sum-

627 1905 800 1950 mum
837 1885 999 1951 duas
1037 1885 1231 1972 (idest
1262 1889 1591 1970 patrinum
1631 1896 1700 1954 et
1732 1885 2119 1971 matrinam),
2160 1906 2302 1972 quae
2342 1886 2745 1968 baptizatum
2775 1882 2862 1948 de

624 2001 806 2065 fonte
830 2003 1200 2084 suscipiant.
1247 2004 1486 2068 Earum
1519 2006 1779 2069 nomina
1806 2006 2052 2088 pariter
2086 2003 2258 2068 libro
2287 2000 2742 2084 baptismatum
2772 2000 2864 2062 in-

624 2116 911 2181 scribere
951 2114 1175 2194 debet‚
1213 2137 1466 2183 necnon
1515 2139 1626 2184 eas
1663 2138 1929 2184 monere
1976 2117 2060 2183 de
2106 2124 2442 2182 contracta
2475 2115 2860 2196 cognatione

625 2232 967 2315 spirituali.
1014 2235 1170 2315 Quae
1231 2236 1442 2301 omnia
1503 2236 1594 2301 sic
1652 2236 1966 2319 praecepit
2023 2233 2470 2299 Tridentinum
2517 2229 2859 2295 concilium

631 2345 808 2432 (ScSS.
839 2351 946 2427 24,
987 2368 1044 2413 c.
1071 2353 1133 2428 2,
1164 2354 1238 2414 cle
1269 2354 1401 2431 Res.
1434 2349 1646 2434 matr.)
1676 2372 1691 2417 ε
1725 2356 1948 2416 Sancta
1973 2353 2317 2431 synodus...
2343 2353 2583 2423 statu-it,
2610 2353 2681 2408 ut
2704 2364 2861 2407 unus

629 2471 862 2528 tantum
886 2473 1013 2530 sive
1040 2474 1159 2546 vir,
1191 2476 1316 2532 sive
1347 2471 1587 2548 mulier,
1611 2474 1803 2551 juxta
1843 2486 2149 2530 sacrorum
2203 2483 2494 2528 canonum
2542 2467 2852 2537 instituta,

626 2583 722 2642 vet
744 2584 827 2644 ad
850 2603 1142 2645 summum
1175 2604 1330 2647 unus
1379 2591 1437 2645 et
1487 2603 1611 2646 una
1650 2587 2028 2663 baptizatum
2067 2585 2140 2644 de
2168 2583 2464 2659 baptismo
2491 2581 2860 2656 suscipiant,-

628 2701 788 2759 inter
815 2719 981 2778 quos,
1016 2720 1087 2761 ac
1118 2702 1493 2779 baptizatum
1527 2705 1751 2779 ipsum,
1794 2707 1850 2761 et
1882 2702 2053 2761 illius
2070 2705 2306 2778 patrem
2333 2703 2389 2758 et
2422 2701 2699 2768 matrem,
2733 2712 2861 2755 nec-

626 2831 745 2874 non
773 2818 932 2875 inter
966 2815 1378 2893 baptizantem
1413 2824 1472 2878 et
1506 2819 1906 2894 baptizatum,
1930 2817 2340 2893 bapti-natique
2376 2817 2615 2890 patrem
2644 2816 2703 2870 et
2732 2827 2861 2869 ma-

630 2934 780 2988 trem
800 2935 1057 3008 tantum,
1082 2903 1432 3009 spiritualis
1463 2935 1739 3011 coqnatio
1765 2930 2181 2992 contrahatur.
2213 2926 2518 2990 Parochus
2540 2931 2859 3004 antequam

627 3043 711 3103 ad
733 3045 1093 3125 baptismum
1111 3048 1535 3125 conferendum
1559 3047 1829 3124 accedat,
1861 3047 2188 3126 diliyenter
2214 3044 2290 3104 ab
2320 3048 2399 3104 iis
2444 3043 2527 3103 ad
2556 3060 2700 3121 quos
2736 3058 2862 3120 spe-

627 3161 836 3236 ctabit,
861 3166 1220 3241 sciscitetur,
1261 3183 1430 3243 quem
1451 3164 1546 3224 vel
1572 3183 1717 3244 quos
1743 3165 2054 3242 eleyerint,
2091 3167 2159 3223 ut
2192 3162 2568 3240 baptizatum
2593 3159 2665 3218 cle
2688 3175 2859 3216 sacro

627 3277 792 3352 sonte
821 3281 1188 3357 suscipiere&
1226 3285 1284 3340 et
1340 3298 1472 3340 eum
1510 3280 1606 3339 vel
1659 3297 1755 3339 eos
1803 3284 2035 3339 tantum
2080 3277 2163 3338 ad
2208 3277 2382 3336 illum
2418 3272 2859 3352 suscipiendum

628 3391 940 3471 admittat,
970 3399 1029 3454 et
1067 3397 1132 3455 in
1165 3395 1318 3455 libro
1346 3413 1546 3456 eorum
1578 3398 1822 3456 nomina
1851 3393 2182 3468 describat,·
2211 3392 2526 3469 doceatque
2548 3406 2643 3448 eos
2679 3405 2858 3466 quam

626 3513 1034 3587 coynationem
1060 3514 1497 3571 contraxerint.

571 3709 576 3714 ᾖ
720 3623 956 3706 Nequit
986 3620 1358 3705 dispensare
1389 3624 1765 3707 Episcopus,
1808 3631 1883 3687 ut
1914 3623 2134 3706 plures
2165 3640 2358 3706 quam
2399 3619 2533 3686 duo
2564 3619 2630 3682 in
2673 3619 2865 3701 patri-

630 3756 786 3801 num
817 3744 886 3803 et
915 3740 1257 3804 matrinam
1281 3741 1703 3822 recipiantur.
1747 3738 1934 3825 (Vide
1961 3737 2227 3815 Giraldi,
2262 3739 2575 3801 Additum.
2598 3738 2680 3797 ad
2710 3738 2863 3797 Bar-

632 3856 853 3931 bosam,
882 3858 956 3918 de
986 3858 1277 3933 Pur-ocho,
1325 3875 1466 3940 cap.
1518 3860 1619 3933 18,
1663 3877 1729 3921 n.
1761 3854 1898 3938 37.)
1935 3857 1996 3919 Si
2042 3861 2259 3919 tamen
2300 3852 2522 3934 plures
2552 3850 2865 3934 recipian-

633 3974 762 4046 tur,
795 3971 1185 4037 contrahunt
1213 3973 1664 4056 cognationem
1697 3971 2121 4055 spiritualem.
2155 3965 2374 4055 (Ibid.)

722 4088 838 4152 111.
882 4086 979 4152 Ad
1006 4088 1312 4154 effectum
1346 4087 1805 4154 contrahendae
1840 4086 2239 4170 cognationis
2269 4082 2622 4168 spiritualis
2659 4082 2868 4163 requi-

633 4205 801 4270 ritur
830 4212 902 4269 ut
929 4205 1162 4286 patrini
1190 4202 1385 4290 (idem
1416 4204 1522 4269 dic
1546 4203 1632 4269 de
1658 4199 1970 4286 matrinis)
1999 4203 2126 4266 sint
2150 4199 2484 4283 baptizati.
2533 4195 2861 4283 (Barbosa,

635 4325 709 4386 cle
742 4324 1030 4399 Paroa-lto,
1070 4340 1215 4385 cum
1246 4324 1456 4384 Addit.
1495 4320 1765 4398 Giraldi,
1798 4339 1856 4385 c.
1912 4323 2012 4396 18,
2052 4338 2116 4381 n.
2152 4315 2289 4399 27.)
2334 4313 2523 4380 Unde
2556 4312 2869 4379 adhihere

635 4458 766 4506 non
806 4439 1205 4522 baptizatum
1247 4438 1310 4502 in
1357 4438 1718 4522 patrinum,
1762 4435 1934 4502 idem
1983 4441 2082 4501 est
2121 4430 2331 4519 quoad
2369 4432 2654 4497 valorem
2687 4434 2871 4493 actus
