3146 4973
1183 346 1341 395 ruis
1381 347 1651 408 omnm.
2411 334 2541 400 529

321 494 353 533 α
383 490 516 537 ιιοιι
560 477 664 536 est
701 468 1005 554 praefixus
1044 468 1131 535 ad
1165 469 1626 537 remittendam
1675 488 1754 534 ac
1786 466 2261 536 terminandam
2297 470 2540 556 obliga-

319 608 353 647 α
386 587 654 663 tionem,
689 583 809 650 sed
836 584 923 651 ad
955 583 1380 651 differendam
1409 603 1691 670 poenam.
1725 605 1759 647 »
1797 582 2091 672 (eiraldi,
2136 585 2282 651 loco
2313 587 2533 665 citato,

313 722 382 766 ιι.
425 699 560 783 10.)

405 820 474 880 5⁰
503 818 793 882 Tenetur
819 815 1140 899 parochus
1167 835 1238 883 se
1264 817 1442 882 ultro
1467 815 1704 883 offerre
1726 814 1814 882 ad
1832 814 2194 881 faciendam
2214 814 2367 883 fidei
2391 835 2542 900 pro-

316 930 701 1015 fessionem;
734 937 1005 997 tenetur
1030 933 1273 999 scilicet
1317 931 1404 998 ad
1447 931 1974 999 satisfaciendum
2003 931 2153 998 huic
2180 941 2536 1016 praecepto,

315 1047 570 1112 etiamsi
609 1046 853 1111 nullam
905 1045 990 1112 de
1038 1046 1161 1114 hoc
1212 1067 1251 1112 a
1301 1048 1752 1132 superioribus
1792 1048 2214 1114 monitionem
2243 1050 2538 1133 recipiat.

320 1158 545 1246 (Ibid.‚
578 1180 646 1225 n.
676 1158 771 1243 8.)

404 1278 475 1341 6⁰
503 1273 1008 1358 Intelligendum
1043 1283 1147 1341 est
1167 1274 1617 1342 Tridentinum
1653 1283 2058 1360 praeceptum
2122 1276 2208 1343 de
2260 1277 2552 1362 qualibet

313 1390 637 1473 parochiae
689 1388 1075 1473 adeptione;
1121 1392 1216 1455 ita
1259 1397 1356 1468 ut,
1393 1392 1506 1475 qui
1536 1392 1603 1455 in
1639 1389 1991 1474 adeptione
2053 1390 2326 1476 alicujus
2369 1410 2555 1474 paro-

313 1504 472 1570 chiae
517 1503 675 1571 fidei
734 1504 1204 1588 professionem
1242 1504 1380 1589 jam
1430 1505 1646 1572 emisit
1664 1552 1681 1582 ‚
1750 1506 1808 1570 si
1867 1504 2267 1588 praeficiatur
2319 1507 2511 1573 alteri
2531 1553 2548 1585 ,

314 1627 619 1685 teneatur
644 1621 885 1685 iterum
915 1618 1074 1685 fidei
1091 1619 1559 1703 professionem
1591 1621 1922 1685 emittere.
1961 1619 2187 1706 (Ibid.‚
2219 1641 2288 1686 n.
2325 1620 2419 1705 7.)

404 1736 707 1817 QUAESTIO
743 1736 835 1800 4³.
871 1773 962 1785 -
992 1739 1090 1801 An
1109 1741 1305 1818 possit
1327 1739 1442 1799 illa
1470 1737 1622 1814 fidei
1642 1739 1940 1818 professio
1963 1756 2075 1819 per
2096 1745 2552 1818 procuratorem

317 1851 458 1928 fieri
474 1854 506 1913 ?
532 1886 623 1898 —-
657 1851 845 1916 Multi
897 1851 1050 1917 olim
1097 1839 1441 1916 canonistae‘
1481 1849 1861 1918 affirmative
1914 1853 2336 1935 quaestionem
2382 1851 2547 1918 hanc

316 1964 758 2043 resolvebant,
793 1974 989 2049 prout
1019 1965 1244 2034 videre
1274 1974 1376 2034 est
1409 1968 1478 2031 in
1497 1974 1784 2032 tractatu
1812 1966 2115 2032 Barbosae
2144 1971 2219 2031 de
2244 1970 2542 2047 Paros-ha,

317 2101 355 2147 a
381 2080 651 2148 Giraldo
682 2081 864 2149 edito
894 2090 963 2149 et
993 2091 1290 2149 correcto
1316 2082 1527 2169 (parte
1561 2087 1618 2160 1,
1659 2101 1800 2166 cap.
1818 2083 1885 2159 4,
1909 2103 1978 2148 n.
2000 2081 2094 2172 3);
2134 2083 2241 2149 cui
2268 2084 2553 2167 opinioni

316 2195 675 2263 accedebat
703 2203 772 2262 et
799 2198 982 2263 Rotae
1009 2198 1386 2264 auctoritas,
1420 2196 1503 2262 At
1511 2217 1667 2264 vero
1694 2216 1871 2262 nunc
1900 2200 2301 2264 contrarium
2332 2206 2557 2264 tenen-

319 2307 480 2374 dum
507 2318 628 2389 est,
662 2311 748 2377 ob
779 2309 1141 2378 decisiones
1171 2311 1374 2377 Sacrae
1419 2312 1949 2396 congregationis
1998 2312 2287 2392 Concilii‚
2323 2322 2549 2396 prout,

317 2424 518 2492 citato
564 2425 732 2505 loco,
775 2425 1046 2494 adnotat
1083 2425 1352 2505 Giraldi,
1404 2426 1501 2492 his
1541 2426 1763 2493 verbis
1798 2449 1812 2492 :
1849 2450 1880 2490 α
1916 2425 2127 2494 Hodie
2181 2427 2554 2512 corrigendi

321 2564 355 2602 α
395 2548 548 2607 sunt
565 2550 930 2608 asserentes
957 2541 1115 2608 fidei
1153 2541 1624 2625 professionem
1666 2541 1814 2609 fieri
1849 2561 2040 2627 posse
2083 2562 2202 2628 per
2240 2562 2550 2627 procura-

323 2680 356 2718 «
396 2665 635 2735 torem,
664 2665 917 2723 attenta
951 2657 1301 2723 clarissima
1344 2655 1788 2723 declaratione
1824 2658 2354 2742 congregationis
2382 2658 2548 2724 Con-

330 2795 362 2832 α
399 2772 549 2850 ciiii,
585 2774 653 2835 in
682 2774 1060 2850 miliacensi,
1096 2771 1219 2838 suh
1255 2771 1361 2838 die
1401 2777 1442 2840 9
1473 2771 1789 2838 februarii
1837 2774 2029 2851 1726,
2065 2771 2152 2838 ad
2180 2772 2545 2839 secundum

329 2910 361 2946 α
396 2885 696 2963 dubium,
748 2895 824 2952 ut
858 2888 927 2952 in
956 2889 1253 2952 Thesauro
1292 2891 1724 2953 resolutionum
1752 2886 2051 2973 ejusdem
2082 2889 2545 2973 Congregatio·

327 3024 360 3063 r«
397 3001 525 3079 nis,
579 3008 758 3068 tomo
807 3005 844 3067 3
866 3050 882 3079 ,
927 3020 1076 3085 pag.
1123 3006 1280 3067 271.
1316 3028 1345 3061 υ
1403 3004 1576 3069 Citat
1627 3001 2022 3068 Benedictus
2068 3004 2214 3068 XIV
2266 3004 2545 3089 (institu-

319 3118 499 3183 tione
532 3117 643 3193 60,
681 3136 746 3180 ιι.
791 3120 813 3180 1
856 3121 925 3182 et
953 3114 1018 3199 3)
1058 3113 1565 3183 declarationem
1603 3117 1810 3182 Sacrae
1853 3115 2149 3201 ejusdem
2182 3117 2546 3201 Congrega-

317 3232 531 3309 tionis,
558 3230 626 3295 in
653 3249 846 3297 causa
876 3234 1239 3295 Catanzarii
1271 3232 1355 3295 26
1396 3228 1675 3315 januarii
1713 3233 1906 3311 1726,
1943 3249 2070 3316 qua
2108 3229 2197 3297 ad
2242 3230 2538 3307 dubium,

316 3368 402 3413 an
419 3351 716 3431 professio
744 3349 892 3426 fidei
912 3354 1110 3412 emitti
1138 3355 1330 3431 possit
1366 3369 1482 3431 per
1500 3357 1974 3432 procuratorem,
2007 3366 2389 3433 responsum
2416 3356 2537 3426 est,
2585 3339 2593 3345 ’

317 3470 616 3547 aeqative.
640 3463 771 3532 Sed
793 3484 986 3531 causa
1021 3464 1157 3530 haec
1180 3468 1542 3530 Catanzarii
1573 3463 1839 3531 videtur
1875 3464 2112 3531 eadem
2141 3484 2282 3530 esse
2310 3484 2388 3530 ac
2416 3483 2547 3529 me·

319 3586 570 3646 morata
607 3582 1012 3660 cathacensis,
1047 3599 1190 3665 quae
1215 3583 1280 3646 in
1310 3583 1612 3646 Thesauro
1640 3583 2070 3645 resolutionum
2096 3589 2275 3646 tomo
2302 3584 2365 3659 3,
2404 3599 2550 3664 pro-

316 3697 528 3782 posita
549 3698 837 3762 occurrit
874 3696 984 3764 die
1018 3699 1102 3761 26
1137 3695 1418 3781 januarii
1456 3698 1648 3775 1726,
1678 3704 1750 3762 et
1777 3694 1993 3763 decisa
2022 3694 2128 3761 die
2162 3699 2203 3762 9
2232 3694 2549 3761 februarii

318 3811 615 3897 ejusdem
645 3812 819 3889 anni,
851 3811 974 3877 sub
1003 3811 1297 3878 terminis
1332 3831 1371 3876 a
1413 3809 1765 3877 Benedicto
1801 3812 1947 3876 XIV
1975 3810 2237 3893 relatis3
2279 3829 2403 3875 nec
2423 3809 2546 3875 sub

316 3928 578 3994 rubrica
608 3933 968 3994 Catanzarii
1012 3929 1297 3994 occurrit
1320 3928 1390 3992 in
1429 3929 1730 3991 Thesauro
1765 3926 1900 3991 ulla
1923 3944 2115 3991 causa
2150 3925 2301 3989 anni
2349 3926 2541 3990 1726.

321 4040 645 4107 Caeterum
656 4041 790 4127 jam
817 4050 1010 4109 autea
1027 4040 1202 4108 idem
1230 4041 1681 4109 declaraverat
1711 4041 1907 4106 Sacra
1932 4040 2359 4122 congregatio
2392 4039 2551 4104 Con-

324 4155 475 4233 cilii,
508 4176 676 4222 anno
701 4158 950 4223 scilicet
986 4161 1180 4237 1610,
1214 4158 1313 4224 his
1349 4157 1608 4223 verbis:
1645 4161 1835 4222 Sacra
1864 4159 2261 4238 Conqreqatio
2294 4158 2553 4219 Consilii

325 4278 580 4352 censuit,
617 4277 1047 4355 professionem
1082 4276 1230 4353 fidei
1256 4295 1370 4357 per
1396 4280 1853 4356 procuratorem
1908 4277 2106 4336 emitti
2156 4273 2328 4336 nullo
2377 4278 2556 4353 paeto

317 4393 612 4472 potuisse,
640 4409 748 4455 nee
773 4396 1052 4454 emissam
1081 4395 1414 4474 suffragari
1441 4390 1532 4478 (in
1562 4407 1754 4455 causa
1789 4392 2101 4467 Valentia,
2135 4386 2307 4453 libro
2339 4390 2406 4450 11
2450 4384 2562 4452 de·
2656 4461 2666 4469 .

2279 4500 2353 4555 34
