3146 4973
581 356 705 421 188
1261 370 1638 419 ruci-arus
1684 371 1774 419 ns
1815 370 2143 419 rnocno.

571 497 898 565 rochiatus
944 494 1346 563 conditiones
1396 494 1676 581 habet);
1746 495 1866 563 sed
1924 496 2217 582 quamvis
2281 496 2541 563 nomine
2590 500 2817 560 viem-ii

571 619 1008 699 nuncupetur,
1044 612 1281 679 falsum
1310 620 1412 680 est
1438 632 1592 680 eum
1628 612 1895 698 proprio
1921 612 2185 678 nomine
2215 628 2443 678 curam
2471 630 2606 679 uon
2631 629 2817 679 exer-

571 748 749 797 cere.
787 730 1044 796 Etenim
1070 729 1184 796 ine
1226 730 1585 815 improprio
1616 728 1957 795 dumtaxat
1988 747 2179 794 sensu
2227 727 2506 794 vicarius
2540 726 2810 806 dicitur,

570 853 641 911 et
668 846 736 910 in
764 862 838 911 re
869 845 1148 911 vicarius
1195 864 1325 911 nou
1354 851 1489 923 est,
1528 844 1641 931 qui
1667 844 1777 910 illa
1816 863 1899 911 ex
1934 842 2142 910 officio
2188 843 2346 909 facit
2367 891 2383 921 ,
2440 861 2586 929 quae
2625 849 2817 927 pote-

569 966 803 1026 statem
853 960 1223 1045 principalis
1257 961 1361 1026 sui
1400 959 1613 1047 (illius
1657 978 1894 1044 nempe
1931 958 2117 1044 cujus
2167 959 2447 1025 vicarius
2492 956 2808 1042 vocatur)

571 1076 1228 1161 praetergrediuntur.
1267 1078 1673 1144 Potestatem
1704 1095 1899 1162 quam
1937 1085 2014 1143 tu
2048 1096 2177 1143 non
2208 1076 2438 1153 haheS,
2485 1092 2617 1140 non
2665 1092 2815 1158 pos-

569 1208 713 1257 sum
740 1199 1051 1277 tanquam
1095 1192 1377 1258 vicarius
1405 1200 1560 1259 tuus
1603 1211 1939 1259 exercere.
1978 1192 2185 1258 Porro
2230 1188 2607 1257 cathedrale
2639 1190 2817 1274 capi-

568 1308 776 1373 tulum
794 1354 811 1385 ,
847 1307 1035 1374 verbi
1067 1309 1297 1393 gratia,
1326 1315 1726 1393 potestatem
1764 1327 1899 1373 non
1924 1307 2125 1374 habet
2155 1325 2297 1372 sese
2322 1303 2726 1372 immiscendi
2744 1306 2815 1370 in

570 1441 730 1489 cura
772 1423 1129 1508 parochiae3
1183 1443 1341 1508 ergo
1389 1425 1503 1510 qui
1553 1443 1698 1491 eam
1753 1429 2024 1491 exercet
2073 1422 2511 1511 (quantumvis
2553 1420 2817 1487 dicatur

569 1538 837 1624 capituli
864 1538 1164 1625 vicarius)
1199 1559 1357 1606 vere
1384 1558 1532 1606 eam
1561 1549 1872 1626 tanquam
1902 1539 2183 1607 vicarius
2210 1556 2339 1605 non
2366 1541 2658 1615 exercet,
2693 1535 2817 1604 sed

570 1675 656 1722 ex
704 1657 979 1740 proprio
1018 1655 1231 1723 officio
1264 1665 1335 1723 et
1378 1657 1662 1724 nomine.
1694 1655 1887 1723 Unde
1919 1656 2145 1723 vicarii
2189 1654 2401 1720 curati
2442 1652 2622 1739 quod
2666 1654 2818 1720 reti-

571 1780 687 1837 net
727 1790 987 1850 nomen,
1035 1773 1100 1837 in
1151 1772 1377 1839 stricto
1419 1792 1613 1839 sensu
1650 1772 2147 1858 intelligendum
2178 1792 2309 1838 non
2340 1778 2478 1854 est3
2514 1768 2635 1836 sed
2662 1788 2818 1857 qua-

570 1896 763 1954 tenus
785 1885 1104 1955 denotans
1128 1896 1312 1954 certa
1335 1887 1485 1974 jura
1513 1889 1798 1974 capituli,
1830 1889 2197 1972 praesertim
2225 1886 2620 1954 exclusivum
2645 1884 2817 1950 illam

569 2006 1061 2088 praerogativam
1102 2004 1472 2071 nominandi
1513 2004 1597 2071 ad
1639 2025 1862 2072 curam
1906 2004 2227 2071 actualem
2274 2000 2667 2069 cathedralis
2708 2020 2815 2084 pa-

570 2116 828 2183 rochioe.

1487 2384 1755 2451 CAPUT
1799 2385 1884 2449 11.

566 2633 706 2681 Num
740 2633 933 2682 umus
966 2632 1306 2681 PARocfflAE
1338 2632 1585 2682 PLURES
1611 2631 1759 2681 ESSE
1781 2633 1982 2682 SIMUL
2012 2633 2280 2683 PossmT
2308 2634 2460 2681 vsslu
2488 2632 2800 2683 PARocm.

654 2860 1087 2927 Indicabimus
1137 2862 1344 2946 primo
1391 2879 1686 2947 quaenam
1737 2862 1822 2928 sit
1869 2862 2215 2930 doctorum
2252 2864 2371 2930 hac
2411 2862 2495 2930 de
2542 2882 2616 2928 re
2661 2882 2805 2928 sen-

563 2978 769 3042 tentia
804 2999 818 3042 :
855 2985 995 3044 tum
1036 2978 1321 3045 rationes
1360 2998 1587 3045 eorum
1628 2981 1737 3066 qui
1780 2981 2158 3046 unicitatem
2189 2981 2456 3064 parochi
2495 2988 2805 3065 tanquam

562 3093 969 3160 essentialem
1030 3094 1377 3179 requirunt
1421 3096 1828 3162 excutiemus
1881 3116 1896 3160 ε
1953 3115 2029 3182 ac
2081 3095 2347 3164 demum
2386 3093 2797 3162 'contrariam

563 3209 1042 3276 conclusionem
1079 3208 1500 3276 firmabimus,

1612 3437 1745 3512 51.

1003 3657 1010 3664 ·
1118 3639 1375 3700 Exponitur
1409 3637 1655 3688 doctorum
1688 3639 1777 3690 hac
1810 3641 1869 3692 dc
1904 3655 1955 3692 re
1990 3644 2236 3694 sententia.

648 3850 1000 3918 Cardinalis
1037 3849 1124 3917 de
1157 3852 1330 3920 Luca
1362 3855 1450 3941 (in
1490 3855 1836 3921 concilium
1872 3853 2322 3922 Tridentinum
2336 3902 2356 3932 ,
2392 3853 2692 3922 discumu
2722 3859 2786 3932 9,

555 3986 622 4031 n.
659 3970 698 4033 3
735 3975 806 4033 et
833 3967 1000 4052 seq.)
1038 3989 1052 4031 ε
1092 3990 1126 4030 α
1161 3969 1325 4034 Hinc
1376 3969 1674 4054 proinde,
1712 3968 1974 4056 quando
2022 3971 2337 4055 contingit
2383 3969 2561 4056 quod
2606 3989 2794 4038 occa-

562 4105 594 4144 «
631 4084 812 4149 sione
839 4082 1169 4151 relationis
1194 4103 1338 4171 quoe
1365 4084 1514 4152 fieri
1540 4087 1709 4153 solet
1742 4088 1810 4152 in
1847 4087 2212 4153 visitatione
2236 4087 2533 4153 liminum
2549 4134 2565 4165 ,
2598 4088 2792 4153 Sacra

561 4223 596 4263 ε(
629 4201 1060 4287 congregatio
1106 4201 1371 4269 Concilii
1399 4202 1485 4271 ad
1530 4206 1717 4271 istim
1756 4205 2046 4271 notitiam
2094 4203 2433 4284 deveniat,
2471 4211 2547 4271 ut
2572 4202 2791 4270 adhuc

561 4342 596 4382 «
627 4319 697 4386 in
726 4317 961 4385 eodem
998 4319 1265 4404 antiquo
1293 4339 1416 4386 usu
1445 4322 1887 4398 continuetur,
1919 4320 2097 4408 quod
2124 4321 2374 4388 scilicet
2403 4322 2787 4388 exercitium

558 4459 595 4500 ι(
625 4453 800 4504 curae
828 4437 913 4502 sit
937 4437 1382 4522 promiscuum
1409 4457 1613 4523 penes
1635 4457 1861 4505 omnes
1886 4435 1973 4505 de
2000 4437 2309 4523 capitulo,
2346 4436 2452 4504 vel
2480 4437 2779 4523 collegio,
