3146 4973
618 325 741 387 468
1294 336 1670 384 rnacnrns
1716 336 1802 383 nn
1847 336 2171 382 maocuo.

600 466 869 542 quiritur
904 462 1076 524 Sedis
1096 462 1449 542 Apostolicae
1472 462 1739 535 licentia,
1773 463 1879 524 sed
1905 463 2128 541 sufficit
2154 464 2400 525 licentia
2427 465 2729 544 Episcopi.
2747 497 2834 508 --

604 574 837 654 Quoad
877 593 1094 638 casum
1134 574 1492 640 iterationis
1530 576 1599 637 in
1643 578 1876 638 duabus
1910 578 2193 652 ecclesiis,
2235 577 2453 640 nullus
2480 584 2580 641 est
2610 555 2721 660 qui
2750 575 2832 639 de

606 688 963 756 necessaria
999 686 1184 752 Sedis
1208 689 1593 772 Apostolicae
1633 690 1901 755 licentia
1946 691 2350 773 cogitaverit.
2389 688 2706 774 Equidem
2748 692 2835 753 ci-

606 812 781 868 tatus
799 802 1191 868 Benedictus
1220 805 1388 881 XIV,
1416 813 1485 869 ct
1515 804 1871 870 Cardinalis
1894 805 2131 870 Zelada
2161 807 2407 890 (contra
2436 825 2568 871 non
2597 825 2833 888 paucos

599 917 931 993 doctoreS,
990 918 1235 982 nullam
1299 919 1558 983 omnino
1619 921 1861 1002 requiri
1917 919 2240 984 licentiam
2301 916 2826 1001 contendentes),

599 1033 973 1096 existimant
1018 1032 1315 1114 parochis
1364 1032 1509 1096 ficri
1558 1031 1806 1098 debere
1855 1034 2237 1099 facultatem
2268 1033 2351 1098 ab
2382 1035 2722 1116 Episcopo,
2757 1040 2830 1098 ut

596 1148 772 1212 licite
812 1148 1071 1212 valeant
1095 1147 1193 1212 bis
1215 1148 1447 1213 eodem
1478 1147 1587 1212 die
1622 1168 1880 1215 sacrum
1905 1150 2147 1214 facere.
2179 1152 2291 1214 Ast
2321 1150 2509 1231 plane
2535 1147 2827 1215 sufficere

596 1262 760 1327 hanc
798 1265 1095 1346 Episcopi
1121 1263 1501 1327 facultatem
1528 1266 1793 1329 omnino
1833 1273 2232 1348 supponunt.
2273 1266 2357 1329 Et
2381 1284 2642 1342 revera,
2678 1283 2822 1329 cum

595 1397 718 1460 per
756 1380 1099 1460 ipsummet
1129 1377 1235 1459 jus
1274 1396 1618 1443 commuue
1650 1379 1828 1443 licita
1862 1378 2277 1454 decernatur,
2314 1381 2378 1443 in
2412 1397 2566 1442 casu
2603 1398 2824 1444 neces-

594 1491 820 1569 sitatiS‚
861 1491 1034 1556 dicta
1058 1492 1334 1556 ‘iteratio
1371 1491 1469 1575 (ut
1500 1498 1682 1574 patet
1730 1513 1814 1557 ex
1868 1493 2187 1558 decretali
2235 1495 2608 1558 Consuluisti
2637 1494 2824 1558 Iuno-

592 1609 788 1672 centii
817 1605 960 1689 ΙΙΙ),
995 1606 1367 1671 obtinendae
1403 1626 1440 1671 a
1468 1607 1637 1672 Sede
1687 1609 2054 1691 Apostolica
2099 1609 2433 1674 facultatis
2479 1610 2822 1674 necessitas

596 1723 808 1805 repeti
858 1741 985 1786 non
1038 1730 1276 1804 posset,
1335 1723 1455 1786 nisi
1507 1742 1590 1788 ex
1646 1725 2112 1800 reservatione,
2165 1743 2290 1808 qua
2347 1732 2574 1806 postea
2623 1723 2822 1788 Sedes

595 1837 827 1903 eadem
859 1838 965 1921 jus
1008 1856 1349 1903 commune
1390 1838 1509 1902 bac
1549 1840 1616 1902 in
1654 1857 1726 1903 re
1771 1846 2200 1921 coarctasset3
2243 1846 2312 1904 et
2344 1838 2430 1904 de
2460 1839 2579 1904 bac
2615 1858 2822 1905 reser-

595 1956 850 2019 vatione
879 1963 1061 2019 certo
1084 1962 1381 2019 constare
1421 1952 1723 2018 deberet.
1751 1955 1956 2019 Porro
1986 1954 2302 2038 ejusmodi
2337 1954 2816 2026 reservationis,

595 2088 675 2133 ue
717 2069 1063 2150 vestigium
1104 2067 1283 2133 ullibi
1335 2068 1632 2150 reperire
1678 2078 1799 2143 est,
1839 2068 2056 2152 quoad
2094 2088 2310 2134 casum
2359 2071 2716 2135 iterationis
2759 2071 2822 2132 in

596 2184 851 2248 duabus
888 2185 1199 2250 ecclesiis,

684 2303 924 2364 Atvero
953 2299 1173 2383 quoad
1207 2300 1623 2369 iterationem
1661 2309 1726 2364 in
1746 2304 1951 2365 eadem
1986 2305 2250 2380 ecclesia,
2284 2302 2540 2383 putavit
2571 2300 2824 2367 moder-

597 2433 718 2478 nus
745 2413 1007 2499 quidam
1038 2413 1151 2500 (t),
1187 2434 1315 2479 non
1365 2435 1548 2499 posse
1595 2418 1714 2479 nisi
1759 2436 1798 2481 a
1837 2414 2006 2481 Sede
2033 2415 2398 2500 Apostolica
2451 2415 2822 2481 facultatem

600 2528 892 2596 concedi.
934 2532 1008 2595 Iu
1042 2549 1233 2614 quam
1295 2532 1657 2614 opinionem
1707 2550 1858 2596 eum
1895 2532 2218 2596 nonnullae
2269 2534 2614 2598 Sacrarum
2662 2533 2824 2598 Con-

598 2646 1045 2727 gregationum
1082 2643 1552 2709 declarationes
1591 2646 2014 2728 impulerunt.
2059 2647 2209 2711 Haec
2239 2653 2458 2712 tamen
2506 2647 2822 2711 sententia

596 2779 993 2845 nequaquam
1020 2761 1175 2824 mibi
1203 2760 1605 2826 admittenda
1643 2761 1929 2827 videtur.
1965 2765 2241 2836 Etenim,

686 2878 737 2940 Ι.
761 2877 834 2939 In
866 2877 1058 2940 citata
1087 2876 1396 2941 decretali
1428 2880 1821 2955 σοπειιιτιὶειῑ,
1847 2896 1973 2961 qua
1992 2878 2096 2961 jus
2119 2898 2461 2944 commune
2485 2881 2816 2953 statuitur,

596 3009 779 3056 casus
806 2991 1163 3055 iterationis
1197 2992 1265 3054 in
1302 2990 1529 3055 eadem
1565 2991 1862 3067 ecclesia,
1892 3012 2302 3077 nequaquam
2334 2994 2752 3076 distinguitur
2786 3013 2821 3056 a

600 3126 752 3170 casu
778 3107 1134 3171 iterationis
1162 3107 1227 3169 in
1268 3105 1524 3171 duabus
1554 3106 1879 3189 ecclesiis;
1916 3107 2037 3172 sed
2070 3110 2425 3191 generatim
2464 3110 2664 3173 licere
2696 3108 2821 3171 ite-

597 3224 914 3286 rationem
943 3223 1274 3298 statuitur,
1304 3223 1355 3285 si
1390 3228 1760 3284 necessitatis
1786 3242 1966 3284 caum
1998 3226 2273 3287 suadeat.
2295 3222 2570 3288 Aliunde
2608 3228 2824 3288 autem

600 3345 949 3420 utrumque
990 3355 1211 3400 casum
1250 3342 1396 3416 pari
1437 3341 1582 3416 jure
1633 3339 1985 3399 censendum
2017 3358 2160 3416 esse,
2202 3355 2324 3419 pro
2366 3345 2546 3402 certo
2593 3342 2826 3402 tenent

599 3453 720 3515 viri
758 3452 1114 3533 gravissimi
1160 3449 1548 3533 Theophilus
1601 3449 1917 3526 Rainaud‚
1959 3449 2353 3516 Benedictus
2385 3452 2529 3516 XIV
2568 3459 2638 3517 et
2673 3452 2825 3517 Car-

599 3568 832 3633 dinalis
866 3566 1118 3642 Zelada,
1148 3576 1344 3649 prout
1378 3586 1576 3649 supra
1613 3567 1930 3650 vidimus3
1964 3578 2034 3634 et
2068 3570 2306 3634 merito
2335 3569 2638 3653 quidem:
2677 3588 2822 3635 nam

598 3703 747 3749 cum
776 3703 858 3749 ex
889 3704 964 3747 ea
993 3691 1248 3747 tantum
1287 3686 1535 3749 ratione
1567 3681 1966 3748 concedatur
2018 3684 2224 3749 missae
2263 3685 2546 3760 iteratio,
2598 3704 2679 3749 ne
2709 3704 2826 3767 po-

603 3800 737 3883 puli
766 3818 995 3882 magua
1030 3817 1181 3882 pars
1208 3798 1492 3883 alioquin
1524 3799 1588 3863 ei
1622 3800 2019 3863 intervenire
2057 3806 2362 3883 nequeat,
2402 3820 2530 3865 non
2560 3807 2661 3864 est
2704 3817 2827 3863 cur

603 3934 729 3979 non
778 3933 1079 3980 concessa
1120 3922 1466 3980 censeatur
1502 3916 1568 3978 in
1622 3913 1854 3979 eadem
1903 3915 2200 3993 ecclesia,
2255 3916 2422 3979 sicut
2460 3916 2526 3978 in
2570 3914 2830 3979 duabus

602 4030 905 4106 ecclesiiS,
936 4029 1196 4113 quaudo
1220 4031 1285 4093 in
1320 4031 1527 4113 priori
1563 4048 1715 4093 casu
1743 4047 1925 4112 oeque
1954 4048 2027 4093 ac
2048 4032 2117 4092 in
2134 4030 2500 4113 posteriori,
2522 4048 2604 4094 ex
2629 4029 2828 4094 unica

596 4153 849 4211 tantum
877 4145 1204 4211 celebrata
1229 4147 1421 4211 missa
1450 4146 1769 4228 sequitur,
1805 4144 2107 4210 eumdem
2130 4144 2671 4230 parochianorum
2696 4163 2828 4209 nu-

663 4384 736 4449 (t)
771 4382 1017 4431 Analecta
1034 4380 1178 4444 juris
1206 4380 1484 4445 Pomificiv',
1516 4384 1704 4431 octobre
1729 4383 1878 4441 1853,
1904 4398 2008 4446 pag.
2040 4388 2138 4433 5⁴5
2162 4394 2207 4435 et
2231 4399 2329 4447 seq.
