3146 4973
1166 437 1324 483 rans
1369 436 1688 484 sacuam.
2418 421 2541 482 263

314 559 409 642 pis
438 559 504 624 in
534 577 687 624 casu
726 564 934 640 maqm'
952 563 1329 639 incommodi,
1359 578 1490 624 non
1511 557 1950 626 declamverit
1977 558 2044 623 in
2069 576 2201 643 quo
2223 565 2356 624 stet
2383 558 2547 644 ejus-

312 673 486 740 modi
536 674 1050 754 incommodum,
1109 674 1179 741 id
1219 677 1507 761 ipsorum
1560 674 1965 741 aestimationi
2006 680 2074 740 et
2112 673 2360 759 judicio
2396 676 2546 741 reli-

306 796 484 854 ctum
536 789 764 855 voluit.
824 793 1032 872 Quam
1069 793 1550 858 conclusionem
1604 792 1696 857 sic
1750 791 2016 875 exponit
2068 792 2410 873 Fagnanus
2444 790 2544 875 (in

308 917 504 994 caput
521 913 617 973 Ad
645 912 1044 987 audientiam,
1076 912 1150 972 de
1173 912 1396 974 EccleS.
1430 909 1684 987 edific„
1711 928 1776 972 n.
1814 904 1914 991 18)
1942 929 1955 971 :
1988 931 2018 967 α
2045 909 2305 989 Quanta
2322 915 2543 972 autem

313 1050 346 1085 «
389 1024 629 1092 debeat
672 1044 814 1090 esse
848 1023 1220 1109 hujusmodi
1272 1025 1577 1091 distantia
1613 1044 1730 1090 seu
1785 1024 2104 1107 parochiae
2155 1023 2538 1107 amplitudO,

321 1165 351 1199 ιι
386 1139 471 1205 ad
510 1140 635 1206 hoc
667 1147 741 1205 ut
771 1139 1145 1222 parochiani
1182 1140 1486 1205 dicantur
1514 1159 1644 1206 nou
1675 1157 1864 1223 posse
1892 1146 2022 1202 sine
2063 1160 2278 1221 maqno
2320 1146 2543 1205 incom-

316 1284 340 1311 «
379 1260 574 1336 modo,
616 1256 703 1322 ad
735 1255 1075 1321 ecclesiam
1108 1254 1450 1335 accedere,
1500 1275 1652 1320 cum
1696 1255 1846 1339 jure
1877 1254 2217 1322 definitum
2259 1273 2387 1319 non
2427 1257 2531 1332 sit,

304 1358 339 1428 ἀ
375 1371 613 1456 judicis
656 1372 927 1438 arbitrio
973 1372 1371 1457 relinquitur
1405 1372 1642 1457 (capite
1677 1377 1752 1437 de
1792 1378 2027 1451 Cnosis,
2059 1377 2133 1436 cle
2185 1374 2393 1451 Officio
2437 1375 2540 1435 ‹Ie-

313 1514 342 1547 «
381 1488 551 1573 leq).
576 1513 607 1549 υ
648 1490 833 1555 Circa
862 1487 1234 1574 hujusmodi
1273 1488 1668 1568 distantiam,
1707 1492 1799 1554 ait
1835 1490 2200 1573 Pignatelli,
2243 1490 2348 1553 vel
2381 1488 2541 1553 diffi-

312 1631 340 1662 «
377 1606 689 1669 cultatem
707 1603 1071 1669 accedendi
1098 1603 1181 1668 ad
1201 1606 1543 1670 ecclesiam
1567 1605 2021 1689 parochialem,
2049 1610 2260 1670 totum
2286 1602 2536 1686 pendet

312 1720 454 1784 «ab
493 1719 636 1805 ejus
677 1720 915 1805 (vaempe
956 1718 1306 1804 ordinarii)
1340 1719 1585 1803 judicio
1623 1729 1820 1805 atque
1859 1720 2154 1786 arbitrio.
2195 1742 2226 1780 υ
2291 1719 2540 1803 (Pignu-

306 1835 463 1913 telli,
497 1843 676 1900 tomo
706 1835 770 1912 4,
805 1834 1084 1899 consult.
1126 1838 1269 1912 130,
1300 1855 1364 1899 n.
1410 1833 1502 1918 3.)

395 1950 565 2014 Dum
616 1957 834 2015 autem
882 1949 1124 2015 dicitur
1168 1952 1656 2017 aestimationem
1700 1949 1784 2016 de
1837 1969 2067 2035 magno
2121 1949 2534 2017 incommodo

310 2072 477 2129 stare
515 2084 720 2148 penes
757 2065 1170 2149 Episcopum,
1203 2065 1270 2130 id
1291 2066 1381 2130 ita
1418 2065 1916 2148 intelligendum
1951 2074 2071 2142 est,
2103 2074 2174 2130 ut
2207 2066 2398 2130 simul
2428 2085 2537 2148 pe-

306 2197 419 2242 nes
449 2176 926 2244 dismembratae
969 2178 1285 2261 parochiae
1317 2185 1667 2256 rectorem,
1708 2185 1774 2243 et
1828 2179 1987 2244 alios
2016 2195 2295 2263 quorum
2332 2179 2535 2241 inter·

305 2301 422 2369 est,
454 2301 787 2359 remaneat
815 2294 1093 2359 facultas
1128 2293 1504 2377 appellandi
1533 2314 1570 2359 a
1603 2293 1870 2360 decreto
1899 2295 2199 2379 Episcopi
2228 2316 2240 2357 :
2272 2292 2354 2357 de
2409 2311 2535 2377 qua

303 2411 766 2494 appellatione,
825 2428 968 2497 quoe
1021 2410 1474 2478 devolutivum
1534 2410 1880 2477 dumtaxat
1933 2409 2241 2476 effectum
2293 2410 2526 2488 hahet,

302 2527 468 2592 infra
499 2527 901 2593 disserimus,

387 2646 786 2712 Pnoposrno
813 2646 1009 2710 vnla.
1040 2680 1122 2690 —-
1139 2648 1522 2728 Reyulariter
1543 2648 1855 2727 loquendo,
1885 2647 2003 2708 cluo
2027 2647 2226 2707 millia
2245 2664 2530 2724 passuum

300 2764 590 2827 habentur
606 2784 720 2846 pro
747 2767 1047 2827 distantia
1070 2763 1413 2843 sufficienti,
1444 2771 1513 2826 ut
1545 2766 1629 2825 ad
1660 2765 2248 2826 ‹lis-memorationem
2273 2763 2525 2842 proc-odi

289 2885 504 2960 possit.
538 2915 628 2925 -
661 2879 823 2944 Cum
880 2897 1116 2960 nempe
1178 2878 1483 2944 notabilis
1523 2879 1734 2963 aliqua
1777 2897 1928 2962 pars
1979 2876 2523 2961 parochianorum

299 2994 441 3077 plus
491 3012 683 3078 quam
738 2993 999 3059 duobus
1056 3012 1360 3076 passuum
1410 2993 1692 3058 millibus
1744 3014 1780 3058 a
1847 2992 2198 3076 parochiali
2253 2993 2528 3057 ecclesia

296 3109 520 3187 distat,
568 3113 1007 3174 communiter
1048 3109 1365 3173 aestimant
1417 3110 1762 3173 canonistae
1812 3107 2040 3173 adesse
2087 3129 2367 3190 maynum
2431 3109 2528 3170 in-

292 3224 727 3302 commodum,
763 3246 839 3291 ac
870 3223 1144 3309 proinde
1194 3224 1437 3309 justam
1488 3225 2078 3290 dismembrationis
2113 3243 2404 3306 causam3
2436 3224 2524 3290 id-

290 3363 414 3427 que
438 3360 561 3426 pro
589 3343 875 3424 generali
908 3341 1135 3425 regula
1171 3340 1438 3406 tradere
1470 3341 1682 3407 solent
1711 3363 1724 3404 :
1760 3359 1880 3423 pro
1907 3342 2200 3421 qeneroli,
2231 3340 2517 3422 iuquam,

291 3461 550 3544 regula3
593 3478 739 3524 nam
771 3459 959 3526 simul
991 3467 1260 3524 monent
1296 3457 1366 3523 id
1400 3478 1529 3523 non
1561 3478 1704 3524 esse
1751 3459 1841 3521 ita
1877 3458 2168 3541 rigorose
2203 3456 2523 3540 accipien-

288 3574 467 3655 dum,
504 3584 580 3641 ut
604 3596 690 3642 ex
711 3577 906 3641 variis
933 3576 1067 3640 aliis
1096 3575 1599 3641 circumstantiis
1627 3574 1710 3640 ab
1756 3593 1835 3640 ea
1875 3572 2264 3659 quandoque
2296 3572 2523 3640 recedi

286 3697 590 3776 nequeat.

370 3808 468 3872 De
515 3806 634 3871 hac
687 3805 1014 3872 communi
1065 3804 1411 3871 doctorum
1454 3805 1883 3871 aestimatione
1934 3805 2025 3870 sic
2065 3803 2424 3869 adnotatur
2452 3804 2516 3866 in

290 3925 584 3988 Thesauro
621 3926 1050 3987 resolutionam
1097 3922 1296 4008 (tomo
1343 3923 1493 3986 anni
1543 3924 1736 3999 1800,
1777 3923 2007 4004 pagina
2048 3919 2237 4004 178):
2288 3943 2319 3980 «
2356 3921 2512 4000 Quae

290 4063 320 4098 «
356 4038 681 4118 distantia,
717 4058 867 4104 cum
898 4058 935 4103 a
976 4038 1175 4104 sacris
1215 4035 1571 4102 canonibus
1603 4035 1870 4102 definita
1919 4056 2047 4101 nou
2098 4036 2203 4114 sit,
2238 4055 2322 4100 ex
2344 4054 2519 4102 com-

292 4179 319 4213 «
356 4157 536 4220 muni
570 4156 1051 4221 canonistarum
1098 4154 1421 4219 sententia
1463 4152 1699 4219 idonea
1742 4152 1827 4218 ad
1874 4150 2511 4218 dismembrationem

292 4297 319 4326 «ι
355 4272 776 4338 obtinendam
826 4272 1206 4348 aestimatur,
1249 4271 1303 4334 si
1355 4268 1634 4353 duplicis
1682 4271 1764 4334 sit
1819 4270 2133 4348 millium,
2197 4277 2272 4333 ut
2316 4267 2516 4334 docet

293 4414 316 4442 e·
356 4391 601 4471 Ursaya
628 4388 926 4474 (discept.
967 4391 1067 4463 14,
1104 4408 1169 4452 n.
1208 4391 1309 4465 ll,
1335 4392 1494 4451 tom.
1534 4385 1618 4471 l),
1649 4394 1717 4452 et
1744 4387 1907 4454 Rota
1936 4385 2160 4473 (decis.
2195 4389 2304 4464 39,
2340 4405 2402 4448 n.
2441 4387 2504 4459 4,

291 4529 321 4564 a
353 4523 571 4572 coram
604 4502 1011 4588 Peutiuger).
1040 4525 1072 4564 »
