3146 4973
1250 380 1408 426 raas
1452 380 1740 440 QuAa‘ra.
2483 365 2613 430 499

387 501 886 570 extraordinarii
912 501 1155 568 laboris
1182 499 1429 585 aliquid
1466 502 1754 586 exigere.
1794 502 1864 566 4⁰
1905 524 1939 563 α
1981 502 2218 568 Utrum
2254 510 2476 570 autem
2503 523 2615 568 va-

393 645 421 681 «
454 620 589 686 leat
625 616 1030 686 consuetudo
1063 616 1241 703 quod
1271 614 1430 702 quid
1462 625 1718 683 certum
1748 617 1918 701 exigi
1943 617 2145 700 possit
2166 637 2204 682 a
2245 627 2474 685 curato
2493 637 2618 703 pro·

393 759 422 796 «
454 735 815 820 sepultura,
859 753 975 799 seu
1024 751 1145 817 pro
1198 730 1403 797 officio
1432 734 1813 817 sepulturae,
1851 731 2066 798 Abbas
2110 731 2198 818 (in
2236 741 2436 816 caput
2464 738 2616 800 Cum

392 873 423 909 α
460 855 545 914 Μ.
575 854 999 926 Ferrariensis,
1023 851 1099 913 de
1119 852 1420 926 Consttc.,·
1450 854 1519 913 et
1546 848 1613 912 in
1647 854 1844 932 caput
1868 850 2210 926 Abolendoe,
2242 852 2318 912 cle
2337 852 2615 929 Sepultu-

394 989 424 1026 α
463 973 573 1044 ris,
598 972 744 1050 post
776 962 1077 1050 glossam)
1101 972 1286 1030 tenet
1314 964 1515 1030 talem
1537 961 2101 1042 consuetudinem,
2125 969 2272 1049 post
2295 962 2614 1032 traditum

395 1108 418 1138 u
461 1081 809 1165 sepulturae
848 1099 1085 1163 corpus
1112 1099 1253 1146 esse
1279 1078 1778 1157 observandam,
1814 1081 1964 1165 quia
2003 1080 2201 1146 habet
2229 1081 2618 1166 principium

398 1221 426 1257 a
470 1197 926 1262 voluntarium.
962 1196 1363 1263 Contrarium
1403 1214 1562 1261 vero
1598 1195 1989 1278 opinionem,
2024 1198 2156 1261 imo
2197 1195 2618 1287 consuetudi·

398 1337 429 1374 (ι
470 1331 617 1377 nem
651 1308 945 1376 solvendi
967 1308 1213 1395 aliquid
1230 1329 1353 1393 pro
1378 1311 1717 1394 sepultura
1734 1329 1999 1394 seupro
2021 1309 2231 1377 officio
2257 1313 2618 1395 sepulturae

396 1451 427 1488 (ι
456 1446 585 1492 non
622 1434 877 1502 tenere,
911 1427 1186 1492 sustinet
1233 1426 1703 1503 Hostiensism,
1742 1424 2055 1492 Antonius
2105 1425 2190 1492 de
2235 1427 2547 1492 Butrio...
2580 1452 2611 1487 »

394 1543 722 1629 (Barbosa,
760 1542 1066 1621 deofficio
1085 1542 1359 1622 parochi,
1398 1560 1456 1606 c.
1491 1544 1600 1620 26,
1629 1561 1694 1606 n.
1729 1538 1861 1625 18.)

477 1659 744 1724 Certum
784 1665 1006 1724 autem
1046 1665 1149 1723 est
1174 1656 1261 1723 ad
1304 1656 1659 1742 parochum
1703 1658 2038 1740 pertinere
2078 1656 2436 1724 oblationes
2474 1676 2618 1743 quae

392 1780 621 1857 sponte
667 1771 835 1837 fiunt
871 1774 1009 1838 sive
1052 1772 1225 1837 intra
1265 1772 1402 1837 sive
1446 1778 1634 1838 extra
1671 1772 1949 1848 missam,
1988 1779 2059 1837 et
2105 1772 2241 1837 sive
2283 1780 2434 1838 ante
2479 1772 2618 1838 sive

334 1889 347 1900 '
392 1892 539 1970 post
574 1885 791 1964 sunna,
824 1886 892 1951 in
929 1886 1202 1952 ecclesia
1244 1885 1617 1969 parochiali,
1646 1883 1940 1970 ejusdem
1975 1884 2227 1951 funeris
2263 1887 2504 1952 intuitu
2553 1892 2622 1951 et

390 2002 749 2068 occasione.

476 2118 779 2198 Quffis'rlo
803 2120 890 2182 2⁸.
928 2152 1017 2164 —
1047 2120 1211 2199 Quid
1229 2122 1311 2181 sit
1337 2125 1558 2199 quarm
1577 2119 1897 2197 timei-alia,
1922 2137 2026 2181 seu
2051 2123 2338 2182 canonica
2365 2125 2566 2199 portio
2591 2124 2622 2182 Ρ

392 2268 481 2278 -
506 2256 539 2294 α
562 2234 676 2299 Est
702 2241 881 2299 certa
907 2233 1231 2318 quantitas
1251 2254 1288 2298 a
1302 2231 1451 2316 jure
1481 2233 1789 2298 canonico
1809 2229 2098 2311 inducta,
2121 2238 2189 2299 et
2215 2232 2376 2300 solvi
2399 2233 2622 2301 debita

398 2371 429 2408 α
468 2348 749 2430 parocho
777 2349 884 2415 vel
914 2348 1235 2432 Episcopo
1284 2347 1368 2414 ab
1417 2348 1690 2416 ecclesia
1729 2349 1859 2425 illa,
1902 2349 1971 2413 in
2009 2367 2137 2434 qua
2181 2349 2347 2434 quis,
2395 2350 2623 2418 relicta

395 2486 429 2525 α
465 2464 750 2548 propria,
785 2464 1121 2547 sepelitur,
1152 2482 1235 2531 ex
1270 2464 1514 2531 relictis
1543 2461 1760 2530 eidem
1784 2483 1820 2528 a
1849 2464 2243 2547 parochiano
2273 2463 2613 2543 defuncto,

395 2603 429 2641 a
466 2579 572 2645 vel
603 2578 1104 2645 obvenientibus
1141 2582 1391 2646 ratione
1442 2579 1718 2645 funeris.
1760 2605 1789 2640 »2
1822 2579 2228 2664 (LeureniuS,
2276 2585 2498 2645 Forum
2533 2583 2624 2643 be·

390 2697 689 2775 mficiale,
723 2703 912 2778 parte
949 2699 1006 2773 1,
1051 2715 1117 2781 q.
1170 2695 1354 2779 454.)
1405 2696 1568 2762 Cum
1613 2715 1872 2781 nempe,
1926 2715 2010 2761 ex
2047 2694 2347 2760 stabilitis
2391 2714 2613 2779 supra,

392 2811 662 2877 cuilibet
689 2812 972 2878 liberum
999 2814 1084 2879 sit
1110 2813 1516 2896 sepulturam
1556 2831 1740 2878 suam
1771 2812 1924 2879 alibi
1960 2831 2156 2897 quam
2177 2813 2246 2876 in
2267 2810 2622 2895 parochiali

396 2927 667 2993 ecclesia
705 2934 775 2992 et
825 2928 1201 2994 coemeterio
1228 2928 1493 3011 eligere,
1520 2947 1690 3012 saepe
1728 2929 2043 3011 contingit
2081 2935 2160 2992 ut
2194 2927 2624 3010 parochianus

394 3042 489 3107 illi
519 3042 801 3109 ecclesiae
846 3049 959 3109 aut
998 3044 1408 3122 monasterio,
1438 3044 1553 3109 ubi
1582 3042 2029 3126 sepeliendum
2055 3062 2125 3108 se
2155 3040 2508 3120 mandavit,
2536 3043 2623 3107 le-

392 3164 617 3240 gatum
644 3157 908 3242 aliquod
936 3179 1017 3223 ex
1046 3166 1442 3225 testamento
1471 3159 1830 3242 relinquat3
1872 3160 2028 3223 item
2054 3163 2132 3222 ut
2162 3156 2381 3223 eidem
2410 3156 2621 3223 eccle·

392 3273 504 3337 siae
535 3274 641 3338 vel
680 3275 1072 3342 monasterio
1098 3277 1349 3342 ratione
1377 3275 1729 3359 sepulturoe
1783 3273 1945 3339 fiant
1994 3272 2377 3339 oblationes.
2416 3274 2622 3340 Porro

391 3388 831 3454 ecclesiastica
869 3389 1001 3468 lex,
1040 3392 1163 3455 etsi
1212 3389 1551 3473 permittat
1593 3389 1684 3454 ita
1718 3388 1884 3467 fieri,
1924 3389 2133 3454 voluit
2172 3395 2392 3454 tamen
2431 3395 2509 3452 ut
2540 3407 2623 3453 ex

389 3504 469 3567 iis
496 3500 723 3585 legatis
753 3509 821 3569 et
848 3503 1081 3570 oblatis
1106 3512 1288 3571 certa
1318 3504 1531 3589 aliqua
1562 3523 1713 3588 pars
1745 3502 2031 3587 parocho
2071 3501 2274 3568 tribui
2301 3501 2618 3585 deberet;

387 3624 590 3701 atque
631 3617 742 3685 illa
783 3637 933 3702 pars
968 3638 1005 3684 a
1035 3617 1183 3703 jure
1216 3617 1652 3685 determinata
1688 3619 1911 3683 vocari
1955 3618 2123 3683 solet
2169 3625 2400 3702 quarta
2438 3616 2622 3683 fune-

384 3731 564 3809 raliS,
587 3731 692 3797 vel
722 3734 935 3816 portio
958 3733 1365 3817 parochialis,
1388 3734 1495 3798 vel
1515 3735 1714 3798 ctiam
1738 3734 1952 3817 portio
1976 3733 2300 3798 canonica.
2337 3733 2623 3797 Vocatur

382 3854 611 3912 autem
648 3856 890 3930 quarta,
938 3851 1088 3933 quia
1132 3847 1217 3915 de
1252 3847 1403 3933 jure
1455 3847 1809 3926 ordinario,
1847 3856 1917 3913 et
1950 3849 2073 3912 nisi
2112 3848 2303 3913 aliter
2344 3867 2426 3913 ex
2469 3867 2626 3913 con·

387 3960 737 4029 suetudine
777 3963 1119 4030 inductum
1160 3964 1383 4041 fuerit,
1420 3963 1706 4047 parocho
1747 3960 2032 4028 debetur
2076 3970 2296 4044 quarta
2346 3981 2495 4046 pars
2541 3983 2623 4031 ex

391 4075 693 4141 omnibus
741 4080 1217 4159 emolumentis
1252 4099 1396 4165 quae
1426 4080 1766 4145 occasione
1806 4078 2058 4144 funeris
2087 4078 2308 4144 alienae
2333 4079 2622 4145 ecclesiae

393 4187 831 4259 obvenerunt.
869 4194 1137 4261 Certum
1155 4197 1418 4261 omnino
1444 4202 1547 4261 est
1563 4193 1671 4279 jus
1683 4192 1851 4259 illud
1874 4193 2305 4277 parochorum
2330 4193 2416 4260 ad
2438 4211 2625 4278 quar-

392 4318 531 4378 tam
558 4309 943 4390 funeralem,
978 4320 1175 4394 prout
1200 4318 1454 4377 constat
1482 4330 1563 4375 ex
1589 4310 1804 4376 multis
1821 4307 1988 4393 juris
2014 4309 2330 4388 textibus,
2349 4327 2626 4397 quorum

386 4426 737 4497 nonnullos
766 4445 917 4494 mox
948 4425 1375 4494 adducemus.
