3146 4973
556 330 684 393 646
1236 345 1610 398 moruus
1657 350 1745 398 on
1790 348 2116 398 ranocno.

552 469 893 554 perpetui,
936 469 1046 535 vel
1098 471 1491 554 temporales
1544 481 1616 539 et
1647 472 1730 539 ad
1774 480 2007 539 nutum
2060 472 2463 539 amovibiles.
2512 470 2784 554 Quando

553 593 706 651 sunt
734 591 1037 668 perpetui,
1073 604 1303 651 eorum
1344 589 1699 655 nominatio
1733 590 2023 674 pertinet
2056 588 2143 654 ad
2180 588 2642 655 monasterium
2671 606 2785 653 seu

551 700 904 784 capitulum
924 748 939 777 ‚
987 701 1095 765 cui
1144 720 1304 768 cura
1353 722 1606 771 annexa
1662 715 1761 772 est
1798 728 1813 773 :
1869 725 2097 773 eorum
2137 713 2357 771 autem
2406 704 2786 790 approbatio

551 824 621 883 et
652 835 925 883 examen
960 823 1030 883 et
1059 819 1404 898 institutio,
1433 821 1520 887 ad
1547 822 1961 909 Episcopum.
2009 822 2086 886 In
2113 822 2365 887 caeteris
2395 828 2613 887 autem
2649 823 2787 904 pari

546 933 695 1017 jure
735 942 1105 1012 censentur,
1152 954 1226 1000 ac
1277 938 1546 1019 parochi
1598 940 1865 1022 proprie
1921 937 2112 1017 dicti,
2158 937 2548 1004 beneficium
2596 956 2789 1021 paro-

551 1049 756 1115 chiale
797 1058 1158 1131 perpetuum
1201 1050 1605 1118 obtinentes.
1678 1052 1867 1119 Unde
1928 1054 2167 1118 vicaria
2228 1073 2343 1118 sua
2390 1054 2635 1137 privari
2681 1073 2789 1118 ne·

549 1170 805 1248 queunt
850 1166 971 1229 nisi
1003 1185 1084 1230 ex
1122 1168 1306 1250 gravi
1335 1187 1565 1234 eorum
1613 1171 1827 1252 culpa,
1859 1177 1929 1235 ct
1965 1176 2230 1235 servato
2265 1168 2496 1253 judicii
2528 1167 2780 1234 ordine.

552 1279 827 1360 Quando
859 1288 1014 1346 sunt
1045 1287 1396 1365 temporales
1427 1303 1544 1349 seu
1583 1283 1667 1348 ad
1697 1292 1930 1348 nutum
1969 1285 2350 1351 amovibiles
2369 1334 2385 1361 ,
2421 1303 2643 1350 eorum
2671 1305 2788 1350 no-

552 1397 819 1462 minatio
844 1398 1134 1481 pertinet
1165 1401 1413 1482 pariter
1453 1399 1539 1465 ad
1577 1401 1960 1484 capitulum,
1999 1409 2067 1466 et
2113 1400 2498 1485 approbatio
2529 1400 2613 1466 ad
2637 1401 2788 1484 Epi-

553 1530 842 1595 scopum.
902 1513 1132 1594 Quoad
1196 1517 1626 1582 remotionem
1691 1525 1911 1582 autem
1935 1565 1950 1594 ‚
2022 1517 2453 1582 communiter
2517 1514 2789 1580 tradunt

552 1626 860 1693 doctores
899 1648 1042 1694 eam
1085 1628 1230 1695 fieri
1273 1649 1461 1714 posse
1505 1651 1543 1696 a
1597 1633 1883 1715 capitulo
1918 1635 2016 1696 Ad
2045 1641 2303 1696 nutum:
2352 1631 2431 1696 ab
2470 1632 2785 1715 Episcopo

552 1750 772 1809 autem
827 1746 1079 1810 nonnisi
1126 1766 1204 1808 ex
1249 1766 1460 1823 causa,
1498 1747 1585 1812 ob
1622 1766 1819 1831 quam
1863 1747 2138 1833 (etiamsi
2189 1747 2412 1813 forent
2458 1745 2781 1831 perpetui)

553 1858 874 1926 beneficio
929 1861 1175 1943 privari
1232 1869 1518 1945 possent.
1565 1863 1723 1942 Quae
1773 1864 1984 1934 omnia
2034 1860 2121 1928 de
2163 1862 2681 1929 vicariis—curatis
2720 1863 2786 1926 in

551 1977 836 2044 decursu
866 1982 1186 2042 tractatus
1221 1980 1294 2040 de
1330 1979 1604 2041 Par-ocho
1636 1979 2073 2062 exposuimus.
2113 1978 2239 2043 Eos
2266 1977 2439 2043 enim
2483 1984 2787 2061 tanquam

557 2093 833 2177 aliquam
887 2092 1318 2175 parochorum
1366 2094 1651 2177 speciem
1704 2092 2041 2160 habendos
2096 2093 2566 2178 reputavimus.
2597 2090 2786 2157 Unde

555 2208 658 2273 hic
699 2208 855 2273 nihil
885 2214 1184 2275 remanet
1215 2207 1300 2275 de
1336 2210 1493 2293 ipsis
1525 2207 1983 2293 adjiciendum.

640 2328 912 2389 Secunda
945 2324 1337 2394 vicariorum
1385 2323 1854 2409 parochialium
1902 2324 2176 2408 specieS,
2217 2342 2449 2389 eorum
2498 2330 2597 2389 est
2645 2322 2784 2405 qui,

551 2449 823 2508 vacante
865 2441 1202 2526 parochia,
1239 2441 1346 2506 vel
1398 2441 1668 2507 absente
1716 2441 2030 2526 parochO,
2068 2438 2152 2506 ad
2203 2439 2557 2525 regendam
2605 2457 2792 2523 paro-

554 2558 760 2622 chiam
818 2556 1248 2641 deputantur,
1294 2554 1507 2623 donec
1563 2557 1665 2622 vel
1717 2566 2094 2623 revertatur
2137 2556 2504 2655 ‚parochuffi
2546 2554 2651 2621 vel
2701 2554 2788 2620 de

553 2693 722 2739 novo
753 2683 1012 2740 rectore
1045 2673 1497 2758 provideatur.
1526 2674 1610 2738 Et
1647 2673 1711 2737 hi
1740 2672 2023 2758 quodam
2061 2674 2370 2739 strictiori
2398 2691 2591 2737 sensu
2623 2672 2793 2736 vica-

553 2793 633 2856 rii
668 2791 1068 2875 parochiales
1115 2789 1248 2855 dici
1297 2798 1570 2873 possunt
1606 2812 1620 2854 :
1666 2809 1824 2855 vere
1870 2790 2040 2856 enim
2083 2798 2287 2874 agunt
2318 2797 2471 2853 vices
2509 2788 2794 2853 absentis

556 2907 821 2993 parochi
853 2927 865 2969 ε
908 2912 1190 2990 suntque
1229 2904 1579 2988 diligenter
1607 2904 2053 2989 distinguendi
2091 2926 2129 2970 a
2163 2905 2416 2971 vicariis
2457 2906 2567 2989 qui
2608 2921 2795 2987 paro-

556 3025 775 3101 chum,
801 3024 868 3087 in
885 3021 1187 3105 parochia
1213 3019 1562 3105 degentem
1584 3030 1653 3087 et
1677 3041 1822 3087 eam
1842 3020 2427 3099 administrantem,
2447 3020 2785 3105 adjuvant.

558 3139 831 3222 Quando
862 3140 1356 3206 constituuntur
1386 3140 1453 3203 in
1485 3138 1789 3222 parochia
1819 3146 2116 3215 vacante,
2152 3139 2360 3205 donec
2398 3157 2607 3203 novus
2635 3155 2791 3202 con-

556 3259 823 3323 stitutus
851 3256 1053 3321 fuerit
1085 3254 1438 3339 parochuS,
1477 3264 1799 3321 vocantur
1831 3257 2024 3321 etiam
2054 3273 2346 3339 persaepe
2371 3260 2671 3318 oeconomi.

654 3378 858 3437 Tertia
889 3372 1138 3456 species
1168 3377 1269 3437 est
1303 3372 1432 3450 illa,
1468 3389 1660 3455 quam
1694 3370 1891 3437 modo
1917 3372 2453 3448 memoravimuS,
2478 3368 2795 3454 adjuvan-

558 3491 722 3555 tium
755 3507 990 3571 nempe
1019 3488 1325 3572 parocho,
1379 3488 1444 3551 in
1476 3487 1782 3570 parochia
1815 3505 1929 3552 sua
1967 3485 2283 3551 residenti
2321 3493 2390 3550 et
2419 3504 2561 3550 eam
2596 3483 2796 3549 admi-

561 3605 893 3687 nistranti;
948 3612 1016 3669 ct
1070 3606 1281 3671 solent
1323 3603 1523 3668 ctiam
1568 3600 2099 3685 cappellanorum
2142 3602 2400 3667 nomiue
2442 3598 2788 3683 designari.

653 3723 751 3785 De
786 3719 1043 3785 duobus
1070 3720 1314 3785 ultimis
1341 3717 1687 3783 dumtaxat
1719 3717 2059 3801 speciebus
2104 3717 2292 3783 nobis
2329 3717 2433 3781 hic
2471 3713 2799 3800 agendum

560 3843 660 3902 cst
694 3836 815 3902 sub
849 3836 1273 3921 sequentibus
1303 3833 1746 3918 paragraphis.
