3146 4973
1201 396 1362 447 rARs
1404 395 1635 446 mum.
2449 377 2536 442 69

315 519 482 598 leau,
516 527 585 586 et
622 527 696 586 ut
723 539 853 587 uno
889 521 1094 588 verbo
1120 540 1229 589 res
1255 520 1668 608 expediatur,
1697 522 2008 606 praecipui
2037 520 2278 606 quique
2314 522 2536 586 Janse-

313 636 514 701 nistae.
536 634 806 704 Edenda
829 637 999 704 libro
1036 638 1141 704 cui
1171 639 1402 706 titulus
1429 644 1651 704 Petrus
1668 640 1949 703 Aurelius
1965 637 2254 724 (anctore
2275 636 2536 702 Duver-

310 770 443 836 ger,
461 753 665 818 sancti
690 753 988 838 Cygirani
1018 754 1306 841 abbate),
1334 775 1564 822 manns
1591 754 1881 821 admovit
1905 752 2229 838 Sorbona;
2256 770 2534 839 cumque

308 887 529 935 rursus
545 869 809 935 Parisiis
826 870 1001 955 typis
1023 869 1368 938 mandatus
1393 878 1494 938 est
1515 876 1885 955 Anqustinus
1901 869 2204 947 Jansenii‚
2224 869 2534 953 inscripta

302 993 398 1051 est
421 983 764 1052 doctorum
785 986 1087 1053 Sorbonae
1107 986 1512 1071 approbatio.
1536 986 1921 1054 Scandalum
1942 994 2161 1052 autem
2181 984 2534 1069 complevit

300 1100 610 1181 Sorbona,
647 1121 816 1168 anno
871 1103 1064 1182 1740,
1098 1110 1248 1169 actu
1286 1103 1729 1189 schismatico;
1783 1099 2252 1168 subscribendo
2295 1116 2531 1184 nempe

301 1215 605 1285 damnato
646 1217 893 1303 scripto
933 1220 1478 1300 Jansenistarnm,
1527 1221 1647 1306 qui
1693 1219 1816 1285 sub
1868 1219 2125 1285 nomine
2175 1235 2348 1279 casus
2392 1235 2533 1279 con·

297 1340 561 1398 scientim
586 1338 813 1399 notum
849 1335 1179 1401 remansit.
1210 1334 1393 1401 Anno
1433 1337 1600 1401 1763
1639 1333 2115 1401 schismaticum
2140 1330 2532 1398 conciliabu-

292 1449 417 1514 lum
434 1446 918 1533 Ultrajectense
941 1448 1349 1533 approbavit.
1373 1451 1464 1515 Eo
1487 1448 1849 1515 devenerat
1873 1446 2183 1527 Sorbona,
2209 1452 2286 1511 ut
2310 1446 2527 1511 Galliae

291 1563 621 1649 Episcopis
648 1562 778 1650 jam
803 1569 1106 1647 suspecta
1132 1563 1326 1644 foret,
1355 1566 1468 1651 qui
1497 1565 1770 1632 clericos
1795 1584 1947 1632 suos
1969 1581 2112 1629 eam
2141 1560 2326 1628 adire
2348 1561 2530 1628 scho-

289 1682 407 1747 lam
447 1700 587 1746 non
621 1681 939 1747 sinebant.

371 1800 691 1863 Fatemnr
731 1816 909 1881 ergo,
951 1796 1385 1881 parochorum
1430 1815 1468 1864 a
1509 1800 1593 1863 72
1647 1796 1980 1883 discipulis
2031 1795 2520 1872 derivationem,

286 1911 799 1998 eorumdemque
867 1911 1153 1977 divinam
1215 1913 1693 1979 institutionem
1714 1961 1730 1991 ‚
1796 1932 1832 1978 a
1897 1911 2117 1977 multis
2172 1910 2527 1977 sorbonicis

289 2029 691 2107 doctoribus,
734 2029 863 2097 imo
900 2029 1260 2112 generatim
1301 2049 1339 2095 a
1377 2028 1665 2095 Sorbona
1702 2029 1979 2113 reperiri
2016 2034 2325 2093 assertam
2367 2047 2381 2089 ε
2427 2034 2518 2103 at,

291 2146 622 2231 perpensis
653 2162 795 2230 quae
829 2144 1278 2229 praemisimus,
1318 2146 1782 2213 auctoritatem
1818 2142 2139 2231 ejusmodi
2175 2161 2297 2227 pro
2324 2140 2524 2230 „nulla

292 2281 424 2329 esse
444 2259 818 2329 habendam
856 2260 1317 2327 existimamus.

1332 2511 1447 2575 ΙΙΙ.

463 2732 637 2798 Neque
653 2732 838 2782 merito
855 2729 1163 2795 objiceretur
1180 2731 1410 2783 Ioannis
1431 2730 1651 2796 Major-is
1668 2738 1714 2783 οε
1733 2733 1986 2783 Invenisti
2011 2734 2323 2784 auctoritas.

370 2963 422 3027 1.
455 2962 652 3029 Nulla
691 2967 872 3027 certe
908 2961 976 3025 in
1018 2959 1137 3025 hac
1168 2960 1520 3045 quaestione
1567 2957 1991 3027 concedenda
2020 2959 2253 3026 Joanni
2293 2961 2519 3046 Majori

286 3078 658 3145 auctoritas.
709 3077 858 3159 Ipse
898 3072 1164 3159 quidem
1215 3071 1505 3139 divinam
1558 3071 1995 3156 parochorum
2051 3074 2521 3141 institutionem

286 3192 541 3259 fortiter
596 3192 876 3257 asserit:
935 3190 1064 3255 imo
1111 3187 1448 3274 subjungit
1492 3209 1508 3253 :
1564 3193 1729 3253 Licet
1775 3193 1995 3253 Petrus
2062 3192 2421 3255 Paludamcs
2460 3200 2520 3253 et

286 3314 538 3374 loannes
572 3311 652 3373 de
699 3311 1150 3372 zur-recreatam
1194 3293 1430 3370 tae'meant
1461 3310 1798 3387 oppositum
1833 3325 1855 3367 .·
1893 3307 1999 3369 sed
2035 3306 2141 3368 Ιιοσ
2187 3310 2345 3388 quod
2399 3314 2518 3390 ipsi

291 3431 504 3503 tenent,
537 3427 772 3486 censuit
805 3426 873 3485 in
898 3422 1021 3500 fide
1055 3422 1328 3484 hoeresim
1361 3422 1627 3501 facultas
1655 3427 1887 3483 nostra.
1939 3418 2183 3486 Atvero
2242 3423 2519 3487 Joannes

292 3538 506 3623 Major,
565 3537 682 3624 qni
722 3555 890 3604 anno
952 3537 1118 3602 1506
1159 3533 1392 3603 doctor
1429 3535 1806 3602 sorbonicus
1863 3544 2122 3602 creatus
2167 3543 2300 3615 est,
2352 3537 2519 3603 infc-

289 3659 483 3732 ctam,
540 3671 739 3738 quam
799 3671 838 3716 a
888 3659 1069 3718 coetu
1116 3650 1458 3717 sorbonico
1502 3658 1847 3736 acceperat
1899 3650 2258 3718 doctrinam
2302 3659 2518 3718 trans·

291 3768 581 3835 mittebat
624 3788 640 3833 ε
699 3765 1100 3853 rejiciendus
1136 3775 1207 3833 et
1255 3768 1413 3852 ipse,
1454 3766 1510 3833 si
1546 3765 1903 3853 rejicienda
1961 3769 2321 3852 generatim
2367 3769 2515 3835 Sor-

292 3881 466 3950 bonae
519 3885 893 3950 auctoritas.
937 3880 1132 3963 Quod
1177 3889 1397 3948 autem
1451 3881 1770 3966 parochos
1816 3881 2237 3948 institutionis
2276 3881 2511 3949 divinae

293 4015 413 4062 non
443 4017 586 4065 esse
625 3997 914 4065 Sorbona
946 4003 1245 4062 censum-it
1282 3997 1576 4076 haeresim,
1603 3994 1696 4076 id,
1729 3996 1783 4061 si
1816 4015 2045 4063 verum
2073 3998 2178 4076 sit,
2214 3998 2511 4083 perbelle

296 4113 518 4194 probat
551 4121 869 4199 qnantum
906 4111 1127 4198 (prout
1146 4113 1214 4178 in
1235 4111 1459 4179 multis
1495 4109 1655 4197 aliis)
1678 4111 1743 4177 in
1772 4110 1893 4177 hac
1923 4113 2116 4178 ctiam
2154 4114 2506 4199 quoestione

296 4245 331 4292 a
353 4236 532 4294 recto
557 4229 819 4295 tramite
852 4226 1220 4294 errabunda
1253 4225 1626 4293 deflexerit.

378 4342 461 4407 ΙΙ.
495 4341 868 4430 Rejicienda
907 4344 1175 4429 insuper
1199 4342 1500 4410 Juveniui
1527 4343 1899 4409 auctoritas.
1938 4343 2146 4426 Ipsius
2192 4346 2362 4410 enim
2408 4351 2504 4408 in-

302 4463 631 4523 stitutiones
663 4460 1019 4543 theoloqicas
1055 4461 1141 4524 acl
1157 4477 1332 4523 usum
1353 4461 1811 4524 summariorum
1838 4457 2231 4526 damnarunt
2263 4458 2508 4526 Carnu-
