3146 4973
1194 410 1351 456 mus
1400 408 1684 468 oman.
2411 389 2541 458 495

407 532 535 598 sed
567 540 723 598 tunc
754 532 980 617 nequit
1012 531 1330 614 parochus
1364 531 1717 617 quidquam
1755 530 2109 595 functionis
2138 532 2396 614 exequi,
2427 531 2546 595 sed

320 648 525 713 solum
556 650 893 712 interesse.
933 646 1230 734 (Ibidem,
1267 666 1331 711 n.
1364 643 1591 728 2239.)

1372 898 1487 960 Ill.

517 1110 616 1160 Jun
644 1109 869 1174 parochi
902 1109 1079 1174 quoad
1102 1108 1407 1159 mumdum
1440 1110 1499 1158 in
1531 1108 1783 1160 ducendis
1808 1109 2083 1174 fumi-thus
2118 1123 2342 1162 crucem.

420 1345 475 1403 1.
520 1340 718 1404 Unica
764 1346 1018 1404 tantum
1066 1357 1231 1402 crux
1269 1339 1337 1402 iu
1381 1337 1685 1404 ducendo
1736 1338 1964 1405 funere
2001 1341 2241 1405 elevari
2293 1347 2544 1424 potest;

318 1463 547 1539 estque
588 1455 724 1520 haec
762 1455 1278 1542 regula-omnino
1306 1461 1506 1530 certa,
1550 1462 1624 1519 ut
1652 1474 1735 1519 ex
1775 1453 1969 1520 modo
2001 1454 2408 1521 adducendis
2435 1454 2551 1520 de-

320 1571 669 1637 cisionibus
694 1571 965 1654 patebit.

410 1690 472 1750 2.
509 1686 782 1767 Quando
817 1686 1033 1751 funeri
1065 1687 1417 1751 intervenit
1447 1685 1822 1751 cathedrale
1854 1687 2235 1768 capitulum,
2274 1706 2401 1752 non
2429 1687 2551 1752 alia

326 1821 485 1868 crux
512 1801 874 1868 deferenda
903 1809 1002 1867 est
1026 1820 1223 1886 quam
1245 1802 1533 1885 capituli.
1566 1801 1781 1887 (Sacra
1810 1804 2236 1886 congregatio
2257 1803 2546 1884 Rituum,

322 1916 499 2000 apud
526 1916 898 1994 Gardellini,
935 1937 1000 1980 n.
1030 1916 1259 2001 2424.)

412 2037 477 2098 3.
511 2029 1069 2115 Idemprocedere
1111 2031 1333 2116 quoad
1364 2033 1705 2117 collegiale
1743 2033 2123 2117 capitulum,
2155 2036 2450 2119 sequitur
2474 2055 2556 2101 ex

323 2146 760 2211 declaratione
790 2150 851 2210 in
897 2165 1087 2211 causa
1123 2147 1669 2230 Balneoregiensi,
1721 2152 1789 2212 11
1845 2149 2065 2231 aprilis
2113 2150 2304 2214 1840.
2339 2147 2554 2236 (Apud

327 2260 702 2340 Gardellini‚
744 2284 808 2327 n.
853 2262 1079 2347 4730.)
1114 2262 1215 2327 lbi
1231 2265 1401 2326 enim
1434 2262 1675 2328 dicitur
1704 2263 2050 2329 elationem
2078 2265 2290 2329 crucis
2325 2264 2555 2330 deberi

328 2380 605 2441 Ecclesioe
638 2382 719 2442 ad
752 2399 931 2460 qnam
960 2382 1277 2459 defunctus
1307 2383 1600 2460 defertur,
1638 2387 1733 2443 uti
1750 2383 1986 2461 pluries
2020 2384 2318 2444 decretum
2345 2385 2549 2460 fuit...

324 2498 400 2557 Si
419 2516 557 2557 vero
574 2502 815 2559 intersit
836 2499 1166 2577 colleqiatoe
1194 2499 1549 2578 capitulum,
1584 2498 1720 2559 kuic
1750 2500 1995 2561 debetur
2027 2502 2306 2579 proelatio
2333 2505 2548 2577 crucis,

310 2618 505 2694 juxta
530 2615 802 2693 yerwralc
822 2616 1121 2676 decretum
1151 2614 1276 2675 dici
1306 2614 1345 2676 2
1369 2614 1524 2694 julii
1550 2614 1706 2677 1661
1732 2662 1744 2676 .
1786 2612 2110 2678 Generale
2143 2612 2306 2679 illud
2327 2612 2558 2679 decre-

326 2735 469 2791 tum
500 2727 794 2810 reperies
829 2726 1005 2810 apud
1037 2727 1418 2805 Gardellini,
1456 2727 1580 2793 sub
1625 2748 1687 2792 ιι.
1735 2732 1930 2795 1956.

419 2844 483 2908 4.
515 2844 804 2926 Excepto
842 2841 1155 2927 praedicto
1183 2863 1337 2908 casu
1369 2846 1866 2909 intervenientis
1898 2845 2286 2912 cathedralis
2309 2846 2408 2911 vel
2436 2846 2566 2910 col-

328 2960 572 3042 legialis
597 2960 882 3043 capituli,
915 2959 1159 3025 elevari
1189 2980 1449 3042 semper
1482 2959 1684 3025 debet
1711 2982 1865 3023 crux
1887 2965 2142 3025 ecclesiae
2170 2967 2550 3040 cumulantis,

328 3073 400 3138 id
429 3083 530 3139 est
558 3075 643 3140 ad
670 3094 860 3159 quam
901 3073 1181 3141 cadaver
1226 3075 1546 3152 defertur,
1592 3083 1660 3139 et
1693 3077 1757 3140 in
1783 3094 1909 3160 qua
1944 3076 2393 3159 sepeliendum
2431 3086 2552 3142 est.

330 3191 596 3256 Constat
620 3191 756 3258 haec
781 3192 1031 3274 regula,
1055 3199 1196 3256 tum
1220 3189 1652 3256 decisionibus
1685 3190 1861 3274 apud
1895 3191 2258 3256 Gardellini
2298 3193 2419 3257 sub
2452 3211 2562 3255 nu-

332 3307 528 3371 meris
564 3308 719 3385 684,
745 3308 942 3384 2694,
970 3308 1135 3371 4061
1168 3307 1411 3389 positiS,
1440 3314 1582 3371 tum
1610 3306 1750 3371 aliis
1786 3304 1957 3370 infra
1993 3305 2375 3371 indicandis.

431 3426 491 3487 5.
520 3424 684 3488 Hinc
708 3423 762 3487 si
788 3424 978 3486 unius
1014 3422 1332 3505 parochioe
1366 3420 1718 3487 defunctus
1745 3422 1809 3486 in
1841 3422 1961 3486 alia
1991 3420 2335 3506 parochiali
2364 3423 2566 3488 eccle-

334 3542 427 3605 sia
470 3537 885 3624 sepeliendus
920 3537 1024 3615 sit,
1055 3537 1247 3621 hujus
1276 3538 1676 3621 posterioriS,
1715 3556 1844 3604 non
1880 3545 2102 3603 autem
2133 3539 2410 3621 propriae
2449 3538 2566 3605 de-

337 3655 545 3720 functi
574 3655 887 3737 parochiae
923 3673 1086 3718 crux
1117 3652 1364 3718 elevari
1400 3652 1623 3718 debet.
1673 3652 1751 3717 Id
1791 3672 2102 3736 expresse
2145 3653 2438 3719 decisum
2465 3664 2566 3720 est

336 3774 402 3836 in
425 3774 763 3846 sabinensi,
807 3774 883 3835 12
917 3768 1293 3835 novembris
1342 3770 1532 3834 1831.
1575 3767 1793 3854 (Apud
1817 3768 2200 3846 Gardellini‚
2228 3790 2296 3836 n.
2332 3769 2561 3854 4524.)

341 3886 499 3952 Orta
538 3906 772 3971 nempe
821 3887 940 3951 hac
974 3884 1059 3951 de
1099 3904 1172 3949 re
1217 3884 1633 3949 contentione
1677 3884 1849 3948 inter
1887 3884 2292 3965 collegiatam
2318 3884 2565 3949 Sanctae

344 4003 552 4067 Mariae
591 4001 982 4085 Magdalenae
1030 4002 1194 4087 (quae
1246 3999 1584 4082 collegiata
1627 3998 1903 4063 ecclesia
1955 3998 2147 4063 simul
2189 3998 2569 4082 parochialis

343 4114 534 4198 erat),
586 4123 654 4180 et
683 4116 956 4180 alteram
1001 4114 1394 4197 parochiam,
1444 4113 1659 4177 Sancti
1697 4113 1920 4177 Hilarii
1969 4119 2431 4197 nuncupatam,
2482 4114 2568 4180 ad

344 4230 619 4296 dubium
649 4251 661 4295 :
698 4234 792 4293 An
827 4238 885 4293 et
938 4235 1036 4294 cui
1070 4236 1361 4312 competat
1409 4231 1665 4291 elevatio
1717 4232 1952 4291 crucis?
1979 4230 2380 4312 Responsum
2411 4236 2510 4294 est
2548 4254 2561 4294 :

341 4350 557 4411 Crucis
585 4348 968 4408 elevationem
1003 4351 1325 4428 competere
1352 4346 1436 4407 ad
1463 4344 1771 4406 eeclesiam
1813 4346 2218 4425 parochialem
2263 4346 2567 4407 tumulan-

342 4475 459 4529 tem
510 4486 529 4526 .·
576 4484 780 4545 nempe
821 4469 875 4526 si
914 4466 1210 4528 cadavera
1276 4464 1629 4541 deferantur
1683 4463 1765 4522 ad
1821 4463 2122 4522 ecclesiam
2189 4461 2567 4539 coaequatam
