3146 4973
1209 403 1372 450 »aas
1417 402 1643 451 raim.
2460 390 2544 451 95

281 521 623 591 exclusive
665 525 1075 609 raepicimus,
1111 531 1182 591 et
1210 532 1504 593 tacemus
1556 524 1642 592 de
1684 524 2012 591 canonicis
2039 525 2177 590 sive
2207 523 2549 592 cathedra·

279 636 451 703 libus
505 641 848 725 capitulis.
914 641 1095 706 Licet
1141 642 1314 707 enim
1367 642 1827 708 canonicorum
1884 642 2168 726 capitula
2216 642 2549 709 multoties

285 756 482 820 etiam
497 754 586 820 ad
612 754 918 823 indebita
941 775 1085 823 sese
1111 756 1471 835 erexerint,
1510 765 1582 823 et
1602 757 1915 847 molestiis
1933 757 2285 843 Episcopus
2306 757 2547 842 injuste

286 871 778 955 exagitaverint
819 873 919 959 (ut
958 882 1380 940 monumenta
1424 879 1754 939 testantur
1800 872 2156 957 historica),
2213 892 2544 958 nunquam

288 994 510 1052 tamen
541 988 722 1054 serio
744 986 992 1073 jurium
1027 1008 1294 1059 suorum
1328 1010 1414 1055 ex
1437 990 1844 1054 institutione
1862 988 2085 1054 divina
2115 989 2322 1055 ullum
2347 989 2545 1055 aedifi·

287 1103 458 1168 cium
493 1111 1010 1189 exstruxerunt3
1046 1103 1167 1172 sed
1191 1112 1330 1171 tota
1354 1106 1629 1191 quoestio
1652 1106 1718 1169 in
1748 1105 1942 1169 variis
1973 1122 2204 1170 eorum
2230 1122 2381 1170 cum
2404 1105 2546 1190 Epi·

285 1220 502 1302 scopis
527 1207 1117 1302 disceptationibus
1143 1220 1533 1287 versabatur
1558 1220 1737 1285 circa
1759 1218 1932 1304 jura,
1966 1220 2243 1304 positive
2276 1220 2432 1303 ipsis
2460 1220 2544 1285 ab

288 1332 578 1398 Ecclesia
624 1352 974 1417 concessa3
1025 1337 1416 1402 auctoritate
1454 1336 1647 1423 proin
1678 1334 2119 1400 ecclesiastica
2150 1335 2544 1401 revocabilis

292 1453 361 1511 et
396 1447 758 1515 mutabilia.
803 1447 995 1515 Unde
1032 1467 1155 1533 per
1180 1451 1478 1515 minimos
1522 1448 1610 1515 ad
1648 1449 1883 1516 Sedem
1913 1449 2354 1533 Apostolicam
2390 1470 2545 1516 con·

290 1564 792 1647 gregationesve
821 1582 1119 1630 romanas
1146 1583 1452 1635 recursus
1488 1563 1808 1650 ejusmodi
1839 1566 2299 1631 controversia
2335 1564 2545 1631 effica-

291 1681 454 1746 citer
490 1678 747 1747 definiri
784 1688 857 1747 et
884 1683 1098 1766 pacari
1127 1690 1419 1766 possunt.
1465 1685 1714 1748 Verum
1755 1682 2018 1768 quidem
2067 1691 2192 1762 est,
2222 1685 2291 1748 in
2336 1684 2542 1750 Gallia

294 1798 633 1864 canonicos
670 1795 1068 1883 quandoque
1100 1799 1478 1865 sustinuisse
1504 1798 1657 1883 jura
1686 1799 1809 1865 sibi
1831 1818 1916 1864 ex
1954 1800 2170 1865 veteri
2204 1808 2543 1866 consuetu·

296 1911 444 1978 dine
487 1913 770 1991 firmata,
803 1933 936 1978 non
962 1934 1173 1998 posse,
1212 1915 1411 1980 etiam
1439 1932 1561 1999 per
1602 1914 1836 1980 Sedem
1861 1914 2298 1998 Apostolicam
2338 1918 2543 1981 conci·

295 2026 535 2094 liamve
556 2030 1040 2094 oecumenicum
1051 2029 1192 2096 tolli
1211 2052 1227 2113 ;
1259 2036 1459 2113 atque
1480 2029 1632 2095 ideo
1656 2030 1799 2095 ausi
1816 2038 1970 2095 sunt
1993 2030 2251 2095 concilii
2269 2028 2542 2094 Triden-

297 2143 413 2208 tini
431 2145 804 2228 receptioni
823 2145 910 2230 (in
930 2146 1320 2211 contrariam
1349 2144 1798 2210 adnitentibus
1816 2142 2171 2229 Episcopis)
2194 2144 2536 2220 obsistere,

297 2268 361 2324 et
388 2278 732 2326 recursum
764 2260 851 2326 ad
881 2261 1277 2345 pai-lamenta
1309 2261 1629 2343 minitari3
1667 2268 1900 2326 atvero
1928 2261 2019 2325 ita
2046 2259 2414 2343 arguebant
2456 2279 2539 2325 ex

300 2375 551 2443 funesto
599 2377 1024 2460 gallicanismi
1076 2378 1415 2461 principio,
1470 2397 1591 2441 non
1640 2397 1818 2459 posse
1868 2379 2275 2458 Apostolicam
2327 2378 2542 2441 Sodem

295 2498 779 2556 oecumenicamvc
815 2496 1106 2575 synodum
1154 2501 1471 2575 antiquam
1526 2496 1786 2575 alicujus
1832 2499 2093 2575 reqionis
2148 2494 2539 2574 disciplinam

295 2613 635 2686 immutare,
665 2614 793 2672 nisi
814 2614 1210 2672 mutationem
1228 2612 1673 2691 acceptantibus
1697 2611 1870 2671 illius
1907 2614 2168 2689 reqionis
2206 2611 2491 2671 Ecclesia
2512 2633 2540 2686 ,-

293 2731 347 2785 et
391 2727 469 2786 ab
512 2727 704 2787 abusu
758 2726 1169 2788 ecclesiasticen
1208 2733 1535 2806 potestatis
1577 2728 1841 2807 leqicime
1888 2725 2028 2803 fieri
2071 2728 2156 2788 ad
2195 2729 2535 2806 principem

297 2841 681 2921 temporalem
726 2860 1055 2904 recursum.
1115 2839 1515 2925 Principium
1562 2838 1750 2918 illud,
1809 2838 1987 2925 quod
2034 2847 2194 2904 tunc
2233 2839 2543 2921 temporis

291 2954 659 3020 tuebantur
690 2954 1015 3039 Episcopi,
1054 2953 1173 3019 sibi
1209 2955 1420 3038 logice
1459 2954 1875 3039 applicabant
1916 2949 2314 3019 cathedralia
2364 2954 2539 3035 capi-

288 3072 451 3137 tula.
504 3073 668 3137 Iura
707 3079 929 3136 autem
985 3090 1105 3136 sua
1153 3090 1238 3136 ex
1277 3070 1679 3135 institutione
1715 3069 1933 3134 divina
1969 3069 2091 3134 sibi
2132 3076 2535 3151 competere,

287 3207 568 3272 esseque
596 3207 634 3252 a
666 3186 922 3253 Christo
969 3185 1470 3252 immutabiliter
1501 3184 1747 3250 tradita
1776 3204 1904 3250 non
1933 3182 2287 3268 jactabant.
2326 3183 2536 3248 Hodie

288 3323 454 3370 vero
485 3304 554 3368 in
587 3303 817 3383 Gallia,
862 3321 1010 3368 cum
1042 3301 1339 3368 Ecclesia}
1364 3317 1590 3365 omnes
1628 3299 1913 3364 recentis
1940 3299 2071 3363 sint
2090 3298 2442 3364 erectionis
2473 3304 2543 3362 et

287 3419 664 3498 creationis,
696 3419 941 3486 nullam
961 3419 1242 3502 allegare
1265 3424 1536 3501 possunt
1557 3415 1838 3480 canocici
1860 3415 2191 3499 antiquam
2223 3421 2294 3479 et
2310 3414 2539 3478 imme-

290 3536 680 3603 morabilem
723 3533 1302 3616 consuetudinem3
1355 3539 1444 3609 et,
1495 3530 1755 3597 sublato
1801 3528 2223 3614 gallicanismi
2266 3527 2540 3613 praefato

295 3671 548 3730 errore,
568 3652 826 3718 etiamsi
860 3657 1115 3717 exstent
1146 3648 1382 3714 alicubi
1407 3648 1674 3732 antiqua
1703 3652 1774 3712 et
1800 3646 2205 3730 privilegiata
2226 3646 2541 3730 capitulo·

296 3787 438 3834 rum
457 3770 634 3856 jura,
662 3786 1000 3853 nunquam
1025 3765 1360 3850 negabunt
1383 3764 1676 3830 canonici
1698 3783 1775 3829 ea
1797 3781 1986 3847 posse
2011 3782 2048 3830 a
2073 3760 2240 3827 Sede
2264 3762 2535 3845 Aposto-

297 3883 417 3951 lica
448 3884 758 3970 abrogari
798 3890 915 3947 aut
949 3881 1299 3948 moderari.
1325 3881 1466 3945 Non
1499 3882 1672 3944 enim
1717 3897 1785 3943 se
1829 3877 2076 3942 faciunt
2116 3877 2542 3942 institutionis

295 3999 550 4083 divinae,
599 4000 722 4066 sed
758 3997 850 4065 ad
882 4016 1200 4064 summum
1234 3995 1625 4079 apostolicae,
1670 3992 1846 4078 quod
1895 4012 2025 4058 non
2067 3990 2341 4076 impedit
2380 3995 2539 4076 quin

293 4135 515 4184 eorum
553 4117 710 4204 jura
760 4115 893 4179 sint
935 4133 1058 4199 per
1091 4114 1305 4196 legem
1348 4110 1845 4176 ecclesiasticam
1896 4108 2273 4192 variabilia3
2329 4109 2417 4173 ita
2463 4114 2540 4172 ut

291 4238 482 4302 etiam
521 4235 832 4302 absolute
872 4232 1117 4314 possint
1146 4230 1360 4294 omnia
1408 4225 1635 4292 mundi
1675 4226 1953 4309 capitula
2003 4222 2090 4290 de
2121 4223 2339 4290 medio
2369 4223 2530 4304 tolli,

290 4360 416 4420 tota
454 4355 861 4420 remanente
896 4346 1216 4411 essentiali
1254 4342 1552 4410 Ecclesiae
1579 4342 1970 4422 integritate.
