3146 4973
562 348 692 412 390
1235 363 1610 411 mansurus
1657 364 1744 410 nr:
1788 361 2115 411 ranocuo.

567 513 593 545 «ι
618 488 790 566 ,Α...,
832 491 939 556 vel
973 490 1204 558 saltem
1237 487 1495 556 veniret
1522 505 1645 570 per
1675 486 2064 558 sententiam
2096 484 2486 569 privandus..
2506 487 2590 550 Et
2624 486 2789 550 Rota

562 626 596 663 «
634 605 917 686 primum
948 605 1224 682 censuit,
1261 604 1571 672 clericum
1604 601 2178 677 concubinarium,⁸
2198 599 2783 683 etiampublioum,

564 740 597 779 «
628 737 756 784 uon
792 737 930 784 esse
962 720 1103 802 ipso
1137 717 1289 802 jure
1328 717 1660 785 beneficiis
1696 718 2057 800 privatum;
2091 715 2243 800 quia
2287 714 2790 799 nedum.aliquo

566 852 935 917 «expresso
963 832 1112 918 jure
1153 834 1482 918 pontificio
1509 831 1580 899 id
1613 853 1740 900 nou
1776 839 2051 916 apparet
2090 833 2431 906 sancitum,
2470 831 2628 917 quin
2659 831 2792 895 imo

564 973 599 1010 «
631 957 859 1032 aperte
913 949 1174 1016 videtur
1230 951 1657 1016 constitutum
1694 949 2092 1013 contrarium
2144 948 2210 1012 in
2246 949 2458 1030 capite
2491 951 2685 1023 sicut,
2726 955 2794 1012 et

565 1086 598 1125 «
639 1065 706 1128 in
735 1065 947 1147 capite
973 1071 1044 1130 Si
1066 1072 1269 1128 autem
1303 1065 1398 1151 (de
1427 1066 1705 1129 Cohabit.
1746 1066 1890 1127 cler.
1931 1072 1990 1126 et
2021 1060 2226 1145 ωειλ),
2252 1070 2324 1128 et
2354 1062 2631 1129 concilio
2658 1062 2798 1126 Tri-

566 1202 601 1240 «
632 1178 902 1246 dentino
934 1180 1112 1266 (sess.
1159 1183 1265 1256 25,
1311 1200 1371 1246 c.
1417 1178 1546 1263 14);
1584 1178 1824 1264 quibus
1862 1184 2134 1266 cavetur
2181 1179 2451 1245 clericos
2486 1178 2798 1244 concubi-

566 1317 598 1356 «
628 1295 842 1360 narios
868 1297 1051 1379 prius
1083 1315 1223 1362 esse
1254 1296 1636 1372 monendoS‚
1667 1295 1821 1361 inde
1844 1293 2366 1378 suspendendos,
2409 1301 2477 1359 et
2521 1294 2793 1359 tandem

567 1432 599 1469 «
628 1411 838 1476 sinon
877 1409 1259 1493 resipiscant
1291 1431 1329 1474 a
1361 1411 1491 1478 suis
1529 1410 1861 1476 beneficiis
1891 1418 2217 1494 perpetuo
2243 1407 2793 1476 removendos...

566 1548 599 1585 α
630 1525 906 1590 Tametsi
982 1533 1157 1591 esset
1221 1525 1495 1608 probata
1541 1526 1752 1610 aliqua
1819 1526 2290 1592 concubinatus
2347 1524 2579 1590 umbra
2644 1530 2797 1588 ante

569 1663 603 1699 «
629 1641 1014 1708 monitiones
1041 1641 1275 1708 Abbati
1320 1642 1404 1709 ab
1446 1642 1767 1725 Episcopo
1795 1641 2039 1717 factm,
2085 1641 2262 1706 nullo
2303 1648 2523 1706 tamen
2563 1637 2800 1722 proba-

566 1780 599 1817 «
630 1757 824 1822 tionis
854 1776 1095 1840 genere
1119 1756 1507 1835 docebatur,
1538 1757 1861 1826 Abbatem
1893 1765 2037 1840 post
2066 1757 2390 1840 legitimas
2414 1756 2805 1821 monitiones

568 1894 601 1931 «
630 1874 695 1935 in
721 1872 1164 1937 concubinatu
1186 1875 1648 1955 permansisse;
1685 1879 1754 1938 et
1782 1881 2001 1938 tamen
2037 1869 2124 1937 ad
2151 1871 2457 1937 effectum
2489 1870 2804 1954 privatio-

568 2006 601 2045 «
629 1985 727 2049 nis
755 1983 825 2050 id
856 1992 1117 2068 tempus
1145 1990 1287 2048 erat
1322 1984 1828 2067 inspiciendum.
1865 1985 2028 2050 Cum
2058 1984 2233 2050 enim
2280 1981 2365 2050 ob
2409 1983 2804 2050 concubina-

569 2106 775 2163 «tum
821 2119 953 2164 non
1006 2098 1355 2165 inducatur
1417 2101 1560 2182 ipso
1629 2099 1779 2184 jure
1850 2098 2319 2165 beneficiorum
2371 2098 2693 2181 privatio,
2729 2105 2802 2162 ut

570 2237 604 2276 α
635 2234 831 2299 supra
863 2215 1112 2281 dictum
1153 2216 1315 2300 fuit3
1367 2236 1490 2282 uec
1523 2217 1608 2282 sit
1634 2215 2037 2291 inducenda,
2069 2216 2191 2281 nisi
2222 2211 2484 2299 quando
2521 2223 2673 2297 post
2707 2215 2802 2279 ul—

570 2354 602 2392 «
636 2329 823 2395 timas
866 2332 1248 2397 monitiones
1290 2332 1597 2398 indurato
1652 2334 1867 2398 animo
1935 2333 2213 2400 clericus
2264 2333 2332 2396 in
2371 2332 2806 2400 concubinatu

571 2471 604 2508 «
638 2455 1020 2532 perseverat
1046 2468 1062 2531 ;
1095 2446 1181 2513 de
1213 2448 1330 2513 hac
1363 2449 1767 2514 contumacia
1793 2467 1923 2515 non
1959 2447 2320 2526 constabat,
2352 2454 2421 2513 et
2450 2446 2802 2515 verisimile

572 2589 605 2625 «
637 2573 782 2631 erat
802 2563 1122 2630 Abbatem
1161 2563 1243 2629 ab
1266 2564 1728 2631 incontinentia
1760 2571 1906 2647 post
1931 2566 2314 2631 monitiones
2337 2563 2749 2631 abstinuisse.
2773 2588 2801 2623 υ

570 2680 902 2764 (Relatam
954 2680 1017 2742 in
1066 2686 1339 2744 extenso
1391 2679 1682 2761 reperies
1726 2678 1890 2745 hanc
1944 2679 2127 2745 Rotae
2182 2679 2574 2747 decisionem
2625 2677 2805 2763 apud

567 2795 967 2858 Farinacium
992 2839 1008 2870 ,
1050 2798 1351 2872 Responsa
1379 2798 1728 2859 criminalia
1752 2841 1767 2870 ,
1800 2794 1972 2860 libro
2012 2800 2031 2860 1
2068 2842 2084 2873 ,
2123 2795 2386 2865 consilio
2419 2798 2537 2872 80,
2579 2814 2642 2859 n.
2692 2797 2798 2868 51,

570 2907 725 2973 folio
748 2910 876 2973 286
905 2928 943 2973 a
965 2915 1177 2992 terge,
1214 2907 1376 2974 edit.
1416 2910 1705 2975 Venetiis
1740 2910 1962 2995 1606.)

1657 3133 1733 3193 V.

572 3326 794 3378 Plurimi
816 3327 1049 3377 doctores
1076 3329 1355 3376 tenuerunt
1380 3326 1536 3388 plecti
1557 3337 1708 3389 posse
1726 3324 2135 3376 concubinatum
2157 3325 2473 3387 privationis
2489 3337 2663 3386 pona,
2693 3338 2799 3372 non

636 3419 915 3481 praeminis
941 3416 1312 3468 monitionibus
1338 3423 1385 3468 et
1412 3419 1744 3481 suspensione
1762 3433 1783 3474 .·
1813 3420 1971 3468 modo
1998 3422 2210 3478 constet,
2244 3429 2355 3465 non
2383 3420 2594 3465 tantum
2621 3417 2684 3466 de
2709 3429 2799 3465 su-

639 3516 815 3574 smcta
842 3511 1280 3575 frequentatione.
1309 3511 1399 3560 scd
1422 3516 1470 3561 ot
1496 3512 1560 3561 de
1583 3512 1818 3574 patratis
1845 3509 2217 3573 fornicationis
2251 3508 2468 3560 actibus.

664 3713 757 3776 Ex
812 3709 1288 3793 antiquioribus
1338 3729 1572 3794 nempe
1620 3710 2003 3781 doctoribus
2050 3712 2560 3798 quamplurimos
2607 3730 2804 3794 supra

578 3829 667 3914 (n.
710 3823 773 3909 3)
808 3824 1234 3903 adduximuS,
1273 3826 1384 3909 qui
1433 3829 1775 3905 sustinent,
1814 3848 1955 3894 esse
1985 3828 2052 3893 in
2084 3829 2360 3894 arbitrio
2393 3828 2634 3913 judicis
2665 3848 2803 3911 pm-

574 3961 723 4007 nam
768 3942 1144 4025 privationis
1170 3942 1462 4027 infligere
1481 3992 1498 4021 ,
1541 3946 1740 4010 etiam
1777 3946 1864 4010 ob
1893 3944 2251 4027 simplicem
2284 3945 2794 4011 fornicationem.

580 4058 786 4139 Porro
830 4057 895 4123 hi
933 4076 1157 4124 omnes
1187 4079 1223 4123 a
1255 4059 1512 4126 fortiori
1541 4059 1718 4129 idem
1761 4068 1991 4127 tenent
2039 4059 2256 4145 quoad
2299 4060 2797 4126 concubinatum

575 4172 662 4238 de
694 4193 822 4257 quo
850 4174 1129 4256 agimuS,
1168 4194 1315 4239 cum
1344 4177 1398 4240 is
1434 4175 1591 4240 nihil
1628 4174 1807 4241 aliud
1838 4175 1922 4241 sit
1946 4194 2140 4259 quam
2169 4176 2509 4241 fornicatio
2537 4176 2792 4241 iterata.

665 4289 761 4352 Ex
805 4288 1284 4354 recentioribus
1334 4296 1555 4369 autem
1608 4290 1981 4367 canonistis,
2036 4289 2311 4354 vidimus
2349 4288 2605 4376 (eodem
2636 4309 2699 4353 n.
2732 4283 2796 4367 3)

577 4401 901 4487 quomodo
929 4402 1350 4468 Reiffenstuel
1380 4402 1679 4469 eamdem
1716 4403 1952 4469 thesim
1985 4405 2327 4481 sustineat,
2371 4411 2440 4469 et
2477 4399 2795 4488 quomodo
