3146 4973
1186 406 1346 454 rans
1389 406 1617 454 rama,
2430 392 2510 453 97

297 526 616 592 dictitant.
645 526 947 612 Subiecta
967 526 1232 614 quidem
1261 530 1594 615 Episcopis
1624 527 2049 612 parochorum
2079 525 2390 593 divinitus
2420 548 2520 592 ac-

298 649 488 726 cepta
526 644 880 710 auctoritas
913 666 928 708 :
987 650 1056 708 at
1085 644 1257 711 sicut
1283 645 1571 712 Romano
1623 643 1841 710 antisti
1882 641 2217 727 subjectns
2246 646 2517 728 quisque

298 760 671 844 Episcopus,
708 761 835 826 Sua
870 759 1018 844 jura
1047 761 1357 828 divinitus
1395 763 1691 828 instituta
1725 759 2039 827 adversus
2070 762 2314 845 Papam
2347 762 2523 826 tueri

299 871 391 937 fas
436 880 536 938 est
580 874 910 956 Episcopis
949 895 963 938 ε
1027 892 1143 958 par
1183 882 1402 940 autem
1451 875 1878 961 parochorum
1930 893 2087 959 erga
2130 876 2521 959 Episcopum

299 989 604 1056 conditio.
645 993 811 1057 Hinc
850 990 936 1057 ad
964 994 1180 1059 omnia
1206 1012 1322 1058 sua
1348 1010 1624 1058 erronea
1659 999 1730 1057 et
1752 990 2154 1056 schismatica
2190 998 2523 1056 consecta-

295 1107 389 1170 ria
419 1106 595 1173 facili
635 1125 861 1191 gressu
907 1107 1291 1174 decurrunt.
1330 1109 1573 1173 Summi
1605 1126 1765 1191 ergo
1796 1107 2111 1172 momenti
2145 1114 2245 1171 est
2283 1126 2524 1191 propu-

296 1222 644 1304 guaculum
671 1221 849 1288 istud
871 1230 1042 1287 tertii
1078 1227 1312 1287 ordinis
1357 1224 1717 1287 hierarchici
1760 1221 2055 1305 parochis
2086 1221 2385 1287 attributi
2414 1242 2528 1288 ex-

295 1335 607 1419 plodere,
650 1344 719 1403 et
768 1339 1034 1421 speciali
1084 1339 1511 1423 applicatione
1563 1345 2097 1421 argumentorum
2153 1335 2283 1421 jam
2333 1357 2529 1422 supra

298 1453 739 1535 expositorum
799 1453 1059 1536 penitus
1108 1453 1518 1521 subvertere.
1554 1453 1750 1537 Quod
1791 1462 1868 1519 ut
1916 1455 2177 1520 clariori
2219 1452 2530 1519 methodo

297 1576 703 1650 praestemuS,
732 1584 1134 1652 exponemus
1179 1573 1242 1633 1⁰
1275 1569 1510 1654 quibus
1536 1569 1837 1635 formulis
1868 1576 1938 1635 et
1955 1588 2086 1654 quo
2110 1588 2301 1635 sensu
2339 1589 2531 1653 paro-

296 1683 517 1748 chistae
570 1684 839 1749 tertium
877 1682 1249 1749 hierarchiae
1297 1682 1593 1749 ordinem
1644 1684 1709 1747 in
1746 1683 1985 1748 curatis
2024 1685 2526 1768 collocaverint3

298 1799 365 1861 2⁰
400 1796 990 1864 determinabimus
1016 1796 1176 1883 quid
1206 1799 1290 1864 sit
1326 1798 1705 1877 hierarchia,
1735 1808 1804 1865 et
1840 1818 2134 1885 quaenam
2166 1802 2360 1867 variae
2399 1801 2537 1866 hie-

297 1913 568 1978 rarchiae
605 1916 891 1998 species3
941 1919 1011 1981 3⁰
1043 1915 1464 1981 ostendemus
1501 1915 1817 1999 parochos
1865 1915 1952 1981 ad
1988 1916 2238 1981 nulium
2274 1920 2534 1982 omnino

298 2029 678 2098 hierarchiae
708 2030 1004 2097 ordinem
1037 2033 1389 2115 pertinere.

1373 2330 1489 2406 §L

364 2551 556 2607 Quibus
573 2549 784 2598 formulis
803 2557 849 2597 et
883 2561 975 2611 quo
995 2561 1136 2596 sensu
1157 2550 1433 2610 paroehistae
1457 2552 1782 2600 contenderint
1802 2557 1993 2600 curatos
2012 2551 2256 2600 efformare
2283 2552 2466 2600 tertium

920 2641 1193 2690 hierarchiae
1215 2640 1444 2690 divinitus
1461 2643 1683 2692 institutae
1699 2643 1929 2693 ordinem.

393 2873 447 2936 1.
478 2873 650 2951 Quid
695 2876 952 2934 tenzoeric
991 2871 1281 2934 Sor-bona.
1323 2907 1412 2920 --
1451 2871 1829 2935 Doctrinam
1901 2869 1986 2935 de
2041 2869 2236 2936 tertio
2293 2870 2539 2937 hierar-

311 2986 486 3065 chiae,
547 2984 846 3069 parochis
889 2991 1246 3062 constante,
1297 2983 1549 3062 ordine,
1598 2984 1848 3050 solebat
1905 2984 2192 3052 Sorhona
2248 2987 2542 3053 formulis

315 3103 570 3168 omnino
617 3102 861 3185 apertis
914 3099 1280 3183 exprimere
1319 3106 1389 3164 et
1418 3118 1856 3183 propugnare,
1899 3108 1971 3164 ut
2010 3110 2262 3168 constat
2293 3121 2372 3166 ex
2402 3103 2540 3186 plu-

315 3216 490 3282 ribus
515 3215 782 3301 judiciis
831 3215 1139 3280 censoriis
1168 3215 1250 3280 ab
1291 3214 1396 3279 illa
1438 3214 1750 3280 facultate
1788 3215 2060 3298 prolatis
2101 3217 2267 3302 (quoe
2307 3216 2546 3281 videsis

317 3331 487 3414 apud
531 3329 943 3414 d'Argentre,
986 3333 1271 3394 Collectio
1283 3327 1712 3413 judiciorum).
1761 3330 1977 3393 Unum
2027 3337 2142 3394 aut
2170 3330 2448 3396 alterum
2482 3331 2545 3393 in

320 3446 605 3513 medium
657 3445 1082 3513 adducemus.
1137 3445 1318 3512 Anno
1368 3445 1530 3510 1524
1565 3446 1631 3509 in
1668 3445 2158 3511 Dominicanum
2189 3444 2544 3530 quemdam

325 3563 576 3629 nomine
638 3561 956 3627 Combont
980 3608 997 3639 ,
1053 3559 1407 3626 Sorhonam
1461 3559 2032 3639 animadvertisse,
2080 3561 2383 3626 referunt
2426 3560 2548 3627 hoc

329 3675 517 3741 modo
549 3678 691 3760 ipsa
723 3676 1167 3741 universitatis
1195 3675 1571 3740 Parisiensis
1594 3683 1886 3759 regesta:

416 3814 448 3852 α
489 3791 667 3856 Dum
705 3787 1135 3873 responderet
1191 3786 1275 3854 de
1327 3788 1534 3853 aulica
1570 3787 1781 3853 frater
1812 3785 2181 3853 Ludovicus
2232 3789 2550 3855 Combont

337 3925 368 3964 α
405 3903 827 3980 Praedicator,
869 3906 1132 3987 negavit
1184 3909 1254 3966 et
1290 3899 1642 3986 Episcopos
1691 3908 1760 3966 et
1801 3909 2063 3967 curatos
2100 3921 2241 3968 esse
2286 3901 2369 3968 de
2404 3901 2552 3987 jure

338 4040 368 4078 α
402 4017 622 4086 divino
666 4026 735 4085 et
769 4017 1145 4085 immediate
1179 4038 1218 4083 a
1251 4018 1509 4084 Christo
1570 4017 1922 4084 institutos.
1991 4019 2118 4098 Qui
2172 4019 2349 4083 actui
2384 4037 2552 4102 prae-

342 4154 374 4195 ι
413 4142 627 4201 sentes
652 4144 839 4201 erant
870 4135 1179 4218 magistri,
1217 4153 1369 4199 eum
1415 4131 1682 4218 publice
1712 4132 2241 4216 increpaverunt,
2280 4139 2349 4199 et
2370 4152 2553 4200 sacra

349 4268 379 4309 α
417 4245 654 4315 deinde
684 4249 981 4327 facultas,
1025 4268 1099 4314 re
1139 4255 1394 4313 mature
1433 4245 1721 4313 discussa
1760 4245 2058 4330 pluribus
2099 4248 2166 4312 in
2207 4266 2559 4332 congrega-

358 4390 381 4419 ·
418 4365 717 4445 tionibus,
741 4364 934 4451 jussit
966 4372 1044 4432 ut
1074 4362 1585 4430 bacchalaureus
1616 4360 1702 4428 ad
1736 4361 2261 4429 satisfaciendum
2291 4361 2561 4428 scanda-

358 4500 390 4541 ι
418 4481 501 4560 lo,
535 4483 602 4546 in
647 4500 761 4550 sua
801 4482 1138 4550 sorbonica
1176 4487 1623 4566 propugnaret
1654 4479 2020 4546 doctrinam
2067 4481 2301 4564 saepins
2337 4478 2564 4545 defini·

2313 4589 2345 4646 Ἰ
