3146 4973
1249 382 1405 428 mus
1447 382 1706 429 murm.
2464 373 2591 436 397

356 504 710 571 cubinariis
749 501 1164 569 incurrendo.
1215 505 1307 568 En
1355 503 1546 587 hujus
1583 505 1865 570 auctoris
1905 504 2103 570 verba
2144 528 2158 571 ε
2208 529 2240 568 α
2277 506 2596 573 Concubi-

356 645 388 680 «
424 626 633 695 natus,
678 627 1274 702 quantumcumque
1318 619 1731 685 scandalosus
1777 627 1846 685 et
1894 621 2209 698 notorius,
2236 640 2365 687 non
2400 621 2593 687 indn-

359 758 392 796 α
427 737 513 799 cit
553 753 814 818 poenam
852 734 1231 816 privationis
1265 735 1407 818 ipso
1449 733 1598 818 jure
1645 736 1989 821 (intellige,
2030 735 2521 819 praescindendo
2552 757 2589 800 a

357 874 389 911 α
433 858 680 916 statuto
709 851 925 934 aliquo
955 850 1062 915 vel
1097 849 1245 933 jure
1275 850 1619 933 singulari;
1655 869 1806 916 nam
1835 850 1992 917 dum
2033 851 2183 934 jure
2218 851 2433 935 aliquo
2459 854 2587 915 sin·

358 988 389 1026 a
426 966 638 1048 gulari
671 967 762 1030 sic
808 970 1126 1030 statutum
1163 973 1284 1042 est,
1335 974 1410 1031 nt
1452 973 1672 1032 rector
1712 966 1997 1032 ecclesiae
2041 975 2313 1051 propter
2349 986 2584 1032 concu-

353 1098 385 1136 ι(
421 1075 709 1142 binatum
767 1077 906 1158 ipso
950 1074 1098 1158 jure
1152 1075 1507 1142 destitutus
1551 1078 1637 1143 sit
1692 1076 2034 1153 beneficio,
2084 1077 2393 1143 videntur
2429 1078 2581 1143 talia

352 1213 383 1250 «
416 1196 658 1255 statuta
684 1209 799 1256 seu
828 1189 977 1274 jura
1005 1192 1352 1274 singularia
1384 1201 1771 1275 praeservata
1797 1210 1938 1257 esse
1970 1210 2092 1274 per
2127 1190 2576 1257 Tridentinum

346 1332 371 1363 «ι
413 1306 752 1373 decretum
797 1307 1079 1372 sessione
1123 1310 1229 1383 25,
1273 1328 1331 1372 c.
1392 1306 1611 1390 14...);
1669 1307 1785 1374 sed
1817 1327 1895 1373 ea
1926 1313 2027 1372 est
2070 1307 2466 1391 imponibilis
2505 1315 2573 1371 et

346 1445 379 1483 «
416 1421 802 1506 imponenda
860 1440 982 1505 per
1036 1421 1347 1505 judicem.
1378 1447 1411 1484 ›>
1461 1425 1874 1508 (Lem-euius,
1931 1428 2148 1487 Forum
2202 1424 2564 1500 beneficiate,

339 1544 525 1620 parte
547 1541 614 1613 3,
658 1556 723 1620 q.
763 1539 919 1613 216,
967 1556 1030 1600 n.
1068 1536 1159 1617 2.)

1396 1799 1506 1862 lx.

335 2020 411 2069 De
444 2019 846 2084 difficadtatibm
894 2018 1227 2081 praemuium
1277 2022 1569 2079 temporum
1586 2055 1599 2077 ,
1637 2019 1814 2081 quoad
1861 2019 2224 2069 Trideminam
2274 2021 2336 2068 de
2371 2020 2571 2069 clericis

1027 2110 1417 2164 concubinariis
1449 2114 1868 2175 dispositionem.

433 2355 493 2413 1ο
534 2352 837 2422 Sivaleat.
869 2351 1325 2433 interpretatio
1356 2349 1647 2414 Anacleti
1681 2349 2104 2416 Reiffenstuel
2154 2360 2224 2417 ct
2258 2352 2556 2429 aliorum,

336 2481 523 2548 quam
570 2484 765 2548 supra
815 2465 1255 2548 exposuimus,
1316 2467 1379 2529 in
1435 2463 1843 2530 observanda
1885 2465 1991 2530 illa
2037 2466 2561 2534 'tridentinorum

336 2582 601 2648 Patrum
654 2581 1070 2665 dispositione
1116 2583 1288 2647 nulla
1335 2588 1606 2648 oecurct
1660 2580 2028 2648 difficultas,
2076 2584 2332 2649 Etenim
2379 2585 2562 2667 juxta

334 2696 500 2761 illam
540 2699 951 2774 sententiam,
993 2716 1121 2762 non
1168 2698 1737 2781 praercquiruntur
1775 2698 2181 2774 monitiones,
2228 2701 2563 2781 suspensio

331 2822 401 2877 et
430 2813 973 2895 incorrigibilitas,
1022 2814 1140 2877 nisi
1171 2812 1433 2896 quando
1460 2813 1682 2895 agitur
1709 2812 1794 2879 de
1827 2814 2261 2880 concubinatu
2296 2836 2445 2897 pene
2473 2838 2563 2878 oc-

330 2931 509 3003 culto,
566 2927 633 2992 id
684 2935 806 3003 est,
853 2928 939 2993 de
978 2928 1307 3011 frequenti
1359 2947 1505 2991 cum
1557 2938 1859 3010 suspecta
1906 2930 2169 2995 foemina
2220 2950 2564 2996 conversa-

330 3045 502 3110 tione
533 3066 546 3108 :
574 3046 626 3108 si
644 3052 866 3109 autem
892 3044 1148 3108 notorie
1176 3051 1433 3108 constet
1457 3043 1542 3107 de
1571 3051 1822 3124 patrata
1847 3044 2302 3122 fornicatione,
2338 3054 2554 3128 potest

331 3158 710 3225 Ordinarius
739 3157 825 3224 ad
858 3159 1279 3240 privationem
1309 3157 1696 3240 procedere,
1731 3157 2079 3224 indicatam
2113 3181 2149 3225 a
2187 3159 2562 3225 Tridentino

324 3274 769 3357 gradationem
802 3270 1188 3349 omittendo,
1229 3280 1297 3337 et
1339 3289 1745 3356 nequaquam
1785 3272 2191 3356 expectando
2227 3273 2560 3340 fornicarii

329 3390 970 3473 incorrigibilitatem.
1030 3387 1159 3453 Sed
1220 3388 1679 3471 interpretatio
1734 3389 1844 3453 illa
1895 3386 2255 3453 Tridentini
2306 3387 2559 3455 decreti

330 3506 730 3589 aliorumque
756 3505 921 3589 juris
957 3510 1256 3570 textuum
1292 3502 1494 3589 (quod
1526 3522 1761 3586 nempe
1812 3504 1907 3569 illi
1956 3510 2178 3569 textus
2207 3511 2561 3586 expectan-

330 3620 479 3686 dam
510 3621 1137 3704 incorrigibilitatem
1160 3641 1289 3687 non
1322 3620 1768 3703 praescribant,
1807 3622 1928 3685 nisi
1956 3624 2020 3686 in
2055 3640 2207 3686 casu
2240 3626 2556 3703 suspectae

329 3736 910 3821 frequentationis),
946 3757 1069 3804 non
1108 3735 1372 3800 videtur
1405 3737 1492 3799 ita
1525 3737 1813 3817 rigorose
1855 3735 2148 3821 probata,
2193 3743 2267 3800 nt
2297 3744 2559 3802 senten-

328 3854 478 3917 tiam
517 3855 869 3938 oppositam
898 3873 933 3917 a
970 3872 1086 3917 sua
1120 3850 1581 3936 probabilitate
1613 3850 1900 3935 dejiciat.

415 3974 483 4034 2⁰
513 3971 576 4035 Si
612 3989 771 4036 vero
793 3970 1129 4035 contrariae
1158 3967 1495 4031 sententiae
1530 3974 1838 4049 tanquam
1869 3966 2001 4049 juri
2030 3968 2355 4033 communi
2386 3975 2553 4032 stan-

326 4083 478 4150 dum
517 4093 712 4162 esset,
744 4085 1115 4169 gravissima
1157 4080 1491 4149 hodiernis
1527 4082 1936 4165 temporibus
1974 4082 2350 4148 oboriretur
2392 4082 2556 4147 diffi-

330 4201 557 4266 cultaS.
591 4203 819 4266 Casum
844 4218 1185 4283 ponamus,
1218 4198 1400 4263 verbi
1426 4199 1657 4280 gratia,
1701 4196 1977 4281 alicujus
2009 4198 2295 4282 parochi,
2324 4198 2408 4263 dc
2443 4218 2555 4281 pa-

328 4320 512 4381 tratis
558 4317 857 4399 pluribus
899 4314 1435 4379 fornicationibus
1487 4312 1684 4398 (quod
1723 4315 1899 4377 Deus
1954 4313 2229 4397 avertat)
2270 4313 2550 4397 juridice

328 4434 623 4497 convicti.
661 4435 750 4497 Ex
784 4429 1158 4496 Tridentino
1192 4428 1635 4514 dispositione,
1668 4428 1853 4514 juxta
1892 4427 2130 4495 dictam
2161 4430 2558 4512 interpreta-
