3146 4973
553 323 682 392 346
1238 339 1614 388 ‘raso-rarus
1660 339 1748 386 ns
1794 337 2120 388 raaoeno.

558 484 584 518 u
631 478 826 546 quam
864 459 1421 545 extra-judiciales
1444 508 1461 539 ,
1504 461 1760 546 aliaque
1800 459 1871 526 id
1915 478 2120 543 genus
2162 457 2586 537 documenta,
2642 477 2788 545 quae

556 598 589 636 α
623 575 860 650 fraude
894 584 1153 654 vacant,
1201 576 1555 644 exhibeant
1595 599 1612 642 :
1653 576 1959 661 alioqmn,
2002 572 2181 641 dicto
2219 573 2502 641 termino
2536 576 2779 659 elapso,

554 713 587 752 α
620 689 1013 766 documenta
1037 690 1433 776 hujusmodi,
1464 710 1890 776 quaecumque
1908 697 1978 758 et
1996 690 2492 775 qualiacumque
2520 709 2600 756 ea
2627 691 2779 766 sint,

556 827 588 866 «
638 806 1010 878 nullatenus
1043 807 1463 890 recipientur.

644 943 678 982 «
719 920 836 986 111.
865 921 1227 992 Eveniente
1256 920 1364 989 die
1390 938 1766 997 concursus,
1804 940 1842 985 a
1869 919 2260 986 cancellario
2287 918 2636 1002 episcopali
2658 920 2786 986 siu-

559 1056 593 1096 «
632 1035 934 1118 gulorum
973 1037 1231 1114 merita,
1269 1036 1616 1121 qualitates
1657 1041 1726 1101 et
1756 1035 2073 1119 requisita
2111 1034 2208 1120 (ut
2246 1031 2530 1117 vocant),
2571 1035 2787 1100 incor-

554 1171 586 1209 «
630 1157 824 1232 rupta
852 1148 985 1216 fide
1035 1148 1422 1234 deprompta
1449 1168 1485 1213 a
1509 1149 1766 1233 juribus
1796 1158 2093 1232 tempore
2137 1147 2337 1222 habili
2361 1147 2683 1222 exhibitis,
2717 1148 2786 1212 in

557 1286 589 1323 ι(
630 1264 888 1347 scriptis
915 1265 1285 1330 summatim
1314 1263 1703 1347 redigantur
1738 1286 1753 1329 ι
1782 1283 1979 1348 porro
2009 1263 2194 1347 copia
2224 1263 2540 1346 epitomes
2566 1260 2784 1327 trade-

557 1402 588 1438 «
624 1385 740 1444 tur
794 1397 921 1443 non
985 1378 1196 1443 solum
1246 1379 1590 1462 Episcopo,
1623 1378 1731 1444 vel
1771 1378 2019 1444 vicario
2062 1377 2353 1462 generali
2400 1377 2575 1442 vices
2617 1375 2785 1442 illius

559 1515 591 1554 «
624 1494 919 1571 obeunti,
977 1492 1101 1571 sed.
1140 1493 1462 1577 sigillatim
1490 1494 1792 1559 omnibus
1823 1492 2374 1560 examinatoribus
2402 1490 2487 1558 ad
2513 1511 2785 1558 concur-

556 1631 590 1669 «
627 1626 772 1673 sum
819 1607 1117 1686 adscitiS‚
1155 1617 1230 1674 ut
1281 1627 1429 1672 cum
1479 1607 1561 1674 de
1615 1610 1914 1686 seientia,
1948 1615 2090 1673 tum
2127 1603 2213 1673 de
2257 1609 2413 1685 vita,
2451 1607 2773 1682 moribus,

557 1746 590 1784 «
625 1724 896 1810 aliisque
946 1724 1254 1808 regendae
1302 1725 1588 1791 ecclesiae
1634 1725 2008 1790 necessariis
2045 1723 2309 1789 dotibus
2353 1723 2571 1788 ferant
2604 1720 2781 1806 judi-

559 1859 593 1899 «
631 1840 822 1910 cium.

651 1977 683 2014 a
718 1956 829 2020 IV.
859 1956 981 2024 Die
1012 1957 1377 2039 praestituta
1414 1956 1497 2022 ab
1534 1956 1852 2040 Episcopo
1876 1954 2199 2022 habeatur
2227 1972 2602 2032 concursus,
2645 1971 2782 2021 ser·

556 2093 591 2133 α
629 2078 780 2136 vata
808 2079 1114 2142 accurate
1145 2074 1213 2136 in
1257 2072 1557 2144 omnihus
1585 2073 1786 2138 forma
1822 2072 2064 2138 tradita
2095 2073 2164 2136 in
2191 2090 2389 2155 supra
2425 2071 2645 2140 relatis
2676 2069 2783 2136 lit-

556 2209 590 2247 «
622 2187 782 2254 teris
814 2187 901 2273 (l)
933 2208 1102 2254 anno
1146 2191 1302 2254 1721
1359 2187 1580 2268 editis,
1633 2196 1903 2275 totaque
1946 2207 2169 2254 rerum
2211 2189 2279 2252 in
2325 2206 2404 2254 eo
2450 2194 2780 2272 gestarum

555 2325 587 2363 α
623 2304 829 2374 series
872 2304 1129 2388 scriptis
1174 2303 1521 2386 diligenter
1563 2306 1974 2370 enucleetur.
2016 2305 2224 2372 Porro
2276 2304 2778 2379 examinatoreS,

556 2442 587 2478 ιι
624 2417 708 2484 ad
737 2418 1205 2505 assequendam
1235 2427 1479 2486 certam
1509 2426 1579 2486 et
1607 2420 1942 2486 indubiam
1986 2420 2429 2505 conjecturam
2468 2418 2773 2494 scientim,

555 2554 588 2594 a
624 2541 967 2619 postquam
1016 2535 1368 2619 diligenter
1423 2535 1857 2619 expenderint
1911 2537 2315 2620 singulorum
2361 2535 2661 2620 peritiam
2712 2534 2782 2597 iu

554 2671 587 2709 α
625 2649 989 2721 evolvendo
1012 2648 1530 2736 explicandoque
1560 2660 1873 2719 oretenus
1908 2653 2125 2738 aliquo
2164 2652 2617 2719 ecclesiastieae
2656 2648 2778 2716 do·

556 2787 589 2826 c<
622 2765 847 2833 ctriuae
895 2767 1138 2849 capite,
1179 2767 1282 2834 vel
1330 2789 1368 2833 a
1416 2769 1656 2836 sanctis
1706 2767 2001 2851 patribus
2020 2816 2037 2846 ,
2065 2768 2175 2834 vel
2217 2785 2254 2833 a
2289 2786 2472 2832 sacro
2513 2766 2777 2833 concilio

558 2903 591 2941 «
627 2880 1028 2961 Tridentino,
1061 2884 1170 2950 vel
1212 2903 1250 2948 a
1286 2885 1681 2951 catechismo
1728 2902 1993 2952 romano
2037 2890 2373 2967 excerpto,
2404 2904 2479 2949 ac
2512 2884 2653 2965 pari
2689 2881 2780 2948 di-

564 3019 596 3057 «
636 2995 901 3078 ligentia
944 2997 1332 3065 libraverint
1377 3019 1415 3066 a
1460 3000 1755 3084 quolibet
1801 3000 2046 3082 scripto
2099 2998 2284 3065 datas
2331 2998 2778 3081 responsiones

556 3136 590 3171 «
625 3113 1085 3197 quaestionibus
1124 3117 1514 3199 propositis3
1552 3124 1620 3181 et
1644 3125 1985 3200 postquam
2029 3113 2295 3181 demum
2321 3111 2778 3199 deprehende·

556 3252 587 3287 (ι
622 3229 755 3297 rint
793 3246 920 3313 qua
948 3229 1220 3314 quisque
1256 3230 1502 3313 polleat
1530 3232 1851 3313 gravitate
1886 3231 2378 3306 sententiarum,
2408 3237 2500 3294 et¹
2523 3230 2782 3311 elegan-

556 3368 588 3403 «
629 3345 719 3411 tia
764 3344 1081 3411 sermonis
1131 3347 1200 3410 in
1255 3345 1703 3423 conciuncula‚
1779 3346 2023 3429 scripto
2069 3345 2321 3427 pariter
2361 3350 2646 3419 exarata,
2712 3348 2781 3407 et

556 3483 588 3519 «
625 3462 840 3528 textui
880 3461 1253 3544 evangelico
1271 3506 1287 3537 ‚
1331 3461 1440 3526 vel
1474 3462 1669 3526 alteri
1725 3459 1877 3528 dato
1922 3460 2197 3526 themati
2247 3456 2774 3539 accommodata3

557 3603 587 3638 α
633 3595 883 3659 parem,
925 3576 993 3640 ni
1015 3576 1186 3643 forte
1214 3573 1527 3658 majorem
1555 3575 1884 3641 solertiam
1915 3575 2390 3641 examinatores
2432 3572 2782 3639 adhibeant

557 3716 589 3751 «
632 3695 699 3754 in
728 3688 1215 3775 perscrutandis
1246 3690 1385 3754 aliis
1417 3688 1858 3775 qualitatibuS,
1909 3690 2211 3773 regimini
2245 3690 2603 3755 animarum
2632 3706 2785 3752 oon-

558 3830 591 3869 «
628 3806 991 3888 sentaueis;
1022 3823 1276 3870 morum
1305 3805 1716 3872 honestatem
1757 3806 2109 3889 inquirant,
2160 3806 2572 3887 gravitatem,
2628 3822 2781 3886 pru-

460 3916 464 3920 *
561 3921 942 3998 «dentiam,
979 3923 1266 4004 praestita
1319 3921 1634 3989 hactenus
1688 3921 1988 3988 Ecclesiae
2037 3920 2369 4004 obsequia,
2407 3918 2782 4003 acquisitam

560 4062 592 4099 «
625 4041 694 4103 in
733 4038 869 4103 aliis
913 4036 1293 4102 muneribus
1332 4037 1615 4116 laudem,
1666 4037 1916 4121 aliaque
1971 4034 2422 4118 spectabilium
2468 4034 2785 4099 virtutum

560 4178 593 4216 «
634 4161 1042 4229 ornamenta,
1098 4151 1409 4219 doctrinae
1472 4158 1655 4219 arcto
1712 4150 1967 4217 foedere
2031 4148 2497 4230 consocienda3
2562 4149 2784 4230 hisque

619 4390 692 4451 (l)
728 4389 852 4446 Quas
880 4400 1043 4450 nempe
1074 4384 1304 4450 superiori
1346 4386 1638 4447 paragrapho
1670 4384 2071 4449 transcripsimus.
