3146 4973
488 352 567 417 44
1166 366 1543 418 mcu‘rus
1589 367 1679 417 m:
1723 367 2059 418 emocno.

480 503 595 563 tur
628 493 714 562 de
739 494 959 562 diviua
994 493 1424 580 parochorum
1458 495 1863 564 institutione
1892 503 2198 581 systema.
2250 493 2446 577 Quod
2485 492 2718 561 funda-

485 620 781 679 mentum
808 629 1216 697 nequaquam
1252 609 1532 679 solidum
1569 630 1735 692 esse,
1784 610 1905 679 sed
1938 612 2128 678 inane
2171 630 2438 696 prorsus
2461 630 2540 677 ac
2587 608 2721 676 ehi·

487 728 823 806 mericum,
861 727 1284 814 sequentibus
1310 726 1730 813 paragraphis
1763 726 2154 796 ostenditur.

1536 979 1656 1055 51.

553 1216 854 1279 septuaginta
878 1215 972 1268 duo
1000 1217 1219 1281 discipuli
1252 1230 1343 1266 non
1371 1216 1559 1266 suerunt
1587 1216 1799 1279 parochi,
1839 1228 1989 1278 neque
2017 1216 2156 1266 etiam
2193 1216 2348 1278 imago
2390 1222 2474 1266 aut
2512 1222 2653 1278 typus

1206 1314 1517 1376 parochorum
1535 1319 1768 1375 quatenus
1792 1310 1973 1360 talium.

572 1543 668 1607 Ex
712 1541 1124 1624 evangelistis
1160 1540 1336 1606 solus
1388 1548 1489 1608 est
1532 1546 1795 1606 sanetus
1838 1540 2063 1619 Lucas,
2099 1540 2213 1624 qui
2244 1541 2327 1605 72
2362 1537 2725 1622 discipulos

486 1664 848 1740 memoret5
892 1655 1076 1741 cujus
1113 1656 1251 1721 haec
1279 1662 1432 1721 sunt
1461 1654 1668 1722 verba
1709 1673 1726 1718 :
1771 1660 1920 1720 Post
1959 1658 2083 1720 laoeo
2125 1663 2326 1720 autem
2375 1659 2724 1738 desiqnavic

485 1777 775 1837 Dominus
796 1780 855 1836 ec
880 1775 1034 1835 alios
1061 1777 1446 1854 septuaqinta
1467 1775 1617 1836 duos
1629 1794 1659 1853 ,·
1693 1779 1753 1835 et
1777 1777 1945 1836 misit
1972 1774 2110 1835 illos
2135 1775 2305 1837 binos
2326 1780 2469 1837 ante
2501 1776 2726 1852 faciem

483 1907 655 1951 suam
676 1893 744 1952 in
757 1907 988 1952 omnm
1007 1893 1319 1951 civitatem
1334 1895 1395 1951 et
1418 1864 1612 1951 ιοοωῆ·
1632 1908 1747 1968 quo
1769 1894 1901 1951 erat
1937 1894 2065 1969 ipse
2091 1896 2404 1953 venturus.
2440 1891 2520 1952 Et
2557 1892 2723 1953 dice-

484 2007 587 2069 bat
618 2007 748 2068 illis
766 2025 789 2067 .·
812 2011 1021 2069 messis
1052 2007 1293 2085 quidem
1320 2006 1535 2084 multa,
1565 2010 1830 2086 operarii
1856 2011 2061 2069 autem
2079 2010 2269 2085 pauci
2291 2024 2313 2066 .·
2339 2011 2550 2087 royate
2578 2025 2721 2087 erqo

481 2126 789 2187 dominum
835 2128 1066 2201 messis,
1102 2130 1171 2186 ut
1212 2127 1421 2186 mittat
1463 2127 1769 2203 operarios
1804 2128 1870 2185 in
1901 2141 2147 2186 messem
2181 2141 2375 2185 suam.
2421 2124 2516 2186 lte
2540 2142 2562 2184 .·
2592 2141 2722 2185 ecce

479 2258 585 2319 eqo
604 2244 779 2302 mitto
796 2258 899 2302 vos
921 2244 1073 2301 simet
1095 2257 1283 2319 aymos
1302 2244 1462 2301 inter
1496 2239 1688 2318 lupos.
1706 2284 1720 2299 .
1733 2284 1749 2300 .
1790 2240 2018 2301 Curate
2041 2237 2340 2316 infirmos,
2356 2284 2370 2301 .
2386 2286 2402 2301 .
2431 2241 2514 2302 Et
2530 2240 2722 2302 dicite

481 2355 611 2417 illis
647 2373 668 2415 :
700 2356 1222 2434 Appropinquavit
1254 2357 1321 2416 iu
1361 2372 1466 2415 vos
1516 2371 1766 2433 requam
1802 2356 1937 2416 Dei.
1953 2400 1997 2417 ..
2035 2356 2281 2417 Reversi
2329 2360 2470 2417 sunt
2514 2359 2721 2417 autem

480 2473 864 2551 septuaqinta
898 2471 1018 2532 duo
1044 2486 1179 2531 eum
1226 2469 1472 2550 qaudio,
1518 2470 1782 2532 dicentes
1819 2489 1839 2531 .·
1873 2472 2149 2550 Domine,
2181 2474 2366 2534 etiam
2419 2472 2719 2535 doemonia

476 2586 878 2666 subjiciuntur
903 2585 1074 2647 nobis
1105 2588 1172 2647 in
1199 2589 1437 2647 nomine
1476 2590 1600 2646 tuo.
1641 2581 1821 2668 (Cap.
1862 2586 1943 2648 10
1985 2585 2308 2668 evangelii
2351 2584 2717 2652 secundum

477 2697 768 2783 Lucam.)
804 2699 1112 2780 Quaenam
1137 2698 1384 2765 fuerint
1432 2700 1707 2765 istorum
1763 2701 1844 2765 72
1899 2697 2184 2767 duorum
2242 2700 2712 2785 discipulorum

479 2815 759 2892 nomina,
790 2815 1083 2898 ignotum
1110 2815 1428 2881 remansit
1469 2833 1485 2877 ε
1520 2818 1695 2897 Quod
1739 2835 1877 2878 vero
1918 2814 2031 2901 (ait
2062 2815 2403 2894 Eusebius,
2431 2820 2716 2882 Historia

477 2932 707 3010 eccles„
752 2930 798 2995 l.
845 2932 903 3007 1,
940 2948 1085 3013 cap.
1142 2927 1246 3014 14)
1292 2934 1376 2995 ad
1421 2937 1808 3013 septuaqinta
1853 2934 2181 3014 disc-aptam
2215 2939 2461 3012 attinet,
2507 2953 2715 2996 eomm

475 3050 659 3109 series
686 3047 907 3110 nullibi
932 3050 1295 3127 praescripta
1345 3051 1671 3128 reperitur.
1721 3047 1797 3112 Iu
1834 3045 2091 3111 actibus
2130 3046 2572 3130 apostolorum
2606 3065 2716 3113 re·

471 3163 679 3229 currit
703 3161 972 3250 quidem
1009 3181 1139 3229 non
1172 3165 1374 3230 semel
1411 3162 1496 3230 de
1531 3161 1870 3246 discipulis
1895 3181 2112 3228 sermo
2140 3182 2157 3246 3
2196 3160 2317 3228 sed
2347 3163 2438 3228 ita
2474 3169 2550 3228 ut
2582 3183 2713 3230 vox

472 3280 580 3347 illa
630 3282 992 3366 generatim
1038 3278 1338 3365 designet
1390 3299 1501 3348 eos
1554 3297 1801 3356 omnes,
1845 3278 2020 3344 viros
2072 3283 2145 3342 et
2194 3278 2529 3356 muliereS‚
2598 3280 2712 3364 qui

472 3397 837 3463 christiauae
866 3395 1021 3466 fidei
1058 3416 1299 3464 nomen
1321 3394 1672 3463 dederant.
1703 3395 1873 3461 Nihil
1899 3401 2118 3461 autem
2143 3392 2390 3460 indicat
2413 3402 2712 3462 sanetum

472 3512 736 3592 Lucam,
799 3511 959 3579 dum
1007 3513 1074 3577 in
1104 3511 1356 3578 actibus
1403 3489 1844 3596 apostolorum
1898 3508 1984 3576 de
2017 3508 2353 3593 discipulis
2389 3510 2706 3595 loquitur,

472 3647 668 3713 agere
696 3626 780 3695 de
818 3629 945 3694 illis
976 3631 1082 3706 72,
1108 3647 1269 3713 quos
1296 3628 1365 3692 in
1394 3627 1716 3710 evangelii
1757 3626 1858 3692 sui
1895 3626 2109 3709 capite
2165 3628 2247 3690 10
2286 3627 2705 3693 memoravit.

475 3746 741 3811 Certum
793 3751 1012 3812 eutem
1059 3751 1162 3811 est
1188 3751 1439 3828 septem
1495 3744 1739 3827 primos
1764 3742 1878 3827 qui
1909 3740 2165 3808 diaconi
2209 3740 2494 3810 ordinati
2524 3750 2703 3824 suut,

473 3867 838 3946 assumptos
884 3860 1082 3927 fuisse
1122 3881 1202 3925 ex
1235 3863 1556 3942 discipulis
1589 3881 1609 3923 .·
1655 3879 1738 3925 an
1784 3865 2003 3924 autem
2044 3859 2315 3940 praecise
2350 3878 2435 3925 ex
2470 3835 2558 3924 72
2583 3859 2717 3925 iilis

472 3996 637 4064 quos
670 3986 989 4044 memorat
1018 3984 1281 4043 sanctus
1318 3977 1526 4041 Lucas
1552 3976 1764 4060 capite
1809 3976 1889 4039 10
1916 3975 2015 4038 sui
2048 3974 2391 4058 evangelii,
2417 3976 2714 4059 rigorose

472 4092 737 4179 probari
767 4094 1015 4178 nequit,
1052 4091 1509 4159 deficientibus
1542 4091 1978 4157 monumentis
2006 4110 2022 4172 ;
2056 4088 2211 4156 licet
2242 4087 2436 4156 valde
2468 4092 2715 4175 proba-

473 4210 605 4277 bile
627 4210 713 4276 sit
736 4209 983 4295 aliquos
1035 4209 1265 4275 saltem
1310 4228 1397 4274 ex
1445 4207 1600 4292 ipsis
1644 4205 1728 4273 de
1765 4224 1994 4273 eorum
2026 4223 2301 4272 numero
2342 4215 2716 4291 assumptos

468 4327 690 4405 fuisse,
728 4344 890 4411 quos
919 4323 1186 4391 miserat
1211 4324 1502 4390 Christus
1534 4327 1703 4388 binos
1730 4329 1871 4387 ante
1897 4325 2120 4403 faciem
2142 4342 2338 4403 suam,
2369 4328 2438 4387 in
2471 4343 2712 4388 omnem

471 4449 777 4508 civitatem
805 4449 863 4506 et
895 4444 1108 4521 locum,
1139 4461 1255 4524 quo
1285 4449 1415 4505 erat
1448 4447 1573 4524 ipse
1604 4448 1911 4506 venturus.
