3146 4973
580 356 711 421 380
1259 366 1633 416 Tmen-rus
1680 361 1768 415 m:
1812 364 2137 416 mnocno.

579 495 740 560 simo
786 493 1009 578 populi
1056 490 1386 557 christiani
1436 488 1768 566 scandalo,
1807 497 1876 555 et
1920 489 2246 574 religionis
2279 490 2703 558 detrimento.
2757 491 2807 557 A

580 609 837 675 fortiori
872 607 943 673 id
986 606 1368 682 dicendum,
1399 605 1451 671 si
1487 606 1898 671 notorietatis
1933 606 2211 689 publicae
2249 607 2423 672 foret
2467 624 2644 682 eum,
2680 625 2807 672 non

581 724 805 803 semel,
837 721 955 787 sed
1003 722 1249 806 pluries
1289 719 1539 787 dictum
1577 720 1827 785 facinus
1865 726 2190 804 patrasse3
2234 739 2373 800 seu,
2411 720 2590 807 quod
2633 719 2810 786 idem

581 846 715 911 est,
775 856 925 903 eum
982 856 1109 904 non
1159 836 1521 920 simplicem
1559 835 2056 912 fornicatorem,
2109 834 2229 901 sed
2279 835 2810 901 concubinarium

581 972 749 1019 esse.
797 953 961 1017 Hinc
1008 951 1429 1037 quaestionem
1480 950 1654 1016 illam
1698 950 1869 1016 omni
1928 967 2085 1016 cura
2146 949 2644 1035 expendendam
2699 948 2816 1014 du-

581 1085 816 1133 ximus.

1669 1310 1722 1373 Ι.

596 1549 944 1601 Pra’milti'tur
968 1547 1207 1613 synopsis
1233 1546 1482 1596 tiator-ica
1504 1546 1648 1596 circa
1662 1556 1847 1609 pomae
1863 1557 1976 1608 quie
1993 1544 2162 1594 variis
2179 1543 2494 1608 temporibus
2520 1546 2580 1595 in
2597 1545 2809 1596 eloi-iem

1100 1639 1488 1691 incontinentes
1513 1652 1549 1689 a
1559 1638 1689 1702 ,iuro
1707 1641 1915 1688 statutae
1933 1638 2286 1701 reperiuntur.

674 1893 709 1931 «
742 1871 948 1935 Vetus
996 1870 1218 1953 legum
1247 1887 1442 1953 poena
1475 1876 1703 1936 contra
1752 1870 2027 1936 clericos
2063 1869 2557 1946 incontinenteS,
2607 1870 2807 1935 forni-

585 2007 617 2043 «
662 1986 890 2061 carios,
926 1992 1041 2050 aut
1101 1983 1598 2050 concubinarios
1642 1990 1787 2049 erat
1835 1992 2159 2069 perpetua
2209 1981 2554 2066 depositio,
2613 2003 2728 2050 seu
2771 2005 2808 2050 a

585 2123 617 2160 «
656 2101 834 2167 clero
865 2098 1169 2185 dejectio,
1198 2107 1332 2165 tam
1383 2100 1784 2166 Iustinianeo
1820 2099 1967 2185 jure
1998 2097 2240 2164 sancita
2279 2097 2444 2184 (lege
2477 2105 2684 2165 Sacris
2710 2122 2811 2163 ca-

466 2219 469 2222 ’
585 2238 618 2276 «
653 2220 926 2294 mnibus,
975 2213 1236 2293 codiciS,
1284 2220 1359 2280 de
1404 2220 1605 2299 Episc.
1655 2224 1716 2280 et
1761 2219 1948 2293 cler.,·
1977 2213 2236 2280 novella
2265 2217 2331 2292 6,
2367 2233 2512 2298 cap.
2559 2217 2597 2278 5
2630 2222 2699 2279 et
2726 2220 2806 2297 93

585 2353 617 2388 τι
659 2337 730 2396 et
760 2331 1019 2398 novella
1063 2328 1238 2413 128),
1274 2348 1470 2416 quam
1505 2330 1706 2396 sacris
1740 2329 2095 2395 canonibus
2124 2328 2570 2412 comprobata,
2614 2335 2810 2413 atque

585 2466 619 2506 «
659 2444 745 2512 ad
791 2443 1131 2513 dimidium
1180 2463 1387 2531 usque
1432 2444 1806 2513 duodecimi
1838 2445 2059 2511 saeculi
2104 2463 2227 2510 usu
2272 2452 2568 2529 recepta3
2605 2450 2683 2510 ut
2725 2443 2810 2512 de

586 2584 620 2622 α
662 2563 885 2644 primis
935 2581 1047 2627 sex
1096 2562 1348 2627 saeculis
1388 2567 1673 2627 testatur
1709 2559 1901 2627 divus
1941 2561 2298 2644 Gregorius
2334 2563 2603 2644 Magnus
2652 2561 2812 2646 (epi-

585 2697 620 2735 «
653 2676 819 2741 stola
853 2678 963 2752 26,
993 2672 1078 2740 ad
1106 2676 1483 2741 Ianuarium
1507 2675 1897 2758 Episcopum
1923 2675 2378 2752 Galerianum,
2416 2674 2587 2741 libro
2613 2681 2650 2741 3
2674 2677 2812 2759 epi-

585 2812 618 2849 «
654 2787 1018 2872 stolarum);
1052 2788 1139 2856 de
1167 2789 1404 2855 saeculo
1434 2807 1595 2856 vero
1639 2792 1916 2872 septimo
1969 2791 2285 2855 Martinus
2314 2790 2345 2853 I
2392 2789 2696 2875 (epistola
2723 2788 2812 2855 ad

582 2926 619 2965 «
660 2902 1021 2969 Amandum
1069 2903 1548 2990 'trajectensem
1596 2902 2025 2988 Episcopum,
2078 2911 2257 2970 tomo
2294 2907 2336 2971 6
2375 2909 2802 2985 Conciliorum,

582 3042 617 3079 α
654 3020 878 3085 ultima
922 3019 1233 3098 editione,
1282 3037 1430 3103 pag.
1481 3018 1676 3105 383);
1727 3018 1811 3086 de
1855 3027 2088 3089 octavo
2135 3028 2204 3085 et
2240 3039 2412 3087 nono
2443 3021 2747 3087 Nicolaus
2781 3024 2811 3087 Ι

583 3158 616 3196 α
663 3135 752 3221 (in
799 3134 1091 3215 decreto,
1124 3134 1318 3202 titulo
1367 3140 1442 3201 de
1495 3135 1847 3220 Presbyt.);
1898 3134 1985 3201 de
2038 3136 2276 3202 saeculo
2321 3134 2592 3201 tandem
2641 3134 2814 3202 deci-

586 3273 619 3311 «
658 3269 784 3329 mo,
820 3248 1183 3328 undecimo,
1217 3250 1634 3328 duodecimo,
1667 3248 2038 3317 Alexander
2084 3251 2148 3315 11
2192 3258 2265 3316 et
2289 3251 2704 3317 Innocentius
2751 3252 2811 3316 11

586 3388 621 3425 τε
660 3364 834 3451 (dist.
896 3369 1004 3444 28,
1067 3385 1208 3432 can.
1256 3371 1338 3449 93
1398 3365 1550 3432 dist.
1599 3369 1708 3442 81,
1774 3384 1916 3431 can.
1982 3367 2207 3442 6,10,
2274 3368 2680 3444 11,16,17,
2733 3368 2811 3431 18

588 3504 621 3540 «
662 3487 733 3546 et
777 3479 925 3564 29).

679 3618 712 3654 α
747 3596 1004 3671 Postea,
1032 3613 1072 3659 a
1092 3602 1393 3677 tempore
1415 3612 1655 3677 nempe
1700 3591 2053 3659 Alexandri
2076 3595 2193 3673 III,
2223 3596 2336 3679 qui
2367 3594 2812 3678 pontificatum

588 3731 622 3769 α
657 3706 962 3773 sustinuit
1001 3706 1085 3773 ab
1123 3727 1294 3775 anno
1335 3711 1503 3775 1159
1537 3706 1624 3774 ad
1666 3711 1858 3786 1181,
1895 3715 2263 3791 temperato
2312 3711 2526 3793 rigore
2553 3708 2814 3793 deposi-

587 3845 619 3883 «
652 3822 867 3899 tionis,
906 3840 1025 3889 seu
1059 3820 1445 3907 dejectionis
1470 3844 1507 3890 a
1544 3824 1747 3902 clero,
1785 3824 1891 3889 hic
1917 3823 2083 3890 ordo
2112 3826 2361 3889 servari
2383 3825 2603 3907 coepit,
2631 3823 2813 3889 vide-

586 3961 619 3999 «
663 3938 837 4015 licet,
869 3943 946 4004 ut
989 3936 1074 4005 ad
1126 3944 1393 4006 certum.
1424 3947 1687 4024 tempus
1721 3939 2284 4024 suspenderentur
2307 3948 2442 4006 tam
2486 3940 2570 4006 ab
2605 3939 2811 4006 officio

586 4074 621 4113 «
659 4072 851 4138 quam
882 4073 919 4118 a
945 4052 1262 4121 beneficio
1297 4058 1663 4139 respective
1694 4077 1710 4120 :
1742 4063 2022 4141 augente
2055 4074 2217 4122 vero
2249 4056 2490 4121 malitia
2515 4072 2636 4120 seu
2664 4074 2812 4119 con·

587 4190 622 4228 α
662 4170 963 4248 tumacia,
1000 4176 1149 4253 post
1187 4172 1427 4234 trinam
1485 4170 1908 4237 monitionem
1953 4192 1993 4237 a
2049 4170 2497 4238 communione
2545 4188 2808 4255 quoque

588 4307 622 4345 «
658 4284 977 4362 fidelium,
1028 4283 1239 4351 donec
1281 4285 1759 4369 resipiscerent,
1807 4294 2192 4353 arcerentur
2235 4286 2470 4372 (capite
2515 4288 2558 4351 2
2599 4303 2804 4370 usque

588 4421 624 4460 «
664 4397 750 4465 ad
786 4404 855 4478 6,
886 4398 1059 4465 tituli
1094 4403 1169 4463 de
1198 4400 1652 4464 cohabitatione
1677 4402 2029 4464 clericorum
2057 4410 2118 4465 et
2142 4399 2507 4487 mulia-um).
