3146 4973
556 318 683 380 466
1231 328 1607 376 raam-arus
1657 327 1742 374 nn
1786 322 2113 371 macena

563 482 590 517 α
631 455 905 540 populos
938 454 1210 519 maxime
1241 455 1416 519 inter
1431 473 1502 518 se
1532 451 1809 532 dissitoS,
1842 450 1973 517 duo
2003 468 2187 514 sacra
2212 444 2530 531 perficere
2556 443 2778 509 diebus

559 595 593 634 α
627 572 832 648 festis,
863 580 938 636 ut
969 570 1247 654 populus
1277 571 1483 635 missae
1536 569 1847 635 sacrificio
1887 566 2165 644 intersit,
2210 564 2345 627 sive
2395 558 2780 627 celebranda

563 707 597 746 α
629 706 708 752 ea
735 686 860 750 sint
890 686 956 748 iu
991 683 1247 750 duabus
1279 685 1566 750 ecclesiis
1608 686 1783 750 inter
1832 702 1901 747 se
1948 678 2364 754 distantibuS,
2398 679 2531 742 sive
2567 677 2633 740 in
2657 694 2783 739 una

559 823 592 862 α
628 806 882 865 tantum
919 800 1188 864 ecclesia
1220 798 1305 864 ad
1336 818 1530 883 quam
1566 801 1911 864 universus
1944 795 2229 878 populus
2263 792 2492 877 nequit
2529 786 2781 854 insimul

559 940 593 979 α
626 915 1000 993 convenire,
1046 935 1174 982 non
1205 916 1331 981 alia
1381 916 1786 981 necessitatis
1833 931 2025 978 causa
2084 919 2183 977 est
2223 906 2649 983 admittenda,
2686 925 2785 970 se-

559 1054 592 1093 «
628 1030 916 1097 cundum
948 1030 1323 1096 hodiernam
1360 1032 1651 1096 ecclesiae
1680 1029 2110 1111 disciplinam,
2151 1044 2344 1110 quam
2387 1042 2527 1110 quae
2577 1025 2786 1089 oritur

558 1169 591 1206 α
628 1165 708 1211 ex
748 1145 1011 1211 defectu
1043 1147 1312 1212 alterius
1352 1146 1737 1222 sacerdotiS,
1768 1145 1880 1229 qui
1904 1143 2083 1207 aliud
2114 1141 2500 1207 sacrificium
2550 1137 2785 1203 offerre

558 1285 589 1322 α
629 1262 852 1345 possit.
909 1264 1066 1344 Quae
1116 1269 1335 1327 tamen
1381 1263 1470 1327 ita
1520 1258 1944 1343 intelligenda
1988 1266 2161 1335 sunt,
2223 1264 2298 1321 ut
2348 1256 2599 1321 nullum
2633 1252 2785 1318 inde

559 1402 588 1437 ι
621 1377 856 1443 inferri
903 1385 1177 1461 putetur
1212 1377 1673 1462 praejudicium
1711 1376 1848 1439 aliis
1878 1375 2151 1451 casihuS,
2210 1373 2320 1457 qui
2373 1372 2589 1437 solent
2633 1387 2789 1434 cou-

555 1515 592 1554 «
625 1493 882 1576 tingere
912 1496 977 1557 in
1019 1495 1217 1557 sacris
1246 1492 1676 1568 missionibu3‚
1714 1492 1782 1554 in
1833 1508 2108 1574 quarum
2157 1487 2508 1552 utilitatem
2550 1486 2789 1550 missio-

555 1633 589 1672 «
624 1610 819 1674 uariis
864 1607 1250 1674 conceditur
1276 1608 1551 1673 facultas
1588 1597 1813 1691 plures
1865 1608 2086 1670 missas
2133 1602 2512 1669 celebrandi
2555 1602 2787 1666 eadem

555 1748 589 1787 α
628 1725 758 1790 dic.
788 1747 820 1785 n
863 1726 1120 1810 (Votum
1139 1725 1459 1789 Francisci
1480 1723 1756 1799 Zeladae,
1779 1725 1844 1786 in
1878 1742 2070 1787 causa
2096 1720 2551 1798 Derthusensi,
2580 1721 2665 1782 20
2680 1737 2789 1782 au·

549 1841 720 1924 gusti
756 1842 949 1917 1768,
985 1841 1051 1903 in
1094 1841 1393 1903 Thesauro
1425 1844 1632 1919 resol.,
1671 1849 1852 1905 tomo
1883 1843 1992 1915 37,
2034 1845 2065 1915 5
2107 1835 2240 1921 15.)

639 1957 717 2020 Et
746 1974 981 2020 revera
1010 1956 1062 2019 si
1091 1956 1293 2038 possit
1315 1955 1641 2037 parochus
1668 1955 1903 2021 eodem
1942 1954 2052 2020 die
2085 1953 2422 2018 celebrare
2441 1953 2507 2015 in
2531 1950 2789 2015 duabus

549 2072 856 2147 ecclesiis,
900 2091 982 2137 ex
1020 2090 1097 2134 ea
1147 2073 1395 2136 ratione
1435 2071 1616 2155 quod
1652 2071 1939 2156 alioquin
1977 2069 2261 2134 trecenti
2303 2067 2515 2155 (verbi
2551 2064 2782 2149 gratia)

548 2186 920 2268 parochiani
953 2187 1139 2250 missa
1176 2185 1517 2262 carebunt,
1548 2205 1668 2250 cur
1710 2205 1837 2250 non
1884 2183 2061 2249 idem
2099 2183 2162 2249 ei
2195 2181 2673 2248 concederetur
2713 2181 2787 2244 in

548 2300 777 2366 eadem
821 2300 1114 2378 ecclesia,
1156 2299 1417 2384 quaudo
1466 2302 1739 2383 pariter,
1780 2302 1833 2364 si
1864 2302 2053 2365 unica
2091 2307 2348 2364 tantum
2386 2298 2575 2362 missa
2620 2295 2790 2362 cele-

548 2415 805 2492 bretur,
843 2416 1125 2479 trecenti
1161 2415 1529 2501 nequibunt
1571 2415 1665 2479 illi
1702 2416 2073 2480 interesse?
2117 2414 2176 2478 Si
2218 2420 2569 2497 reputetur
2614 2410 2788 2476 suffi-

547 2533 725 2597 ciens
752 2532 1103 2596 necessitas
1130 2531 1195 2594 in
1230 2531 1428 2612 priori
1458 2550 1634 2606 casu,
1666 2537 1734 2596 et
1764 2533 1828 2595 in
1863 2531 2204 2614 posteriori
2248 2528 2618 2613 reputanda
2651 2536 2779 2593 est.

637 2650 808 2713 Dum
845 2655 1062 2710 autem
1100 2644 1315 2730 quoad
1346 2645 1675 2729 duplicem
1707 2665 1927 2712 casum
1955 2648 2021 2709 in
2071 2646 2328 2711 duobus
2356 2645 2596 2710 ultimis
2632 2664 2788 2729 pro-

548 2758 970 2845 positionibus
1040 2778 1420 2841 expensum‚
1478 2757 1895 2824 concluditur
1959 2756 2099 2823 dari
2174 2758 2389 2823 locum
2452 2759 2785 2823 iterationi

548 2882 748 2944 missae
787 2879 870 2943 ab
901 2877 1134 2943 eodem
1185 2877 1551 2956 sacerdote,
1597 2879 1663 2943 id
1693 2879 1942 2944 dictum
1978 2879 2251 2962 intelligi
2291 2876 2493 2943 debet
2534 2874 2786 2939 abstra-

548 2994 765 3061 hendo
811 3014 846 3059 a
889 2994 1266 3079 quaestione,
1321 3016 1402 3061 au
1440 2997 1634 3060 etiam
1676 3003 1834 3060 tunc
1867 2994 2275 3061 nihilominus
2309 2992 2671 3058 necessaria
2699 2990 2786 3052 sit

547 3112 806 3176 licentia
841 3112 1159 3194 Episcopi.
1198 3113 1295 3176 De
1334 3130 1459 3196 qua
1492 3111 1792 3194 Episcopi
1837 3111 2095 3175 licentia
2153 3108 2629 3193 exquirendum
2670 3124 2785 3169 re-

547 3234 768 3291 manet
802 3234 1022 3291 utrum
1078 3229 1454 3311 requiratur
1482 3233 1552 3290 et
1590 3225 1882 3303 sufficiat,
1937 3235 2077 3291 tum
2125 3224 2343 3309 quoad
2370 3223 2780 3289 iterationem

549 3343 751 3406 missae
782 3343 849 3405 in
886 3341 1140 3407 duabus
1190 3342 1500 3417 ecclesiiS,
1550 3348 1693 3406 tum
1726 3341 1942 3426 quoad
1992 3341 2407 3406 iterationem
2436 3341 2503 3403 in
2547 3335 2781 3404 eadem

551 3458 850 3522 ecclesia.

638 3575 1034 3638 Pnorostrlo
1071 3573 1207 3635 v1·.
1248 3608 1338 3620 --
1369 3578 1466 3636 Ad
1514 3580 1892 3636 iterationem
1943 3580 2009 3636 in
2059 3574 2295 3636 duabus
2345 3574 2603 3634 ecclesiis
2648 3568 2785 3652 (etsi

550 3692 726 3752 detur
771 3688 1068 3765 sufficiens
1098 3685 1438 3770 necessitas)
1479 3694 1711 3769 requiri
1758 3691 2019 3765 videtur,
2052 3686 2419 3769 reyulariter
2463 3684 2772 3765 loquendo,

553 3808 795 3866 licentia
829 3806 1126 3884 Episcopi.
1166 3838 1256 3849 —-
1292 3802 1369 3867 Id
1407 3803 1712 3868 evincere
1740 3804 1892 3868 mihi
1925 3802 2238 3868 videntur
2262 3801 2548 3866 rationes
2574 3819 2610 3864 a
2635 3799 2782 3864 Car·

552 3918 754 3983 dinali
779 3916 1012 3982 Zelada
1042 3919 1106 3981 in
1143 3917 1316 3982 hunc
1346 3917 1612 3984 modum
1640 3919 1948 4001 expositoe
1986 3938 1998 3979 :
2048 3940 2079 3979 α
2104 3917 2198 3981 An
2234 3936 2389 3983 vero
2418 3916 2502 3982 ad
2525 3932 2781 3979 sacrum

558 4052 589 4091 α
622 4027 722 4092 bis
757 4028 1220 4094 celebrandum
1260 4030 1327 4092 in
1355 4030 1512 4094 locis
1551 4030 1663 4094 uhi
1695 4029 2005 4112 praedicta
2036 4036 2229 4111 urget
2259 4030 2627 4103 nec-essitaS,
2669 4044 2778 4108 pa-

558 4166 589 4202 «
626 4141 808 4208 rochi
833 4161 996 4225 opus
1015 4143 1295 4208 habeant
1318 4143 1577 4208 licentia
1608 4144 1924 4226 Episcopi,
1963 4142 2137 4207 haud
2168 4161 2401 4207 recens
2424 4149 2525 4207 est
2562 4139 2779 4204 docto-

557 4281 589 4319 «
624 4277 764 4321 rum
812 4258 1188 4340 disputatio.
1225 4257 1505 4337 Quidam
1547 4258 1737 4340 plane
1768 4260 2069 4341 negative
2121 4259 2434 4336 sentiunt,
2474 4275 2552 4321 ea
2599 4253 2779 4319 ducti

556 4397 588 4435 (t
622 4376 892 4449 ratione,
921 4371 1098 4457 quod
1130 4372 1404 4437 facultas
1425 4373 1562 4436 haec
1593 4393 1626 4437 a
1660 4373 1808 4455 jure
1839 4374 2166 4437 communi
2202 4373 2328 4438 illis
2356 4371 2770 4436 concedatur.
