3146 4973
1257 389 1414 437 rans
1460 391 1720 437 murm.
2476 373 2604 437 409

387 533 419 570 «
450 512 607 579 dum
666 513 768 578 hic
819 520 1004 578 actus
1052 512 1293 578 dicitur
1341 512 1782 590 facultativuS,
1820 517 1884 578 in
1935 507 2066 599 quo
2116 531 2430 582 non-usus
2481 534 2611 580 non

385 650 417 689 α
450 628 949 714 praejudimt...;
999 636 1285 696 attamen
1349 649 1431 695 ex
1479 630 1760 716 quadam
1814 650 1942 696 non
2007 632 2250 715 scripta
2306 632 2609 716 oequitate

379 767 410 802 «
443 747 823 827 competere
883 741 1147 808 videtur
1193 763 1500 810 recursus
1558 745 1666 809 vel
1717 744 1982 829 querela
2031 742 2116 810 ad
2174 744 2601 828 superiorem,

381 882 414 920 «
449 877 569 942 pro
616 859 1113 942 interpositione
1164 859 1419 925 arbitrii
1473 879 1675 944 super
1720 861 1931 944 aliqua
1986 860 2215 927 saltem
2265 862 2609 925 summaria

382 998 414 1034 «
450 974 817 1058 cognitione
846 991 1075 1050 causae,
1120 973 1206 1039 ob
1235 992 1427 1058 quam
1462 973 1832 1059 hujusmodi
1869 973 2083 1057 eJecto
2111 973 2249 1050 fiat,
2293 993 2442 1040 cum
2477 993 2603 1039 non

378 1112 408 1148 a
446 1089 651 1155 soleat
684 1086 830 1153 dari
878 1107 1062 1153 casus
1101 1086 1196 1174 (1)
1229 1088 1475 1173 absque
1514 1089 1728 1173 aliquo
1769 1086 1942 1164 odio,
1998 1088 2106 1153 vel
2141 1088 2386 1172 absque
2430 1086 2608 1153 dicto

371 1226 403 1263 «
441 1200 821 1286 praejudicio
870 1202 936 1264 in
976 1200 1168 1280 fama,
1219 1220 1336 1267 seu
1381 1202 1537 1267 alias
1586 1202 1963 1268 resultante.
2000 1225 2030 1260 »
2092 1201 2200 1286 (De
2254 1202 2592 1279 Beneficiis,

366 1317 678 1384 discursu
711 1321 819 1394 97,
857 1338 923 1382 n.
962 1321 1003 1382 6
1034 1323 1102 1382 et
1133 1317 1298 1402 seq.)

454 1431 650 1500 Citati
677 1436 965 1500 auctoris
997 1431 1292 1499 doctrina
1340 1435 1433 1498 sic
1465 1433 1764 1499 breviter
1794 1435 2067 1518 exprimi
2104 1441 2360 1517 potest:
2402 1437 2462 1497 1⁰
2502 1452 2606 1497 re⁶

364 1553 511 1635 gula
547 1551 870 1636 generalis
918 1557 1019 1615 est
1059 1569 1248 1634 posse
1293 1550 1441 1615 fieri
1485 1551 1912 1616 remotionem
1952 1557 2083 1614 sine
2122 1569 2323 1613 causa.
2369 1552 2437 1613 2⁰
2485 1550 2604 1613 Re·

365 1670 510 1752 gula
539 1668 677 1733 haec
699 1666 913 1733 tribus
943 1665 1434 1751 exceptionibus
1464 1665 1742 1731 obnoxia
1775 1673 1915 1750 est;
1952 1684 2229 1751 quarum
2243 1670 2449 1750 primo
2475 1672 2596 1740 est,

363 1782 628 1869 quando
664 1785 944 1849 remotio
974 1782 1052 1847 fit
1083 1801 1165 1847 ex
1198 1781 1380 1864 odio;
1414 1785 1674 1845 secunda
1702 1779 1965 1866 quando
1997 1801 2078 1847 ex
2103 1781 2461 1847 remotione
2505 1800 2603 1848 re-

369 1898 621 1963 dundat
658 1900 725 1962 in
762 1907 1088 1964 remotum
1121 1895 1435 1974 dedecuS,
1472 1897 1582 1961 vel
1622 1897 1904 1974 insanum
1938 1897 2044 1962 vel
2084 1915 2386 1980 magnum
2418 1896 2599 1961 aliud

368 2013 858 2098 praejudicium3
905 2019 1107 2090 tertia,
1140 2011 1401 2097 quando
1428 2034 1549 2076 non
1584 2018 1733 2077 solet
1764 2013 2081 2077 Prffllatus
2117 2028 2428 2078 revocare
2457 2012 2596 2076 sine

362 2147 581 2213 causa;
623 2129 774 2214 quia
794 2134 955 2194 tunc
983 2127 1035 2191 si
1064 2147 1258 2212 quem
1287 2135 1579 2206 revocet,
1606 2129 1660 2192 is
1684 2128 1770 2194 ob
1801 2128 2058 2210 culpam
2092 2126 2343 2210 ejectus
2371 2146 2596 2191 censc-

369 2245 563 2322 bitur,
597 2252 667 2310 et
711 2244 802 2308 sic
849 2244 1034 2307 famae
1082 2241 1549 2308 detrimentum
1594 2243 1918 2327 patietur3
1955 2262 2151 2329 quam
2184 2249 2402 2308 tamen
2452 2242 2601 2307 ulti-

364 2379 530 2426 mam
551 2360 1005 2444 exceptionem
1028 2379 1160 2425 non
1187 2358 1272 2424 de
1295 2359 1511 2443 rigore
1532 2357 1719 2442 juris,
1743 2358 1860 2425 sed
1886 2379 1969 2425 ex
1991 2358 2273 2445 quadam
2299 2378 2424 2424 non
2447 2359 2596 2423 scri·

365 2484 474 2562 pta
504 2477 806 2563 aequitate
837 2475 1228 2560 procedere,
1257 2473 1436 2541 idem
1475 2481 1708 2541 auctor
1742 2476 2094 2542 existimat.

444 2597 550 2661 VI.
592 2598 938 2661 Doc'rmru
976 2595 1320 2661 Lnunmn.
1355 2631 1445 2642 -—
1474 2597 1540 2658 10
1571 2597 1787 2659 Valide
1814 2595 1958 2661 fieri
2011 2602 2228 2678 potest
2261 2596 2598 2661 revocatio

353 2711 486 2776 sine
527 2729 719 2775 causa
771 2710 1014 2796 (Forum
1058 2711 1421 2787 beneficiate,
1483 2717 1675 2792 parte
1719 2714 1774 2786 1,
1810 2730 1874 2795 q.
1928 2713 2032 2786 72,
2071 2728 2136 2774 n.
2190 2709 2280 2794 2).
2340 2713 2409 2774 2⁰
2456 2713 2595 2775 Non

353 2834 570 2891 tamen
606 2830 769 2888 licite
796 2822 1012 2911 (ibid.,
1055 2844 1118 2887 n.
1174 2821 1265 2907 3).
1308 2829 1378 2889 3⁰
1415 2827 1555 2890 Non
1596 2823 1797 2890 datur
1826 2844 2152 2903 recursus,
2186 2826 2306 2890 nisi
2342 2832 2597 2892 constet

362 2922 467 3007 vel
509 2941 747 3007 merito
801 2949 1235 3025 praesumatur
1292 2960 1368 3008 ex
1427 2941 1671 3006 malitia
1736 2959 1851 3007 seu
1902 2940 2055 3007 odio
2106 2942 2276 3007 facta
2319 2940 2594 3007 remotio

354 3055 577 3141 (ibid.,
613 3077 676 3142 q.
712 3054 844 3141 75).
885 3058 954 3120 40
990 3055 1278 3121 Proinde
1310 3058 1361 3119 si
1387 3056 1504 3121 fiat
1529 3077 1565 3120 a
1596 3064 1850 3122 remoto
1899 3075 2223 3133 recursuS,
2264 3076 2393 3122 non
2414 3063 2591 3123 tene-

350 3180 460 3238 tur
495 3192 850 3239 removens
879 3178 1273 3253 manifestare
1311 3177 1616 3254 multoque
1642 3178 1845 3235 minus
1882 3175 2140 3254 probare
2185 3193 2449 3251 causam,
2487 3192 2593 3233 cur

353 3309 482 3351 eum
522 3295 816 3352 amoverit
865 3286 1111 3373 (ibid.).
1160 3292 1227 3352 5⁰
1255 3287 1353 3354 Ad
1383 3289 1831 3373 quaestionem‚
1882 3306 2014 3369 quoe
2059 3282 2367 3351 censeatur
2414 3309 2594 3351 causa

357 3409 735 3470 rationabilis
756 3410 1124 3490 removendi,
1157 3404 1540 3489 respondet,
1580 3425 1711 3468 eam
1746 3426 1892 3484 csse,
1930 3425 2048 3468 non
2082 3412 2317 3468 tantum
2353 3409 2592 3487 culpam

355 3525 616 3604 aliquam
634 3522 1024 3599 beneficiarii,
1052 3526 1160 3586 sed
1191 3542 1617 3603 quamcumque
1643 3524 1976 3585 utilitatem
1998 3524 2094 3584 vel
2119 3524 2593 3584 commoditatem

355 3640 606 3701 eccles-im
646 3637 765 3723 (vel
794 3641 1134 3719 reliqionis,
1185 3645 1242 3700 si
1263 3640 1649 3718 beneficiatus
1685 3646 1775 3701 est
1801 3634 2174 3721 reliqiosus)‚·
2202 3657 2336 3700 cum
2358 3639 2480 3701 lcoec
2502 3658 2595 3700 re·

357 3759 534 3815 motio
558 3774 677 3817 non
695 3759 780 3815 sit
795 3774 996 3836 poena,
1035 3774 1219 3836 neque
1257 3762 1428 3817 actus
1441 3761 1711 3837 justitia·
1752 3758 2159 3833 vindicativoe,
2203 3758 2308 3817 secl
2333 3758 2596 3836 prvden-

357 3873 436 3928 ἱεὶς
473 3874 788 3950 reqiminis
824 3869 1095 3946 beneficii
1153 3868 1368 3954 (ibid.‚
1395 3889 1458 3954 q.
1507 3867 1641 3951 74).
1685 3872 1754 3933 6⁰
1786 3869 2185 3952 Excipiendo
2232 3887 2450 3935 casum
2486 3889 2591 3935 re-

354 3983 652 4049 motionis
695 4001 775 4047 ex
806 3982 958 4048 odio
999 4002 1116 4049 seu
1161 3986 1421 4062 malitia,
1455 3984 1759 4067 intelligit
1798 3986 2102 4050 malitiam
2138 3980 2487 4066 positivam,
2522 3994 2591 4050 et

422 4191 493 4249 (1)
532 4192 684 4239 Casus
713 4203 879 4253 nempe
898 4193 1169 4242 remotionis
1197 4209 1224 4242 a
1253 4196 1513 4257 superiore,
1535 4196 1626 4258 qui
1646 4207 1754 4243 non
1773 4195 1934 4244 solem
1952 4206 2209 4245 removero
2229 4209 2246 4244 .·
2265 4196 2392 4244 illam
2422 4196 2592 4257 quippe

359 4285 537 4332 tertiam
569 4284 893 4333 limitationem
914 4291 1043 4346 ponit
1072 4287 1130 4334 dc
1159 4291 1303 4350 Luca,
1327 4291 1374 4339 in
1398 4291 1643 4353 hypothesi
1672 4289 1912 4339 dumtaxat
1935 4291 2192 4352 superioris
2220 4291 2310 4353 qui
2336 4302 2593 4338 removere

357 4389 463 4425 non
489 4377 646 4433 solet:
678 4391 769 4438 quo
797 4377 867 4437 fit,
901 4387 950 4426 ut
981 4381 1220 4442 siquando
1251 4390 1504 4443 removeat,
1535 4384 1669 4432 facile
1697 4382 1933 4433 existimat
1961 4384 2161 4446 populus
2190 4382 2237 4431 id
2266 4383 2365 4431 fieri
2402 4383 2460 4429 ob
2489 4381 2589 4429 cul·

355 4484 460 4531 pam
488 4472 713 4535 aliquam,
737 4479 783 4521 et
811 4472 881 4520 sic
907 4475 1071 4522 remoti
1100 4476 1216 4524 fama
1245 4477 1443 4527 laeditur.
