3146 4973
1453 337 1611 384 uns
1658 338 1916 384 rum.
2644 328 2771 391 325

534 455 692 521 nihil
741 455 810 520 in
856 456 1251 524 concordato
1302 478 1718 544 expressum,
1774 465 2024 528 nonnisi
2079 462 2163 530 ad
2211 463 2378 548 juris
2420 470 2775 533 communis

533 587 822 636 normam
860 594 874 636 :
912 571 1188 656 proinde
1238 576 1620 642 vacantibus
1660 577 1728 643 in
1763 579 1939 643 curia
1976 579 2294 657 Romana,
2340 567 2449 645 vel
2496 582 2563 646 iu
2595 601 2770 648 men-

530 684 706 751 sibus
751 686 942 770 Papae
990 691 1341 755 reservatis
1383 689 1736 757 Galliarum
1783 692 2123 778 parochiiS,
2158 693 2371 761 adhuc
2421 696 2613 764 hodie
2655 718 2769 766 ne-

531 818 707 866 cesse
763 821 934 879 esse,
993 811 1067 868 ut
1123 813 1369 887 praeter
1428 809 1932 875 nominationem
1977 809 2061 875 ah
2114 810 2461 892 Episcopo,
2513 812 2770 879 collatio

531 936 564 980 a
610 915 899 984 Romano
941 919 1261 986 Pontifice
1305 921 1704 988 obtineatur.
1743 926 1930 1000 Haec,
1983 927 2246 1010 inquam
2275 975 2290 1004 ,
2347 928 2564 1013 opinio
2615 928 2768 995 mihi

527 1030 795 1098 videtur
850 1034 1031 1099 nullo
1085 1035 1289 1102 solido
1347 1037 1776 1104 fundamento
1825 1041 1963 1106 niti.
2024 1041 2230 1122 Quam
2283 1050 2501 1109 tamen
2558 1061 2765 1109 meam

527 1148 1006 1216 conclusionem
1061 1150 1241 1217 Sedis
1295 1153 1676 1235 Apostolicae
1730 1153 1976 1238 judicio
2014 1165 2082 1222 et
2139 1159 2523 1224 correctioni
2574 1159 2765 1242 plene

523 1264 814 1349 subjicio.

615 1383 791 1444 Nota.
824 1417 917 1430 ·-—-
942 1381 1137 1464 Quod
1190 1391 1407 1449 autem
1437 1384 1544 1450 hic
1579 1383 1820 1451 dicitur
1872 1385 1958 1453 de
2007 1388 2228 1453 Galliae
2262 1390 2613 1475 EpiscopiS,
2654 1411 2768 1459 ex-

523 1493 928 1562 tendendum
970 1506 1072 1564 est
1109 1499 1196 1564 ad
1237 1501 1577 1568 nonnullas
1625 1502 1777 1567 alias
1820 1502 2121 1587 regiones
2155 1504 2361 1589 (verbi
2394 1506 2636 1590 gratia,
2677 1507 2760 1572 ad

519 1609 877 1695 Belgium),
936 1632 1211 1699 quarum
1257 1617 1541 1683 ecclesioe
1595 1638 1676 1683 ex
1723 1618 1899 1683 dicto
1947 1617 2340 1686 concordato
2386 1622 2535 1685 anni
2593 1623 2748 1688 1801

521 1732 861 1808 reguntur,
895 1735 1124 1811 utpote
1151 1749 1292 1814 quae
1323 1740 1478 1797 tunc
1511 1734 1828 1816 temporis
1857 1734 2023 1799 intra
2057 1734 2219 1800 fines
2252 1735 2505 1818 imperii
2536 1734 2758 1800 Gallici

524 1838 1017 1907 claudebantur.

1438 2112 1705 2177 CAPUT
1742 2115 1823 2176 11.

514 2380 600 2425 nt:
654 2382 1031 2431 POTESTATE
1094 2380 1383 2430 ssmscopl
1444 2379 1672 2441 Quom
1725 2379 2203 2427 PAltocmAmm
2260 2379 2743 2428 connxrmnm.

492 2675 500 2683 ·
599 2647 903 2727 QUAES‘uo
938 2649 1022 2711 1·.
1065 2686 1152 2695 -
1217 2654 1367 2729 Quis
1412 2649 1658 2710 dicacur
1712 2650 2062 2711 ordinarius
2111 2651 2387 2711 collator.
2425 2685 2514 2695 —
2558 2672 2588 2707 «
2627 2651 2752 2715 Re-

517 2785 547 2821 «
583 2760 875 2846 spondeo
922 2783 935 2827 :
986 2763 1166 2828 illum
1198 2764 1313 2848 qui
1347 2762 1496 2847 jure
1524 2764 1793 2847 proprio
1833 2763 2150 2830 beneficia
2184 2763 2463 2841 confert,
2489 2768 2748 2830 tametsi

515 2900 546 2933 «
574 2875 1091 2961 jurisdictionem
1125 2878 1369 2945 nullam
1410 2878 1669 2958 habeat,
1705 2886 1771 2942 et
1806 2880 1943 2944 sive
1982 2878 2148 2945 hanc
2177 2886 2567 2963 potestatem
2596 2900 2746 2947 con-

514 3018 545 3052 «
586 2992 847 3060 ferendi
870 2993 1106 3060 habeat
1140 3015 1177 3059 a
1206 2993 1381 3079 jure,
1419 2995 1554 3058 sive
1595 3013 1673 3058 ex
1705 2997 2216 3078 praescriptione,
2243 2994 2738 3069 consuetudine.

513 3133 542 3163 «
577 3109 939 3192 privilegio.
978 3110 1057 3174 Et
1096 3109 1185 3174 sic
1224 3110 1290 3172 in
1319 3110 1539 3193 specie
1572 3110 1950 3192 capitulum,
1992 3109 2147 3175 dum
2184 3109 2472 3193 legitime
2512 3110 2745 3195 justifl-

511 3249 539 3281 «
576 3226 747 3290 cavit
803 3222 1349 3290 cousuetudinem
1398 3223 1784 3290 conserendi
1820 3225 2138 3308 privative
2191 3223 2275 3289 ad
2322 3226 2734 3309 Episcopum,

511 3363 538 3393 «ι
578 3342 798 3405 venire
854 3338 977 3406 suh
1025 3339 1280 3405 nomine
1348 3338 1660 3405 ordinarii
1717 3339 2064 3416 collatoriS,
2115 3340 2204 3403 ait
2252 3337 2602 3405 Cardinalis
2653 3340 2737 3407 de

510 3478 538 3514 «ι
574 3456 770 3534 Luca,
801 3460 876 3521 de
906 3457 1248 3536 Beneficiis,
1286 3453 1587 3521 discursu
1619 3458 1692 3519 31
1715 3503 1730 3532 ,
1761 3474 1826 3518 n.
1866 3458 1967 3518 15.
2006 3478 2035 3514 »
2080 3454 2483 3540 (LeureniuS,
2521 3459 2732 3518 Forum

504 3574 863 3652 beneficiale,
896 3580 1084 3655 parte
1116 3574 1180 3650 2,
1219 3592 1282 3657 q.
1318 3573 1441 3637 664
1463 3569 1515 3655 .)

591 3690 893 3771 QUAES'no
914 3693 1004 3754 2⁸.
1040 3726 1129 3736 —
1163 3693 1464 3769 Quomodo
1496 3692 1826 3771 Episcopus
1860 3694 1944 3751 sit
1975 3691 2049 3753 de
2075 3695 2221 3771 jure
2250 3696 2548 3752 communi
2578 3692 2739 3753 bene-

499 3808 773 3881 ficiorum
815 3810 1082 3869 dioecesis
1123 3825 1244 3867 suoe
1274 3808 1623 3867 ordina-rius
1660 3807 1935 3867 collator.
1972 3841 2061 3851 --
2109 3828 2139 3863 «
2171 3804 2528 3888 Episcopus
2564 3805 2739 3870 iuter

503 3944 532 3979 «
571 3921 908 3987 collatores
948 3919 1312 3986 ordinarios
1356 3921 1638 4002 primum
1679 3916 1894 3983 locum
1935 3919 2171 4002 habet;
2226 3927 2456 4004 utpote
2499 3920 2603 3985 cui
2652 3940 2733 3985 ex

504 4059 534 4094 a
570 4035 719 4121 jure
770 4036 1123 4113 communi,
1156 4043 1225 4100 et
1253 4036 1503 4100 ratione
1534 4036 1963 4118 episcopatus,
1994 4054 2296 4100 concessa
2329 4043 2429 4100 est
2457 4037 2593 4100 haec
2616 4053 2733 4118 po·

501 4176 530 4210 «
576 4160 778 4218 testas
809 4150 1192 4217 conferendi
1220 4151 1536 4217 beneficia
1569 4149 1868 4216 dioecesis
1893 4169 2022 4215 suoe
2057 4150 2262 4237 (juxta
2294 4158 2489 4233 caput
2519 4156 2732 4216 Omnes

500 4293 529 4326 «
567 4272 867 4347 basilica»,
908 4275 976 4332 et
1014 4275 1210 4350 caput
1259 4271 1476 4332 Nullus
1522 4274 1795 4347 omnino,
1841 4286 2047 4332 causoe
2093 4270 2208 4345 16,
2249 4267 2615 4351 quaestionis
2663 4275 2722 4346 73

503 4411 529 4444 ι(
570 4393 763 4471 caput
796 4388 1223 4467 Conquerente,
1262 4388 1336 4447 cle
1358 4385 1567 4465 Officio
1599 4387 2048 4469 ordin.,·caput
2079 4387 2174 4447 Ex
2193 4384 2620 4465 frequentibus,
2653 4385 2727 4442 de
