3146 4973
1186 394 1346 445 rans
1387 396 1618 445 rium.
2396 379 2516 442 163

291 515 476 585 abusi
509 515 769 587 fuerant
801 515 1166 601 jansenistoe
1195 524 1263 583 et
1287 516 1790 603 presbyteriani.
1847 514 2036 585 Unde
2069 514 2520 605 applicandum

297 632 472 695 venit
509 629 687 715 quod
711 630 795 696 de
832 632 1185 697 Riminensi
1220 632 1493 699 concilio
1523 633 1961 723 Hieronymus
1998 652 2012 696 :
2046 635 2182 699 Non
2212 640 2344 701 erat
2374 653 2522 699 cura

302 749 611 831 episcopis
635 751 713 815 de
743 750 1052 829 vocabulo,
1089 768 1222 815 cum
1245 769 1450 817 sensus
1479 756 1630 813 esset
1665 754 1733 812 in
1766 756 1917 812 tuto.

376 859 563 927 Idem
601 860 861 929 dicatur
893 859 977 928 de
1018 862 1163 928 loco
1202 862 1579 929 catechismi
1616 861 1976 929 Tridentini
1996 910 2012 941 ‚
2049 863 2117 931 in
2156 880 2286 951 quo
2323 880 2525 949 gene-

295 977 482 1043 ratim
508 984 577 1042 et
607 977 672 1043 in
703 977 898 1062 globo
927 978 1250 1065 Episcopi,
1273 979 1541 1065 parochi
1571 987 1642 1045 et
1669 977 2153 1065 praedicatores»,
2189 987 2521 1067 pastorum

295 1092 554 1158 nomine
577 1091 932 1161 donantur.

376 1210 773 1279 Puerosmo
825 1210 963 1275 Na
1019 1247 1107 1258 -
1173 1214 1479 1277 Geminus
1529 1231 1737 1277 sensus
1787 1216 1949 1297 vocis
1992 1218 2209 1294 pastor
2257 1212 2518 1275 includit

279 1332 637 1409 potestatem
676 1328 1080 1413 leqislativam
1111 1335 1170 1391 et
1184 1330 1679 1411 ‚iurisdictionem
1702 1332 1944 1390 externi
1983 1329 2137 1406 sori‚·
2169 1331 2262 1391 ita
2298 1329 2524 1397 seilicet
2619 1358 2626 1365 ’

289 1450 354 1507 ut
383 1444 677 1524 praedicta
696 1446 1054 1524 jurisdictio
1085 1449 1171 1508 sit
1205 1446 1280 1508 de
1313 1450 1570 1509 essentia
1607 1452 1979 1526 pastoratus.
2023 1479 2116 1491 -—-
2141 1443 2270 1524 Qui
2298 1450 2523 1528 pastor

291 1563 412 1636 est,
437 1577 570 1623 non
596 1562 848 1627 tantum
869 1576 1028 1625 oves
1055 1559 1286 1640 nutrit,
1321 1557 1443 1625 sed
1465 1566 1537 1626 et
1563 1560 1707 1627 illas
1729 1561 1922 1645 regit,
1963 1558 2301 1627 deviantes
2322 1557 2522 1625 redu-

281 1673 389 1751 cit,
425 1680 766 1757 totnmque
795 1691 1062 1759 gregem
1088 1673 1445 1759 gubernat;
1477 1683 1674 1760 atque
1723 1673 1807 1743 ad
1833 1672 2207 1760 hujusmodi
2229 1674 2519 1761 regimen

289 1788 420 1855 vim
456 1786 726 1855 adhibet
766 1791 1140 1859 coactivam.
1199 1791 1334 1855 Nec
1393 1809 1591 1859 verus
1635 1797 1857 1879 pastor
1908 1796 2081 1856 esset
2137 1789 2249 1877 qui
2291 1796 2514 1876 posset

288 1911 542 1973 tantum
580 1904 810 1970 ovibus
844 1904 1161 1991 pabulum
1196 1905 1398 1984 ferre,
1431 1903 1548 1970 sed
1586 1924 1715 1995 quo
1752 1906 1959 1971 invito
1988 1923 2143 1971 oves
2168 1922 2290 1991 pro
2324 1903 2519 1973 libitu

285 2039 642 2087 excurrere
675 2021 1001 2091 valerent.
1037 2023 1203 2089 Hinc
1235 2022 1551 2091 translata
1590 2021 1709 2089 hac
1754 2040 1912 2087 voce
1959 2020 2046 2085 ad
2090 2039 2204 2086 eos
2230 2020 2521 2089 homines

273 2139 389 2225 qui
417 2139 672 2205 caeteris
710 2147 1018 2223 praesunt,
1074 2138 1158 2205 de
1195 2140 1273 2205 iis
1315 2146 1573 2207 tantum
1622 2139 1691 2203 in
1727 2146 1865 2205 tota
1910 2145 2094 2203 retro
2129 2136 2518 2221 antiquitate

279 2252 408 2317 fuit
448 2254 805 2333 intellecta,
861 2256 972 2339 qui
1009 2262 1402 2339 potestatem
1455 2254 1703 2319 habent
1743 2252 2040 2321 subditos
2087 2251 2384 2337 regendi,
2448 2259 2520 2317 et

276 2367 729 2452 iurisdictione
783 2372 1070 2441 coactiva
1139 2377 1210 2436 et
1273 2370 1639 2454 legislativa
1708 2369 2142 2454 gubernandi.
2208 2366 2402 2434 Unde
2450 2368 2519 2433 in

283 2484 606 2551 haehraica
637 2493 706 2550 et
731 2504 942 2569 graeca
953 2485 1178 2570 lingua
1203 2493 1500 2569 pastores
1532 2493 1851 2552 vocantur
1870 2503 2064 2570 reges
2088 2484 2283 2552 aliive
2311 2501 2520 2570 popu-

271 2602 493 2670 iorum
517 2601 744 2670 duces.
781 2603 1050 2672 Attente
1083 2622 1241 2687 ergo
1272 2602 1571 2670 vocabuli
1615 2602 1786 2670 illius
1815 2601 2097 2687 genuino
2139 2609 2209 2666 et
2250 2602 2519 2686 proprio

275 2737 498 2798 sensu,
528 2716 879 2786 dicendum
910 2727 1013 2785 est
1037 2716 1554 2804 jurisdictionem
1592 2718 1718 2783 fori
1756 2718 2033 2794 externi,
2078 2735 2198 2782 seu
2237 2720 2520 2802 potesta-

278 2842 421 2901 tem
447 2835 737 2904 coactive
768 2834 1043 2920 regendi
1074 2842 1142 2899 et
1174 2833 1584 2918 gubernandi
1604 2853 1746 2900 esse
1775 2835 2121 2918 ipsammet
2151 2837 2520 2918 pastoratus

276 2951 649 3018 essentiam.
684 2951 785 3016 Ita
814 2950 1084 3028 scilicet,
1138 2957 1215 3016 ut
1264 2949 1376 3034 qui
1422 2948 1811 3018 exhortandi
1847 2955 2105 3016 tantum
2133 2947 2518 3016 facultatem

279 3073 353 3130 et
384 3063 663 3132 officinm
698 3063 920 3142 hahet,
964 3083 1095 3132 non
1122 3072 1344 3130 autem
1376 3063 1673 3130 subditos
1706 3064 2168 3134 auctoritative
2212 3060 2511 3148 regendi,

274 3180 447 3246 sicut
473 3199 595 3245 rex
625 3178 753 3245 dici
777 3179 1030 3263 nequit,
1065 3179 1157 3244 ita
1185 3185 1410 3263 pastor
1438 3178 1769 3246 immerito
1800 3184 2241 3260 nuncupetur.

367 3297 768 3364 Pnoposxrio
790 3297 895 3361 Ψ.
910 3299 1225 3359 —Merito
1255 3297 1635 3360 concluditur
1657 3296 2199 3362 denominationem
2212 3296 2507 3378 pastoris,

271 3418 462 3475 etiam
501 3415 747 3475 secundi
781 3414 1038 3491 ordinm,
1077 3411 1362 3493 parochis
1404 3431 1524 3474 non
1555 3417 1904 3492 competere.
1942 3444 2033 3455 —
2068 3410 2165 3474 Ex
2206 3407 2516 3492 superius

269 3527 574 3612 probatis
591 3534 816 3614 pastor
846 3546 975 3591 non
1001 3534 1121 3605 est,
1147 3527 1267 3592 nisi
1291 3528 1404 3612 qui
1431 3546 1591 3594 vera
1618 3532 1946 3610 potestate
1968 3524 2172 3610 pollet
2194 3522 2514 3610 populum

272 3643 738 3712 auctoritative
784 3640 1058 3726 regendi
1095 3649 1166 3707 et
1198 3642 1489 3709 coactive
1521 3639 1971 3726 gubernandi3
2019 3639 2203 3725 atqui
2248 3636 2517 3722 parochi

267 3756 799 3852 jurisdictionem
855 3757 1036 3826 illam
1093 3755 1221 3823 fori
1270 3758 1526 3824 externi
1583 3776 1714 3823 non
1763 3755 2029 3833 hahent,
2080 3773 2206 3820 nec
2246 3760 2517 3839 possum

269 3874 459 3958 leges
489 3873 668 3940 ferre
697 3872 942 3960 quibus
952 3890 1187 3962 eorum
1219 3871 1593 3958 parochiani
1613 3872 1912 3956 ‘ligentur
1934 3877 2003 3937 et
2031 3870 2510 3958 gubernentur,

269 3996 394 4056 ant
421 4007 650 4073 poenas
677 3989 1136 4058 ecclesiasticas
1155 3990 1223 4056 in
1246 3987 1701 4073 delinquentes
1734 3995 2023 4054 statuere
2058 4008 2073 4052 ε
2118 4004 2273 4072 ergo
2301 3991 2517 4069 pasto-

271 4124 390 4178 ιω
417 4106 686 4190 proprie
717 4103 877 4174 dicti
912 4125 1041 4174 non
1074 4110 1246 4172 sunt.
1275 4105 1359 4170 Et
1393 4122 1546 4169 cum
1563 4102 1947 4187 praedictam
1966 4107 2366 4186 potestatem
2388 4120 2514 4170 nec

267 4219 342 4282 in
375 4217 615 4302 primo,
661 4235 785 4284 nec
822 4217 892 4284 in
919 4215 1226 4296 secundo,
1253 4234 1382 4284 nec
1405 4216 1473 4282 in
1503 4216 1846 4288 millesimo
1916 4211 2146 4284 ordine
2202 4212 2508 4293 habeant,

268 4335 580 4418 sequitur
606 4350 718 4397 eos
755 4352 878 4398 nec
898 4330 1167 4398 secundi
1189 4329 1433 4397 ordinis
1455 4338 1751 4416 pastores
1783 4327 1911 4395 dici
1938 4347 2146 4413 posse.
2187 4329 2349 4393 Hinc
2387 4347 2516 4393 me-

267 4451 409 4518 rito
429 4449 752 4532 Henricus
775 4448 1133 4529 Kalteisen,
1162 4449 1228 4514 in
1259 4447 1592 4516 notissima
1606 4466 1724 4516 sua
1752 4444 2240 4530 adBasileensis
2263 4444 2515 4516 concilii
