3146 4973
602 314 725 377 514
1278 322 1655 371 ‘rusca-arus
1699 322 1787 371 nt:
1832 321 2157 370 amoeno.

603 474 637 513 α
671 454 868 517 dum..
884 500 900 515 .
947 448 1132 516 Solus
1180 447 1505 517 Romanus
1555 445 1861 514 Pontifex
1905 446 1971 511 in
2015 446 2271 530 signum
2318 467 2635 534 supremae
2678 453 2808 517 uni·

601 589 634 625 a
669 563 941 632 versalia
993 562 1335 648 potestatis
1355 610 1372 642 ,
1411 563 1645 628 stolam
1694 580 1825 628 non
1879 559 2090 627 solum
2135 560 2221 628 ad
2263 580 2445 630 aram
2503 567 2810 652 sacrisque

598 705 631 744 α
665 680 1047 758 actionibuS,
1090 677 1215 744 sed
1264 677 1508 763 ubique
1554 675 1855 743 defert...
1888 676 2050 742 Hinc
2085 675 2183 755 fit,
2221 687 2299 746 ut
2344 680 2527 747 stolae
2572 701 2723 749 usus
2754 683 2813 747 in

596 821 629 861 α
668 796 965 881 parochis
1015 794 1244 861 haberi
1288 800 1571 878 nequeat
1602 876 1607 883 ,
1633 798 1943 877 tanquam
2000 793 2261 877 signum
2316 794 2776 879 iurisdictionis
2793 846 2811 875 ,

597 942 629 973 «ι
663 914 785 980 nisi
813 913 946 979 lato
972 910 1166 978 modo
1202 910 1559 994 accipiatur
1589 927 1711 993 pro
1747 910 2065 976 exercitio
2101 912 2355 994 proprii
2388 910 2597 990 officii,
2640 914 2728 979 ita
2749 921 2819 979 ut

595 1052 628 1091 «
671 1027 951 1095 officium
993 1027 1079 1093 sit
1125 1044 1275 1097 cum
1336 1024 1581 1090 actuali
1629 1022 1879 1090 ordinis
1937 1026 2255 1091 exercitio
2313 1026 2812 1111 coniunctum...

593 1167 626 1204 α
662 1142 989 1209 Adhihent
1023 1142 1249 1226 utique
1296 1140 1529 1208 stolam
1558 1140 1625 1204 in
1649 1140 1789 1206 aliis
1829 1140 2130 1224 pluribus
2167 1140 2640 1222 functionibus,
2683 1162 2817 1228 quae

595 1282 628 1320 α
666 1257 753 1325 ad
780 1262 953 1343 ipsos
983 1258 1301 1342 privative
1337 1260 1676 1340 spectant;
1712 1253 1830 1321 sed
1858 1253 2014 1321 ideo
2044 1253 2385 1337 adhibent,
2426 1259 2578 1342 quia
2610 1256 2821 1342 hujus-

595 1398 627 1436 «
658 1374 837 1442 modi
860 1374 1149 1440 actiones
1170 1373 1350 1438 stolae
1373 1370 1772 1437 delationem
1794 1372 2160 1437 necessario
2184 1374 2563 1456 requirunt,
2604 1372 2705 1441 uti
2730 1393 2823 1440 sa-

594 1514 625 1552 «
662 1496 1018 1566 cramenta,
1057 1487 1565 1565 sacramentalia,
1618 1493 1805 1552 etc...
1856 1485 2050 1567 Quod
2077 1487 2132 1552 si
2161 1488 2332 1555 actio
2360 1508 2490 1554 non
2526 1492 2823 1574 exigeret

595 1629 627 1666 α
667 1605 844 1671 stolae
893 1623 1107 1681 usum,
1162 1611 1233 1670 et
1284 1602 1695 1670 nihilominus
1734 1621 1879 1668 eam
1919 1602 2248 1686 parochus
2293 1603 2560 1672 deferre
2594 1607 2821 1685 vellet,

594 1743 626 1781 ι
667 1721 1219 1787 interverteretur
1253 1717 1419 1785 ordo
1445 1716 1803 1785 adhibendi
1850 1737 2037 1785 sacra
2086 1727 2490 1803 paramenta,
2517 1722 2827 1807 stoloeqne

596 1859 629 1897 α
667 1834 912 1902 delatio
941 1844 1018 1902 ut
1044 1855 1208 1902 vana
1238 1832 1539 1919 quaedam
1568 1834 1921 1901 ostentatio
1944 1834 2245 1902 habenda
2280 1835 2477 1903 foret.
2516 1838 2702 1905 Pone
2730 1858 2829 1904 ca-

598 1975 631 2012 «
665 1971 810 2017 snm
850 1949 1028 2035 quod
1072 1951 1139 2013 in
1192 1948 1467 2015 solemni
1503 1950 1978 2033 supplicatione
2018 1949 2325 2018 ducenda
2355 1970 2481 2036 per
2513 1952 2829 2019 ambitum

597 2090 630 2128 α
665 2066 937 2152 alicujus
977 2064 1298 2151 parochioe
1319 2113 1336 2144 ,
1374 2064 1850 2131 sanctissimum
1882 2064 2371 2132 Sacramentum
2422 2064 2687 2134 deferat
2723 2073 2831 2134 aut

596 2206 628 2244 ι
666 2182 1046 2260 CardinaIiS,
1088 2188 1204 2248 aut
1229 2180 1607 2264 Episcopus,
1651 2187 1768 2246 aut
1805 2181 2172 2259 canonicus,
2213 2188 2331 2247 aut
2362 2181 2530 2248 alius
2557 2182 2832 2267 simplex

598 2322 629 2362 a«
666 2297 1004 2366 sacerdos:
1042 2298 1097 2362 is
1133 2295 1474 2363 dumtaxat
1506 2293 1712 2362 dehet
1740 2297 1840 2361 uti
1867 2297 2069 2380 stola3
2104 2314 2320 2382 neque
2368 2296 2653 2382 parocho
2676 2299 2834 2365 lieet

600 2439 632 2476 a
668 2414 966 2502 ejusdem
994 2413 1257 2492 delatio,
1288 2414 1441 2499 quia
1468 2419 1622 2478 actu
1658 2430 1790 2477 non
1823 2418 2090 2478 exercet
2116 2410 2397 2481 officium
2423 2413 2833 2481 sacerdotale

600 2555 634 2594 α
671 2551 829 2616 erga
859 2538 1355 2598 sacramentum.
1395 2528 1590 2610 Quod
1635 2529 1688 2594 si
1724 2529 1968 2596 alicubi
2014 2528 2152 2609 fiat,
2192 2529 2651 2614 reprobandus
2677 2532 2835 2598 abu·

604 2672 635 2711 «
671 2667 781 2716 sus
815 2653 999 2713 est...
1033 2648 1098 2712 Si
1129 2647 1483 2729 Episcopus
1525 2646 1596 2712 in
1631 2663 1744 2712 sua
1793 2644 2060 2712 dioecesi
2099 2646 2581 2729 processionem
2620 2649 2838 2733 sequi·

539 2835 544 2840 ⁶
606 2790 635 2822 a
672 2769 807 2841 tur,
843 2762 912 2826 in
939 2780 1068 2845 qua
1093 2761 1438 2826 canonicus
1468 2759 1577 2826 vel
1597 2759 1761 2826 alius
1792 2758 2100 2826 sacerdos
2131 2758 2353 2827 defert
2376 2767 2493 2827 aut
2521 2763 2841 2829 sanctissi-

607 2903 639 2940 «
671 2897 851 2944 mum
875 2878 1362 2943 Sacramentum
1398 2884 1513 2942 aut
1533 2884 1913 2944 sanctorum
1944 2877 2271 2962 reliquias,
2299 2896 2429 2943 non
2459 2877 2580 2943 sibi
2604 2879 2838 2946 stolam

610 3019 640 3054 a
674 2994 970 3077 imponit,
1011 2994 1161 3077 quia
1212 2998 1364 3058 actu
1404 3011 1534 3059 non
1581 2999 1849 3060 exercet
1898 2989 2179 3058 officium
2208 2993 2576 3076 pontificale
2605 3002 2725 3060 aut
2750 3012 2841 3058 sa-

610 3133 642 3171 «
680 3107 1036 3186 cerdotale,
1070 3109 1226 3175 licet
1272 3109 1339 3173 in
1377 3125 1493 3173 sua
1531 3105 1801 3174 dioecesi
1832 3107 2091 3190 plenam
2136 3106 2377 3175 habeat
2419 3115 2490 3175 et
2530 3114 2840 3175 exerceat

615 3249 646 3287 a
684 3222 1221 3309 jurisdictionem.
1261 3223 1486 3289 Eritne
1513 3220 2033 3304 permittendum
2075 3223 2361 3305 parocho
2397 3225 2572 3289 intra
2597 3224 2841 3289 limites

615 3365 646 3402 α
686 3340 1040 3426 parochiae,
1076 3337 1256 3425 quod
1297 3339 1615 3421 Episcopo
1653 3338 1721 3403 in
1761 3355 1876 3401 sua
1918 3334 2187 3404 dioecesi
2233 3358 2363 3405 non
2404 3338 2608 3405 licet?
2646 3339 2843 3405 Patet

615 3481 646 3518 a
684 3475 844 3541 ergo
869 3455 1267 3524 delationem
1297 3453 1477 3520 stolae
1505 3471 1638 3517 non
1664 3469 1807 3517 esse
1843 3452 2096 3534 signum
2119 3451 2611 3536 jurisdictionis,
2641 3475 2676 3514 υ
2714 3450 2843 3518 Ad-

611 3572 710 3641 dit
743 3574 978 3641 citatus
1005 3576 1368 3647 annotator,
1413 3566 1769 3634 decisiones
1797 3585 1994 3632 sacrae
2019 3567 2224 3648 Rotae,
2266 3586 2409 3652 quae
2441 3569 2840 3634 contrarium

615 3690 888 3753 innuere
927 3684 1335 3761 viderentur,
1389 3684 1483 3748 ita
1520 3680 1974 3764 intelligendas
2003 3700 2171 3762 esse,
2210 3691 2287 3748 ut
2317 3702 2448 3750 vox
2469 3680 2842 3767 jurisdictio

613 3802 703 3867 ibi
736 3800 1035 3887 designet
1067 3798 1369 3878 officium,
1411 3805 1735 3883 quatenus
1775 3798 2096 3881 privative
2137 3797 2222 3863 ad
2256 3796 2612 3880 parochum
2637 3797 2843 3881 perti·

613 3937 794 3997 nens,
842 3925 911 3984 et
938 3918 1169 3985 stolam
1204 3914 1394 3983 simul
1428 3915 1715 3998 exigens.
