3146 4973
568 313 694 376 272
1232 323 1614 373 ‘mammos
1658 323 1748 371 »Β
1790 321 2119 371 Ρηοοιϊο.

571 476 600 513 α
636 460 739 518 est
775 469 1128 520 consensus
1157 450 1446 536 capituli,
1484 458 1560 516 ut
1602 454 1938 517 ostensum
1972 456 2075 515 est
2109 464 2343 532 supra3
2378 464 2538 532 ergo
2569 445 2796 531 hujus·

568 592 600 628 «
636 567 815 635 modi
840 566 1359 634 consensus-erit
1395 564 1806 633 adhibendus
1834 565 2086 630 etiamsi
2121 562 2237 629 fiat
2282 564 2530 630 erectio
2568 570 2796 627 aucto-

568 707 599 743 «
636 683 829 749 ritate
884 681 1208 767 delegata.
1252 680 1337 747 Et
1372 687 1474 747 est
1520 680 1729 746 simile
1765 681 1832 744 in
1877 681 2090 765 capite
2131 682 2169 745 5
2207 680 2508 746 sessionis
2537 681 2647 756 21,
2680 677 2795 744 ubi

569 822 600 859 (ι
643 798 958 864 tribuitur
974 796 1306 880 Episcopis
1323 801 1629 881 tanquam
1650 794 1833 861 Sedis
1850 795 2229 879 Apostolicae
2255 793 2570 879 delegatis
2596 793 2794 859 facul·

568 938 599 975 α
636 921 737 979 tas
749 912 1027 980 faciendi
1043 914 1312 979 uniones
1329 911 1792 997 parochialium
1815 912 2234 979 ecclesiarum
2265 934 2279 976 :
2308 920 2376 977 et
2400 919 2619 977 tamen
2641 911 2793 995 quia

569 1053 602 1092 α
636 1030 729 1096 ihi
754 1046 1135 1115 expressum
1168 1035 1272 1094 est
1300 1035 1378 1094 ut
1412 1028 1686 1094 uniones
1711 1025 2083 1114 hujusmodi
2115 1026 2261 1094 fieri
2289 1026 2575 1094 debeant
2605 1026 2794 1112 juxta

567 1169 600 1207 «
636 1146 912 1212 formam
943 1144 1130 1231 juris,
1167 1164 1250 1210 ex
1283 1144 1489 1210 Sacrae
1528 1144 2055 1228 Congregatiouis
2079 1145 2400 1211 sententia
2436 1143 2794 1229 requiritur

566 1284 600 1322 a
635 1261 902 1346 capituli
927 1280 1296 1339 consensu&
1334 1268 1532 1345 prout
1565 1261 1924 1346 requiritur
1947 1258 2222 1345 dejure.
2260 1282 2293 1323 υ

651 1381 721 1443 3⁰
766 1375 869 1443 Sic
912 1377 1219 1460 expositis
1265 1395 1385 1460 pro
1425 1383 1495 1440 et
1531 1382 1758 1441 contra
1799 1375 2176 1453 rationibus,
2234 1373 2394 1461 quid
2431 1374 2792 1441 tenendum

562 1493 649 1556 sit
671 1490 1007 1558 concludit
1036 1494 1372 1575 Faguanus
1395 1489 1519 1558 hoc
1549 1489 1745 1557 modo
1779 1514 1793 1557 ι
1835 1514 1867 1550 α
1899 1489 2071 1572 Quid
2097 1489 2498 1556 dicendum?
2515 1528 2607 1540 —-
2630 1490 2794 1557 Cum

567 1630 601 1668 α
634 1606 989 1690 Episcopus
1015 1605 1139 1672 hoc
1168 1625 1321 1672 casu
1356 1604 1692 1690 duplicem
1717 1605 1957 1672 habeat
1976 1612 2392 1689 potestatem,
2434 1627 2632 1672 unam
2670 1608 2794 1671 sci-

567 1746 599 1782 «
634 1722 792 1787 licet
839 1719 1263 1801 ordinariam,
1311 1740 1455 1807 quoe
1498 1721 1595 1786 illi
1639 1722 1951 1804 competit
2000 1741 2086 1791 ex
2136 1719 2553 1805 dispositione
2601 1721 2795 1809 hujus

564 1859 599 1896 α
634 1834 981 1903 decretalis
1010 1836 1133 1922 (Ad
1152 1833 1578 1921 audientiam),
1614 1837 1805 1921 eique
1822 1854 1953 1901 nou
1976 1836 2102 1902 fuit
2130 1835 2434 1922 adempta
2458 1857 2494 1903 a
2521 1838 2793 1904 concilio

566 1975 600 2013 κ
630 1950 1045 2037 Tridentium
1088 1952 1362 2019 alteram
1404 1972 1565 2019 vero
1603 1951 1992 2036 delegatam,
2042 1971 2184 2037 quae
2231 1953 2327 2019 illi
2372 1952 2688 2019 tribuitur
2721 1954 2792 2018 in

565 2091 600 2130 a
632 2066 810 2135 dicto
846 2069 1057 2153 capite
1102 2070 1167 2146 4,
1214 2076 1283 2134 et
1318 2070 1769 2134 accumulatur
1811 2072 2122 2153 potestati
2148 2068 2488 2135 ordinarioe
2519 2088 2643 2154 per
2681 2069 2791 2135 illa

565 2206 598 2245 α
636 2183 841 2250 verba
876 2190 1060 2248 etiam
1103 2190 1388 2265 tanquam
1427 2186 1604 2249 Sedis
1634 2186 1991 2266 Apostolicoe
2031 2185 2294 2265 deleyati
2343 2183 2794 2271 (ponderando

568 2322 600 2360 α
635 2316 863 2365 vocem
890 2306 1096 2379 etiam,
1133 2317 1277 2384 quoe
1316 2305 1418 2365 est
1464 2299 1948 2382 augmentativa
1990 2307 2059 2365 et
2100 2299 2500 2382 implicativa
2544 2318 2792 2385 proece-

565 2437 598 2475 cc
638 2412 983 2500 dentium);
1009 2413 1276 2481 videtur
1301 2417 1390 2480 sic
1411 2413 1941 2500 distinguendum
1971 2437 1985 2480 :
2018 2425 2134 2482 aut
2154 2417 2222 2481 in
2251 2417 2583 2483 erectione
2609 2435 2789 2482 novae

565 2553 596 2590 a
634 2530 958 2614 parochiae
989 2531 1345 2614 Episcopus
1374 2528 1676 2613 procedit
1700 2529 1848 2616 jure
1876 2529 2180 2615 delegato
2213 2539 2280 2596 in
2315 2553 2381 2596 eo
2407 2553 2549 2596 casu
2584 2540 2652 2597 in
2676 2553 2792 2614 quo

565 2671 598 2708 α
619 2655 764 2730 jure
789 2651 1103 2712 ordinario
1135 2668 1257 2712 non
1280 2655 1481 2730 potest
1515 2651 1832 2730 procedere
1872 2649 2054 2733 (puta
2084 2649 2233 2733 quia
2261 2650 2657 2717 erectionem
2695 2650 2792 2714 fa·

567 2787 599 2822 ιι
637 2764 727 2828 cit
768 2764 835 2828 in
863 2762 1170 2847 parochia
1201 2763 1494 2849 subjecta
1534 2763 1952 2848 regularibus
1982 2763 2354 2850 exemptis);
2390 2773 2460 2830 et
2488 2765 2611 2832 hoc
2641 2784 2794 2831 casu

566 2904 597 2941 α
629 2878 928 2945 existimo
961 2898 1090 2946 nou
1132 2878 1383 2964 requiri
1434 2898 1816 2946 consensum
1854 2880 2140 2964 capituli.
2199 2879 2569 2963 Capitulum
2613 2882 2786 2946 enim

569 3018 603 3058 κ
640 2995 763 3061 hoc
795 3013 944 3061 casu
970 3015 1097 3063 non
1125 3002 1343 3079 potest
1366 2995 1700 3081 conqueri,
1730 2994 1908 3081 quod
1926 3016 1995 3062 se
2018 2996 2383 3064 inconsulto
2411 2996 2615 3063 fuerit
2637 3014 2791 3081 pro·

565 3135 598 3174 «
632 3130 884 3178 cessum
912 3111 997 3178 ad
1033 3114 1461 3198 erectionem;
1490 3130 1641 3178 cum
1675 3112 1873 3195 Papa,
1911 3110 2102 3197 cujus
2130 3113 2308 3180 vices
2334 3113 2502 3197 gerit
2534 3111 2792 3196 delega-

565 3253 597 3290 «
634 3238 763 3308 tus,
806 3227 894 3295 ad
927 3230 1099 3295 illius
1133 3248 1516 3297 consensum
1552 3226 2020 3314 requirendum
2047 3247 2177 3293 non
2208 3227 2669 3313 adstringatur.
2697 3267 2790 3280 --

564 3369 597 3405 «
630 3347 757 3410 Aut
775 3344 1077 3431 procedit
1110 3344 1196 3411 ad
1231 3346 1633 3410 erectionem
1662 3344 2056 3410 authoritate
2096 3342 2421 3428 delegata,
2455 3351 2521 3409 in
2548 3364 2614 3408 co
2645 3365 2787 3407 casu

563 3484 596 3522 α
631 3467 699 3525 in
717 3482 831 3544 quo
850 3468 1047 3544 potest
1060 3466 1208 3542 jure
1229 3461 1542 3523 ordinario
1579 3458 1783 3544 (puta,
1812 3458 1879 3521 iu
1920 3458 2220 3541 parochia
2256 3475 2385 3526 nou
2415 3457 2782 3542 exempta);

562 3600 596 3636 a
637 3583 707 3640 et
733 3583 891 3640 tunc
928 3592 1165 3640 censeo
1200 3574 1635 3640 necessarium
1672 3591 1812 3638 esse
1864 3592 2247 3639 consensum
2282 3574 2580 3658 capituli,
2618 3575 2788 3639 sicut

563 3716 594 3753 «
634 3696 779 3754 erat
800 3691 867 3755 in
883 3689 1034 3774 jure
1068 3689 1300 3769 veteri,
1340 3687 1527 3775 cujus
1554 3687 2046 3773 dispositionem
2087 3689 2209 3757 hac
2249 3692 2316 3756 in
2353 3700 2541 3774 parte
2575 3692 2791 3756 conci-

561 3829 595 3867 «
624 3806 788 3871 lium
827 3801 1276 3870 'tridentinum
1323 3823 1455 3872 nou
1494 3805 1839 3871 sustulit...
1869 3806 1951 3871 Et
1987 3804 2151 3871 hanc
2197 3804 2675 3873 distinctionem
2721 3805 2788 3870 iu

563 3944 595 3981 α
632 3922 875 4005 Legato
904 3917 990 3986 de
1016 3920 1222 3986 latere
1257 3919 1559 4002 probavit
1592 3920 1661 3985 in
1694 3918 1932 3987 effectu
1954 3920 2277 3986 Marianus
2306 3920 2682 4004 SociuuS...;
2711 3930 2784 3987 ut

562 4062 595 4099 α
629 4037 877 4104 scilicet
911 4040 965 4103 si
1004 4036 1321 4121 procedat
1344 4043 1490 4120 jure
1525 4042 1841 4103 ordinario
1876 4040 2225 4120 leqationis,
2269 4046 2574 4104 teneatur
2603 4038 2787 4103 adhi-

561 4181 591 4218 «
630 4154 788 4221 bere
829 4154 1091 4242 capituli
1135 4171 1546 4231 consensum,
1588 4149 1671 4220 ad
1717 4173 1867 4220 eum
1919 4154 2186 4224 modum
2237 4171 2366 4240 quo
2407 4154 2788 4221 ordinarius

562 4299 593 4334 «
631 4270 984 4338 tenebatur
1027 4293 1040 4334 :
1077 4289 1265 4336 secus
1308 4271 1361 4335 si
1404 4269 1722 4355 procedat
1767 4274 2013 4353 speciali
2048 4278 2194 4354 jure
2246 4274 2660 4354 deleqationis.
2706 4272 2786 4336 Et

565 4413 597 4453 α
631 4386 922 4455 eamdem
939 4385 1420 4451 dictinctiouem
1443 4383 1748 4469 probavit
1772 4386 1961 4451 Sacra
1985 4384 2412 4472 Congregatio
2430 4389 2494 4454 in
2516 4389 2786 4456 materia
