3146 4973
543 410 669 491 664
1212 442 1587 493 rme-rarus
1632 443 1721 491 nn
1764 440 2092 491 Paaocno.

549 587 584 624 «
615 568 846 630 actuali
875 568 1257 650 expeditione
1288 573 1507 651 positis
1530 571 1561 632 Ρ
1607 570 1675 632 5⁰
1708 571 1802 633 An
1839 570 2000 632 idem
2043 586 2175 631 cum
2211 570 2512 635 militibus
2558 571 2784 633 nubere

550 702 585 741 r(
615 684 948 747 volentibus
996 704 1130 747 oum
1165 686 1427 764 foeminis
1475 704 1596 748 non
1645 659 2052 762 militaribus,
2095 687 2202 748 sed
2241 688 2466 765 Italis,
2514 691 2784 767 oriqina-

549 816 584 857 α
624 805 737 863 riis
774 802 889 863 loci
922 820 1025 863 seu
1042 802 1308 864 dioecesis
1344 806 1412 864 in
1440 820 1558 883 qua
1583 806 1967 884 reperiuntur
1990 804 2112 863 ,9-
2132 804 2323 866 Sacra
2348 804 2775 882 Conqreqatio,

549 936 584 975 r(
623 917 708 979 ad
747 920 1034 997 primum,
1080 918 1423 994 secundum,
1470 921 1739 995 tertium,
1785 922 2070 998 quartum
2113 923 2174 979 et
2217 921 2494 998 quintum
2535 933 2785 996 respon-

549 1053 583 1094 «
618 1034 716 1096 dit
756 1037 1055 1114 myative.
1079 1054 1112 1093 υ
1152 1031 1618 1118 (Reiffenstuel,
1653 1031 1796 1098 loco
1826 1033 2048 1111 citato,
2086 1051 2152 1095 n.
2192 1034 2277 1099 96
2311 1038 2383 1097 et
2411 1028 2552 1115 97.)

638 1169 672 1209 «
702 1147 812 1214 IV.
855 1148 952 1214 Ex
994 1148 1335 1231 praemissis
1384 1146 1612 1214 educit
1657 1146 2084 1214 Reiffenstuel
2132 1147 2324 1232 plura
2367 1149 2786 1213 consectaria

542 1265 610 1328 in
640 1260 814 1328 hunc
861 1262 1126 1330 modum
1176 1285 1190 1328 :
1247 1287 1279 1326 α
1306 1264 1602 1330 Infertur
1645 1267 1708 1328 1ο
1747 1263 1924 1348 quod
1965 1266 2031 1328 in
2080 1283 2273 1329 causa
2314 1265 2784 1330 controversias

551 1402 585 1442 «
621 1389 736 1447 aut
757 1380 960 1459 dubii,
992 1401 1074 1446 an
1103 1382 1464 1465 cappellani
1494 1388 1858 1448 castrenses
1888 1380 2102 1448 valide
2150 1382 2452 1447 assistere
2479 1381 2741 1445 valeant
2759 1428 2776 1457 ,

552 1518 585 1560 «
619 1498 730 1564 vel
782 1495 997 1563 valide
1053 1495 1427 1563 adstiterint
1477 1498 1884 1564 matrimonio
1931 1498 2231 1574 militum,
2283 1505 2418 1561 tam
2463 1493 2783 1581 parochus

552 1635 587 1675 «
623 1630 815 1698 quam
865 1594 1246 1678 ordinarius
1290 1610 1602 1697 indagare
1644 1615 1891 1697 possint
1940 1631 2017 1678 ac
2055 1611 2370 1691 debeant,
2410 1619 2480 1677 et
2523 1610 2776 1688 videre,

552 1750 585 1790 c«
618 1747 702 1793 an
731 1734 800 1795 et
834 1729 1092 1814 qualem
1122 1726 1404 1795 habeant
1441 1729 1823 1795 facultatem
1865 1736 1980 1794 aut
2008 1728 2336 1794 licentiam
2357 1747 2394 1793 a
2419 1726 2586 1793 Sede
2614 1728 2782 1811 Apo-

553 1868 587 1906 «
622 1844 871 1923 stolica,
896 1844 1002 1910 vel
1028 1842 1112 1908 ab
1141 1843 1485 1910 Ordinario
1525 1861 1920 1921 concessam,
1950 1850 2020 1908 ct
2048 1842 2240 1928 juxta
2282 1849 2583 1908 tenorem
2613 1842 2783 1907 illius

554 1983 586 2021 «
621 1958 942 2046 judicare.
985 1959 1280 2026 Infertur
1322 1962 1390 2024 2⁰
1435 1957 1636 2043 quod,
1676 1959 1798 2024 etsi
1826 1958 2246 2042 cappellanus
2288 1958 2634 2023 castrensis
2678 1956 2784 2022 ha-

552 2097 588 2138 «
621 2076 776 2142 beat
816 2075 1145 2141 licentiam
1193 2074 1276 2140 ab
1322 2072 1669 2141 Ordinario
1714 2075 1908 2138 unius
1958 2070 2279 2151 dioecesiS,
2306 2074 2372 2139 vi
2414 2071 2608 2157 hujus
2648 2091 2778 2138 non

554 2215 589 2255 «
628 2192 833 2277 possit
883 2192 1180 2258 assistere
1226 2191 1633 2257 matrimonio
1679 2208 1945 2256 suorum
1993 2190 2296 2267 militum,
2344 2190 2397 2254 si
2454 2189 2522 2254 in
2570 2189 2782 2253 aliena

555 2330 590 2372 α
631 2308 898 2375 dioecesi
923 2309 1068 2374 illos
1096 2317 1353 2375 exstare
1372 2308 1742 2392 contigerit,
1774 2313 1974 2391 prout
2000 2324 2310 2389 expresse
2336 2311 2519 2389 patet
2550 2324 2636 2371 ex
2663 2302 2781 2370 dc·

558 2447 592 2488 «
624 2425 998 2505 claratione,
1032 2426 1098 2493 vi
1149 2424 1334 2511 cujus
1384 2425 1804 2509 cappellanus
1847 2425 2194 2490 castrensis
2240 2422 2324 2490 ad
2363 2421 2577 2489 valide
2621 2423 2777 2489 assi-

560 2565 594 2604 «
626 2541 932 2609 stendum
963 2542 1378 2609 matrimonio
1400 2540 1644 2608 habere
1675 2540 1881 2607 dehet
1903 2541 2012 2607 vel
2052 2540 2435 2606 facultatem
2469 2539 2785 2624 Apostoli-

558 2682 593 2722 «
627 2678 798 2738 cam,
828 2660 938 2726 vel
985 2659 1318 2726 licentiam
1358 2664 1429 2724 et
1477 2657 2018 2743 approbationem
2076 2657 2402 2725 ordinarii
2424 2706 2439 2736 ,
2482 2657 2551 2722 in
2596 2655 2785 2741 cnjus

560 2798 594 2836 «
629 2774 896 2841 dioecesi
925 2782 1187 2840 exstare
1216 2774 1586 2858 contigerit.
1630 2773 1925 2840 Infertur
1955 2777 2029 2839 3⁰
2061 2773 2385 2839 sublatam
2426 2791 2569 2839 esse
2606 2772 2782 2837 illam

561 2914 596 2954 «
631 2892 1143 2956 controversiam
1188 2897 1257 2955 et
1302 2889 1758 2968 differentiam,
1813 2887 1974 2974 quid
2006 2888 2093 2956 de
2130 2889 2278 2975 jure
2315 2891 2385 2955 in
2427 2895 2673 2968 castris,
2717 2897 2785 2954 et

561 3027 594 3069 κ
627 3003 787 3091 quid
812 3005 879 3070 in
905 3009 1212 3087 praesidiis
1247 3024 1364 3070 seu
1410 3006 1757 3091 quartieris
1802 3003 2104 3089 valeant3
2153 3005 2304 3090 quia
2328 3003 2518 3090 juxta
2544 3004 2785 3088 allega-

557 3143 594 3185 «
628 3130 696 3188 ta
741 3123 963 3187 nullibi
1004 3120 1357 3207 quidquam
1385 3121 1627 3199 valent,
1662 3120 1785 3185 nisi
1816 3128 2133 3205 quantum
2179 3128 2250 3186 et
2286 3120 2569 3205 qualiter
2605 3120 2782 3203 Papa

562 3259 597 3298 α
632 3237 739 3303 vel
775 3235 1160 3304 ordinarius
1204 3235 1598 3302 concedunt.
1653 3235 1946 3301 Infertur
1982 3237 2054 3299 4⁰
2096 3235 2275 3321 quod
2323 3237 2376 3300 si
2420 3236 2784 3320 cappellani

563 3375 598 3416 α
632 3358 994 3418 castrenses
1041 3350 1125 3416 ab
1167 3349 1515 3416 Ordinatio
1553 3351 1748 3417 unius
1784 3349 1894 3416 vel
1938 3350 2207 3416 alterius
2252 3350 2552 3418 dioecesis
2585 3351 2785 3417 licen-

564 3492 598 3532 α
632 3471 789 3535 tiam
838 3468 1142 3547 habeant,
1187 3468 1548 3534 exercitum
1597 3476 1817 3534 autem
1862 3466 1947 3534 ad
1975 3468 2164 3533 aliam
2193 3466 2524 3534 dioecesim
2558 3468 2784 3534 venire

565 3609 599 3646 α
632 3586 996 3668 contigerit,
1027 3583 1110 3649 ab
1138 3582 1481 3651 Ordinario
1510 3585 1657 3650 talis
1681 3582 1983 3651 dioecesis
2017 3584 2349 3650 licentiam
2381 3591 2638 3668 petere,
2679 3584 2784 3650 vel

564 3724 599 3764 a
632 3700 715 3767 ab
747 3701 1109 3766 assistentia
1149 3700 1598 3766 matrimoniali
1628 3699 1984 3778 abstinere,
2029 3718 2303 3784 eamque
2345 3700 2632 3785 parocho
2661 3700 2786 3766 loci

568 3836 599 3871 α
631 3813 1002 3898 relinquere
1055 3810 1361 3890 debeant,
1406 3813 1542 3878 sive
1594 3812 1747 3879 dein
1794 3812 1861 3877 in
1899 3810 2234 3896 praesidiis,
2275 3812 2411 3878 sive
2452 3812 2520 3877 in
2561 3813 2788 3877 castris

567 3951 599 3991 α
633 3934 896 3996 exstent
937 3928 1249 3994 milites»
1305 3926 1769 4015 (Reiffenstuel,
1819 3928 1963 3995 loco
2004 3929 2223 4008 citat0,
2267 3947 2334 3994 n.
2365 3931 2473 4006 98,
2510 3931 2619 4006 99,
2664 3929 2788 3993 100

561 4054 633 4112 et
672 4045 853 4131 101.)

650 4165 731 4230 V.
760 4164 1081 4231 Remanet
1105 4161 1416 4230 solvenda
1450 4162 1741 4248 quaestio,
1787 4179 1942 4228 num
1982 4158 2145 4227 dicti
2190 4159 2553 4245 cappellani
2589 4158 2788 4226 facul·

561 4288 762 4358 tateS,
807 4299 928 4364 pro
975 4278 1345 4345 exercenda
1392 4298 1548 4344 cura
1596 4278 1768 4342 circa
1806 4277 2077 4355 milites,
2126 4276 2424 4361 recipere
2462 4276 2708 4361 possint
2751 4295 2788 4341 a

564 4393 791 4479 majori
813 4393 1213 4479 cappellam,
1242 4411 1359 4458 seu
1374 4411 1606 4476 magno
1641 4392 2155 4478 eleemosynario
2188 4391 2360 4476 regis
2382 4409 2498 4457 seu
2517 4391 2790 4474 impera·

564 4510 773 4575 toris?
806 4509 888 4573 Et
922 4505 1453 4592 respondendum
1484 4508 1809 4591 negative,
1859 4509 1981 4574 nisi
2022 4506 2092 4573 id
2125 4525 2435 4593 expresse
2484 4506 2786 4572 statuerit
