3146 4973
1192 445 1352 494 rans
1394 445 1624 495 rmus.
2442 436 2528 498 65

295 563 512 650 adegit
534 566 906 632 Parisiensis
943 566 1216 635 facultas
1239 575 1316 635 ut
1350 578 1567 637 errata
1596 577 1977 649 retractam,
2006 569 2429 655 profiteretur
2462 576 2530 642 in

296 678 466 745 bunc
495 679 803 746 modum:
836 685 1080 747 Domini
1104 690 1306 749 curati
1330 691 1557 749 suntin
1577 687 1845 749 Ecclesia
1875 692 2133 750 minores
2162 691 2443 770 Proeiati,
2472 701 2533 757 et

294 797 619 861 hierarcha·
645 817 726 861 αι’
744 802 953 880 prima
980 804 1363 865 institutione
1384 803 1642 866 Christi.
1669 801 1836 866 Item
1863 820 2032 866 anno
2064 803 2230 870 1429
2253 804 2534 873 loannes

296 910 589 977 Sarrazin
604 959 621 990 ,
658 911 954 999 ejusdem
985 912 1315 981 facultatis
1334 914 1520 1001 jussu
1535 964 1551 989 ,
1581 916 1647 980 iu
1669 915 1836 981 hanc
1855 917 2368 1000 compellebatur
2389 940 2535 1005 pro-

292 1027 677 1109 positionem
726 1050 742 1094 :
791 1034 1001 1094 Dicere
1045 1034 1403 1112 inferiorum
1449 1035 1854 1096 Proelatorum
1894 1040 2249 1114 potestatem
2269 1041 2535 1119 jurisdi-

290 1149 530 1225 ctionis,
567 1149 696 1209 sive
722 1149 849 1211 sint
879 1149 1182 1230 Episcopi,
1219 1153 1345 1211 sive
1370 1153 1495 1213 sint
1528 1154 1752 1228 curati,
1792 1168 1914 1212 esse
1944 1152 2287 1213 immediate
2313 1171 2353 1214 a
2379 1156 2524 1235 Deo,

240 1334 247 1343 ,
292 1261 670 1342 Evanqelicae
717 1267 779 1324 ci
824 1263 1181 1344 Apostolicoe
1234 1270 1518 1327 consonat
1568 1268 1817 1327 ver-itaci
1871 1260 2072 1348 (apud
2118 1262 2528 1348 d'Argentre,

293 1377 581 1441 Cotta-tio
593 1379 991 1459 judiciorum,
1018 1383 1179 1443 tom.
1206 1380 1270 1456 2,
1302 1396 1450 1462 pag.
1486 1381 1613 1445 178
1642 1384 1712 1443 et
1737 1376 1919 1462 227).
1948 1378 2350 1447 Contrarium
2378 1400 2537 1468 ergo

293 1489 473 1556 nobis
516 1491 871 1559 Sorbonam
899 1512 1030 1560 uon
1072 1492 1427 1560 diffitemur
1461 1517 1477 1560 :
1520 1494 1742 1560 valere
1772 1502 1993 1560 autem
2037 1493 2184 1580 ejus
2210 1496 2331 1563 hac
2361 1500 2430 1563 in
2459 1517 2536 1566 re

292 1607 753 1675 auctoritatem
789 1609 1051 1676 minime
1082 1609 1519 1677 concedmus.
1560 1612 1660 1677 De
1692 1628 1821 1696 qua
1855 1617 2210 1694 propterea
2243 1612 2542 1682 breviter

289 1720 715 1789 recolendum
736 1771 755 1803 ,
815 1724 1076 1810 qualem
1129 1744 1200 1792 se
1252 1745 1291 1791 a
1347 1724 1572 1810 primis
1627 1726 1726 1791 sui
1782 1724 2070 1792 exordiis
2122 1727 2492 1797 exhibuerit
2512 1779 2532 1809 ,

288 1838 553 1922 qualem
582 1838 649 1903 in
677 1837 963 1905 decursu
985 1886 1002 1918 ,
1040 1846 1111 1906 et
1140 1840 1347 1925 qualis
1378 1819 1646 1905 taudem
1677 1840 2085 1907 occubuerit.

375 1955 894 2021 Universitatem
970 1956 1402 2023 Parisieusem
1476 1954 1875 2023 fundaverat
1941 1956 2208 2023 Carolus
2269 1960 2541 2042 Magnus

290 2088 453 2137 anuo
486 2072 657 2155 7903
694 2071 759 2136 in
791 2089 920 2156 qua
948 2074 1214 2153 facultas
1252 2072 1580 2153 theoloqica
1619 2079 1921 2157 quartam
1950 2072 2157 2137 veluti
2183 2074 2538 2141 sectionem

293 2185 693 2253 efformabat.
762 2187 1179 2254 Decurrente
1238 2185 1372 2270 jam
1437 2185 1656 2252 medio
1716 2186 1955 2252 saeculo
2006 2184 2265 2253 decimo
2312 2189 2532 2267 tertio,

295 2301 553 2386 quidam
578 2301 909 2370 Robertus
949 2300 1035 2369 de
1063 2286 1314 2370 Sorbou
1342 2300 1607 2368 domum
1638 2302 1937 2379 instituit,
1967 2303 2032 2366 in
2058 2319 2187 2386 qua
2213 2302 2542 2369 facultatis

295 2416 667 2504 theologieoe
719 2418 1121 2504 professores
1173 2418 1499 2486 communi
1549 2418 1686 2483 vita
1736 2415 1980 2502 degere
2035 2424 2319 2502 possent.
2376 2419 2541 2484 Hinc

296 2532 521 2602 domus
556 2535 674 2601 illa
709 2534 990 2602 Sor-bom
1016 2536 1278 2602 nomine
1318 2534 1592 2602 vocitari
1621 2541 1867 2618 coepto3
1905 2539 2103 2619 atque
2132 2537 2200 2600 in
2227 2555 2306 2601 ea
2333 2535 2540 2621 major

296 2667 437 2732 pars
485 2650 681 2716 dictoe
734 2649 1063 2718 facultatis
1098 2650 1387 2735 versari3
1442 2651 1533 2715 ita
1582 2647 1762 2735 quod
1812 2652 2079 2715 Sorbona
2114 2658 2186 2715 et
2230 2653 2540 2734 theoloqioe

296 2766 550 2842 facultas
576 2785 704 2852 pro
735 2769 1115 2853 synonymis
1142 2765 1298 2834 dein
1332 2784 1454 2832 usu
1485 2766 1811 2831 venerint.
1843 2765 2028 2830 Anno
2063 2768 2228 2831 1253
2265 2765 2544 2833 fundata

296 2887 393 2946 est
435 2882 744 2950 Sorbonoe
798 2881 1031 2949 domus
1083 2903 1099 2947 t
1153 2880 1239 2948 ad
1282 2899 1476 2967 quam
1531 2878 1811 2963 proinde
1861 2882 2198 2964 pertinere
2245 2883 2539 2967 nequivit

296 2998 598 3080 magister
635 2999 1104 3065 sententiarum
1128 3047 1144 3077 ,
1185 2996 1258 3064 id
1307 3005 1409 3064 est
1452 2998 1692 3064 Petrus
1735 2995 2156 3073 Lombardus,
2205 2998 2318 3082 qui
2355 3005 2538 3064 tanta

300 3109 458 3178 fama
500 3115 570 3180 in
602 3115 1030 3181 universitate
1078 3113 1425 3180 Parisieusi
1461 3113 1775 3179 anteriori
1812 3112 2054 3177 soeculo
2099 3112 2536 3196 professorem

299 3236 544 3309 egerat.
582 3229 756 3295 Item
790 3247 921 3294 uon
952 3229 1018 3293 in
1051 3228 1246 3295 domo
1283 3226 1587 3293 Sorbonae
1611 3274 1627 3304 ‚
1671 3225 1792 3294 sed
1820 3227 1888 3290 in
1916 3226 2053 3291 suis
2088 3226 2386 3292 claustris
2422 3225 2539 3293 de-

302 3342 535 3425 gebant
568 3350 835 3411 sanctus
874 3342 1169 3422 Thomas,
1216 3347 1479 3408 sanctus
1526 3343 2010 3420 Bonaventura,
2045 3340 2413 3407 Alexander
2449 3339 2536 3408 de

305 3457 443 3524 Ales
457 3507 475 3538 ,
518 3461 758 3545 aliique
802 3459 1135 3525 clarissimi
1168 3458 1495 3525 facultatis
1542 3457 1923 3541 theologicae
1975 3456 2352 3522 Parisieusis
2402 3475 2535 3522 ma-

308 3573 502 3654 gistri,
536 3576 701 3641 licet
726 3574 860 3659 jam
890 3574 1196 3642 Sorbonae
1224 3573 1600 3670 synchroni.

391 3689 613 3756 coetus
647 3696 869 3756 autem
905 3690 1019 3775 qui
1062 3690 1130 3754 in
1171 3688 1476 3757 Sorbonae
1506 3687 1703 3754 domo
1734 3684 2022 3771 degebat
2054 3686 2186 3771 jam
2235 3686 2319 3754 ab
2353 3688 2540 3753 initio

315 3805 628 3885 pestiferis
676 3804 1065 3889 quibusdam
1121 3804 1521 3890 germinibus
1565 3823 1709 3870 sese
1745 3802 2065 3869 infectum
2114 3801 2414 3870 exhibuit
2430 3850 2447 3881 ,
2496 3825 2536 3870 e

315 3919 537 4003 quibus
556 3928 787 4005 postea
830 3922 1035 4004 magis
1062 3938 1138 3986 ac
1184 3920 1386 4005 magis
1414 3917 1730 3985 morbidoe
1762 3915 2077 3983 doctrinoe
2102 3916 2358 3984 fructus
2384 3935 2538 3984 eru-

319 4042 568 4114 perant.
599 4034 782 4099 Unus
826 4034 1002 4099 euim
1030 4054 1068 4100 e
1100 4033 1327 4116 primis
1354 4031 1658 4098 Sorbonae
1689 4029 1916 4097 incolis
1941 4029 2068 4096 fuit
2096 4027 2331 4097 doctor
2357 4031 2537 4098 Guil-

322 4143 539 4214 lelmus
568 4147 656 4215 de
686 4148 1148 4226 saint-Amour,
1182 4146 1615 4213 infensissimo
1662 4163 1784 4211 suo
1823 4146 1892 4210 in
1923 4145 2324 4228 regularium
2360 4144 2538 4212 ordi-

324 4279 432 4328 nes
456 4266 690 4344 animo,
724 4273 795 4332 et
815 4283 1091 4333 erronea
1118 4261 1507 4349 parochismi
1533 4259 1832 4327 doctriua
1860 4260 2299 4345 percelebris3
2333 4277 2534 4346 quem

331 4378 736 4450 confutarunt
762 4388 1024 4448 sanctus
1049 4378 1321 4446 Thomas
1351 4386 1422 4445 et
1450 4384 1715 4446 sanctus
1733 4378 2216 4454 Bonaventura,
2243 4383 2314 4443 et
2347 4373 2536 4458 cuius

335 4509 517 4577 opera
541 4494 625 4564 ab
654 4493 1019 4566 Alexandro
1060 4494 1148 4562 l'V
1190 4495 1370 4578 Papa
1424 4490 1729 4562 damnata
1753 4499 1930 4559 sunt.
1967 4491 2106 4558 Nec
2137 4489 2263 4556 sibi
2290 4486 2538 4556 dissen-

2223 4599 2261 4662 5
