3146 4973
1204 433 1359 479 raas
1403 432 1663 479 murm.
2403 420 2528 483 303

301 555 620 639 personis,
656 562 725 620 et
757 576 794 621 a
850 554 1233 640 quibusnam
1287 558 1573 639 ipsarum
1621 555 1875 622 actibus
1917 555 2208 640 pendeat
2241 554 2528 641 provisio

302 669 621 754 ejusmodi
647 670 1121 754 parochiarum,
1178 690 1320 756 quae
1370 671 1593 737 liberae
1646 672 2009 738 collationis
2041 691 2172 737 non
2223 681 2399 750 sunt,
2463 673 2530 739 id

303 792 427 865 est,
469 785 922 870 parochiarum
946 787 1114 872 juris
1147 795 1550 870 patronatus,
1596 796 1667 854 et
1703 787 2159 871 parochiarum
2193 790 2384 854 alicui
2425 808 2531 854 ca·

302 901 532 985 pitulo,
571 904 1064 983 monasteriove,
1098 911 1213 969 aut
1246 902 1563 971 beneficio
1595 905 1944 971 unitarum.

1233 1187 1499 1254 CAPUT
1537 1190 1590 1251 Ῐ.

342 1455 387 1499 Δ
415 1453 654 1515 QUIBUS
689 1453 996 1503 PERsoms
1034 1456 1117 1501 ET
1151 1454 1422 1505 acrinus
1451 1455 1756 1503 PENDRAT
1796 1455 2268 1505 PAltocmARun
2299 1457 2481 1509 smus

1022 1569 1438 1620 PATRONATUS
1482 1570 1803 1619 PRovlslo.

390 1820 440 1881 l.
478 1822 566 1882 De
590 1825 923 1882 necessaria
951 1825 1417 1900 proesentubione
1439 1839 1518 1881 ex
1537 1827 1716 1899 parte
1749 1827 2018 1899 patroni.
2038 1854 2129 1867 —-
2161 1825 2223 1884 10
2253 1822 2518 1887 Certum

298 1942 400 1999 est
428 1935 676 2000 nullum
708 1936 1017 2000 clericum
1044 1954 1228 2020 posse
1259 1944 1585 2001 rectorem
1609 1938 1912 2002 constitui
1942 1938 2008 2002 in
2039 1938 2341 2022 parochia
2367 1940 2528 2022 juri·

299 2057 681 2133 patronatus
712 2050 1009 2129 obnoxia,
1038 2052 1161 2116 nisi
1200 2071 1327 2136 per
1367 2060 1717 2136 patronum
1754 2053 1837 2131 ei,
1876 2052 1961 2117 ad
1998 2072 2192 2138 quem
2235 2056 2527 2136 pertinet

299 2165 765 2230 iustitutionem
823 2166 1064 2244 facere,
1106 2174 1565 2250 praesentetur.
1600 2168 1760 2232 Nam
1809 2169 1876 2232 in
1927 2167 2049 2234 hoc
2090 2169 2524 2252 praesentandi

294 2278 465 2363 jure,
503 2289 571 2345 et
611 2282 675 2343 in
720 2280 837 2345 hac
866 2284 1379 2365 praesentationis
1404 2304 1442 2348 a
1464 2291 1742 2366 patrono
1772 2288 2159 2349 necessitate
2196 2285 2523 2368 proecipue

298 2396 592 2460 consistit
634 2395 799 2480 juris
838 2405 1221 2479 patronatus
1270 2400 1723 2483 praerogativa,
1764 2407 1840 2464 ut
1892 2398 2140 2465 dictum
2183 2407 2283 2465 est
2327 2418 2526 2483 supra

303 2513 511 2597 (parte
552 2514 614 2590 2,
656 2514 866 2595 capite
906 2518 967 2592 8,
1011 2521 1041 2591 5
1089 2511 1173 2599 1).
1221 2518 1289 2578 20
1339 2516 1468 2580 Per
1518 2515 2089 2598 praesentationem
2134 2524 2524 2599 praesentato

299 2630 659 2713 acquiritur
686 2627 792 2713 jus
821 2633 906 2693 ad
939 2630 1308 2712 beneficium,
1368 2650 1497 2696 non
1540 2636 1758 2696 autem
1794 2636 1862 2695 in
1909 2633 2220 2712 beneficio‚·
2264 2630 2337 2697 id
2393 2642 2515 2710 est,

298 2762 419 2827 per
448 2745 648 2809 solam
677 2748 1237 2828 proesentationem
1266 2764 1396 2811 non
1419 2746 1633 2812 adhuc
1657 2746 1934 2813 efficitur
1967 2748 2295 2830 legitimus
2321 2748 2528 2813 bene-

297 2858 427 2923 ficii
461 2877 791 2943 possessor
833 2860 1173 2947 (siquidem
1205 2860 1291 2927 ad
1319 2861 1440 2926 hoc
1461 2864 1824 2947 requiritur
1859 2864 2129 2946 iusuper
2149 2862 2519 2947 institutio);

299 2973 419 3039 sed
462 2974 568 3058 jus
613 2975 813 3041 habet
863 2985 1116 3042 tautum
1168 2985 1244 3041 ut
1296 2977 1697 3055 instituatur,
1761 2984 1830 3042 et
1873 2976 2277 3062 judicialiter
2328 2997 2522 3062 agere

300 3097 517 3172 potest
548 3099 623 3156 ut
660 3092 1000 3169 institutio,
1035 3100 1340 3176 tanquam
1382 3091 1540 3176 quid
1578 3093 1699 3158 sibi
1736 3091 2062 3171 debitum,
2096 3091 2517 3159 concedatur.

302 3203 491 3290 (Vide
522 3206 934 3285 Leurenium,
971 3213 1191 3271 Forum
1224 3209 1586 3286 beneficiate,
1619 3216 1809 3291 parte
1853 3211 1917 3286 2,
1976 3226 2039 3292 q.
2104 3211 2215 3272 121
2239 3207 2281 3291 .)
2319 3211 2389 3273 3⁰
2436 3209 2523 3273 Ut

296 3320 514 3386 valeat
539 3323 972 3403 praesentatiO,
1002 3321 1205 3389 debet
1246 3343 1283 3388 a
1314 3331 1706 3407 praesentato
1733 3326 2085 3407 acceptari.
2112 3325 2515 3410 (Leurenius,

297 3434 564 3515 ibidem,
595 3455 660 3522 q.
697 3437 872 3522 122.)
908 3441 977 3503 40
1004 3440 1066 3504 Si
1098 3440 1320 3523 plures
1352 3447 1853 3523 praesententur,
1876 3439 2118 3505 habent
2145 3445 2398 3505 tantum
2416 3436 2522 3521 jus

296 3560 373 3616 ut
396 3569 566 3617 unus
588 3573 671 3618 ex
694 3553 848 3637 ipsis
876 3554 1689 3641 instituatur.(LeureniuS,
1716 3553 1980 3632 ibidem,
2004 3574 2070 3619 n.
2095 3553 2190 3638 3.)
2210 3556 2278 3617 5⁰
2295 3578 2326 3614 α
2354 3554 2520 3618 Prae-

303 3691 334 3728 a
372 3669 650 3734 sentatio
678 3670 1038 3734 necessario
1089 3669 1289 3736 debet
1345 3671 1491 3735 fieri
1542 3689 1761 3735 coram
1817 3669 2099 3737 habente
2147 3670 2510 3734 instituere.

304 3803 337 3840 κ
375 3777 631 3846 Pendet
659 3783 829 3846 enim
853 3781 1153 3847 validitas
1177 3782 1689 3864 praesentationis
1713 3801 1792 3847 ex
1819 3801 2136 3848 concursu
2155 3783 2354 3848 trium
2378 3802 2519 3866 per-

304 3917 339 3954 «
365 3914 689 3974 sonarum,
716 3898 1184 3979 praesentantis,
1216 3898 1608 3980 praesentati,
1644 3905 1713 3962 et
1754 3896 2052 3962 habentis
2086 3898 2451 3962 instituere.
2479 3921 2512 3958 ι»

302 4012 707 4097 (Leurenius,
740 4012 1005 4092 ibidem,
1043 4032 1107 4098 q.
1155 4012 1329 4097 123.)
1358 4017 1429 4078 60
1452 4015 1731 4080 Necesse
1769 4034 1901 4081 non
1939 4021 2040 4080 est
2088 4020 2164 4078 ut
2207 4022 2518 4097 patronus

294 4129 726 4210 corporaliter
756 4148 878 4212 per
900 4129 1182 4212 seipsum
1218 4136 1602 4213 praesentet3
1644 4128 1762 4195 sed
1800 4137 2015 4213 potest
2036 4128 2105 4193 id
2136 4147 2257 4212 per
2283 4147 2517 4212 procu-

296 4250 582 4310 ratorem
626 4244 866 4321 facere,
917 4244 1022 4309 vel
1070 4247 1267 4310 etiam
1310 4263 1432 4328 per
1476 4246 1753 4310 litteras.
1802 4245 2206 4331 (LeureniuS,
2241 4244 2509 4323 ibidem,

294 4378 363 4443 q.
407 4357 582 4444 124.)
613 4367 681 4426 70
704 4361 875 4426 Item
910 4379 1177 4426 necesse
1229 4381 1359 4427 non
1418 4371 1517 4427 est
1570 4369 2036 4445 praesentatum
2086 4362 2519 4445 corporaliter

298 4482 688 4558 praesentem
719 4477 855 4541 sisti
886 4494 1101 4541 coram
1136 4477 1244 4542 illo
1272 4475 1359 4541 ad
1397 4495 1592 4560 quem
1622 4478 1906 4560 pertinet
1949 4475 2057 4558 ⁸jus
2096 4474 2511 4557 instituoedi3
