3146 4973
1274 296 1432 352 raas
1472 297 1701 347 emm.
2524 300 2594 361 71

368 434 516 498 eum
564 415 721 504 huic
764 418 1045 506 opinioni
1085 439 1220 496 non
1258 421 1677 504 patrocinari.
1710 429 2013 507 Quartum
2039 438 2497 516 argumentum
2539 438 2606 503 in

362 552 441 602 eo
475 531 736 620 nititur,
773 533 955 621 quod
1001 542 1301 624 tempore
1334 535 1488 630 Arii2
1529 538 1941 612 Alexandriae
1979 547 2049 607 et
2083 543 2300 612 Romae
2346 551 2606 626 exstite-

360 647 492 715 rint
536 647 813 732 parochi
850 670 867 714 2
910 648 1086 718 unde
1125 653 1336 737 arguit
1371 672 1483 720 eos
1526 672 1787 739 semper
1824 657 2167 738 exstitisse,
2206 680 2280 732 ac
2326 664 2604 746 proinde

357 760 592 828 divinae
644 781 792 832 esse
853 764 1271 836 institutionis
1333 768 1761 854 reputandos.
1805 807 1896 818 —
1931 772 2028 838 An
2077 773 2484 846 Alexandriae
2536 789 2604 854 et

356 879 577 966 Bomae
614 880 996 958 exstiterint
1023 883 1291 974 proprie
1325 882 1482 956 dicti
1513 886 1802 970 parochi,
1824 886 2155 982 disputata
2179 893 2359 982 apud
2390 894 2606 962 erudi-

356 1003 455 1080 tos
480 997 766 1083 quaestio
799 1006 901 1065 est
940 1020 955 1063 ε
990 998 1113 1066 sed
1143 998 1267 1067 hoc
1298 1003 1580 1072 transire
1608 1005 1948 1090 permiSSO,
1985 1008 2153 1074 male
2186 1010 2604 1080 concluditur

351 1130 462 1178 eos
483 1133 724 1196 semper
743 1115 814 1180 in
838 1113 939 1196 his
958 1113 1234 1182 urbibus
1263 1126 1333 1184 et
1362 1117 1517 1185 alibi
1542 1120 1862 1190 exstitisse
1891 1142 1905 1187 :
1940 1142 2024 1188 ex
2047 1141 2128 1189 eo
2151 1144 2385 1211 nempe
2415 1128 2597 1214 quod

348 1229 435 1294 ihi
463 1228 818 1300 adfuerint
848 1239 1144 1317 tempore
1181 1231 1344 1311 Arii,
1389 1254 1518 1301 non
1544 1237 1844 1321 sequitur
1874 1239 2312 1306 anterioribus
2345 1252 2602 1329 tempo-

347 1343 528 1428 ribus
555 1345 878 1424 adfuisse.
913 1349 997 1413 Et
1032 1347 1324 1429 tandem,
1355 1358 1432 1420 ut
1460 1369 1662 1435 supra
1686 1352 1941 1420 dictum
1981 1361 2103 1431 est,
2143 1357 2395 1424 etiamsi
2425 1378 2597 1426 sem-

344 1479 462 1544 per
484 1461 572 1530 ab
605 1462 797 1530 initio
827 1460 1210 1546 adfuissent,
1234 1484 1365 1530 non
1392 1464 1607 1548 adhuc
1625 1476 2019 1553 sequeretur
2042 1489 2183 1538 esse
2216 1491 2329 1538 eos
2353 1473 2587 1543 divinae

342 1576 748 1658 institutioni
789 1576 1281 1660 adscribendos,
1319 1586 1612 1661 Quintum
1650 1589 1720 1649 et
1739 1582 2098 1654 Achilleum
2127 1598 2588 1670 argumentum

342 1700 463 1770 est,
514 1694 929 1774 contrariam
969 1695 1340 1784 opinionem
1369 1717 1406 1762 a
1435 1697 1722 1770 Sorbona
1769 1699 1953 1764 velut
1988 1701 2362 1769 haereticam
2393 1705 2593 1774 fuisse

339 1809 693 1878 confixam.
712 1846 806 1857 —
835 1809 1031 1894 Quod
1065 1810 1334 1900 quidem
1365 1813 1670 1880 Sorbonae
1701 1816 2137 1902 arrogantiam
2169 1826 2237 1882 et
2258 1825 2592 1898 transver-

340 1944 473 1991 sam
511 1933 819 2004 mentem
856 1927 1138 2012 probare
1182 1927 1630 2014 concedimus;
1666 1939 1736 1996 at
1773 1939 2095 2016 praetcrea
2135 1932 2314 2000 nihil.

426 2041 527 2110 Ex
578 2062 711 2128 qua
746 2044 1130 2112 recensione
1169 2052 1385 2127 patet,
1436 2045 1682 2111 nullam
1728 2047 2052 2114 Juvenino
2102 2048 2591 2118 concedendam

340 2177 478 2224 esse
509 2159 1011 2238 auctoritatem,
1050 2161 1245 2228 etiam
1270 2163 1538 2232 attentis
1569 2162 1785 2242 variiS,
1817 2182 1976 2249 quas
2006 2182 2087 2228 cx
2119 2164 2412 2248 professo
2441 2184 2589 2231 con-

339 2275 556 2357 gessit,
594 2273 991 2354 rationibus.

1420 2471 1532 2536 lv.

434 2664 803 2717 Probatos-um
836 2667 1131 2722 άοοιοηιω,
1172 2668 1265 2731 qui
1297 2665 1453 2731 objici
1483 2672 1721 2728 possunt,
1759 2669 2052 2721 auctoritas
2079 2672 2187 2721 vim
2210 2672 2478 2735 probandi

1309 2772 1421 2817 Μ
1450 2757 1619 2812 habet.

419 2968 477 3034 Α
510 2967 847 3049 nonnuliis
896 2967 1091 3047 etiam
1134 2967 1394 3050 optimas
1444 2973 1615 3033 notae
1655 2964 2035 3037 doctoribus
2082 2969 2336 3038 habitos
2373 2973 2570 3041 fuisse

343 3085 657 3169 parochos
670 3092 988 3169 tanquam
1010 3086 1090 3148 72
1107 3080 1598 3167 discipulorum,
1637 3102 1718 3149 ex
1750 3081 1967 3149 divina
1986 3085 2409 3166 institutione,
2436 3107 2575 3153 suc-

342 3220 653 3279 cessores,
694 3198 944 3264 inficias
964 3219 1093 3266 non
1120 3199 1379 3267 ibimus.
1412 3200 1526 3266 Ast
1554 3196 1917 3265 notandum
1934 3201 2261 3284 scripsisse
2281 3222 2415 3280 eoS‚
2440 3204 2573 3286 ple-

339 3335 574 3405 rosque
589 3315 850 3397 saltem,
877 3322 1226 3399 antequam
1253 3334 1328 3380 ca
1357 3315 1536 3389 crisis
1554 3314 1719 3391 face,
1751 3331 1894 3399 quae
1920 3322 2146 3396 postea
2175 3314 2438 3389 inducta
2451 3327 2571 3395 est,

338 3434 567 3511 sedulo
614 3432 953 3519 explorata
1000 3431 1275 3498 fuissent
1307 3429 1708 3519 antiquitatis
1736 3429 1991 3496 latebra
2025 3452 2039 3494 ε
2076 3432 2227 3514 ipsis
2265 3431 2567 3516 proinde,

330 3554 408 3620 ob
439 3551 759 3637 maj0rem
809 3545 1194 3617 eruditionis
1235 3546 1553 3627 historicas
1599 3546 1879 3631 copiam,
1932 3546 2052 3625 hac
2091 3548 2156 3613 in
2187 3567 2261 3614 re
2299 3555 2571 3634 antepo-

339 3668 586 3749 nendos
629 3664 1034 3749 recentiores
1086 3682 1231 3728 :ex
1283 3661 1380 3741 his
1427 3680 1590 3727 vero
1640 3663 2003 3747 praecipuos
2058 3664 2135 3748 (si
2173 3663 2572 3755 jansenistici

340 3785 609 3851 asseclas
664 3780 1040 3866 systematis
1082 3775 1419 3865 seponas),
1489 3776 1903 3859 chimericum
1952 3780 2348 3849 existimasse
2402 3779 2571 3847 divi-

341 3920 475 3984 nam
510 3896 954 3987 parochorum
998 3894 1486 3971 institutionem,
1525 3901 1596 3959 et
1632 3912 1670 3959 a
1715 3895 1796 3958 72
1837 3892 2166 3978 discipulis
2209 3894 2568 3965 derivatio-

342 4036 499 4099 nem.
529 4019 626 4091 Ex
656 4033 795 4101 quo
822 4012 958 4078 solo
995 4012 1151 4091 elisa
1176 4019 1357 4077 certe
1382 4011 1675 4094 priorum
1707 4009 1852 4094 (etsi
1876 4011 2132 4109 optimae
2165 4015 2564 4098 caeteroquin

336 4132 512 4221 ηοω)
552 4135 871 4213 remanet
906 4128 1278 4213 auctoritas.
1310 4124 1806 4199 Becentioribus
1836 4143 2033 4208 porro
2071 4125 2386 4219 ejusmodi
2419 4148 2573 4194 eru-

334 4248 470 4333 ditis
498 4252 789 4338 (praeter
827 4262 1019 4333 supra
1055 4242 1374 4313 adductos
1410 4260 1540 4308 non
1589 4238 1849 4326 paucos)
1878 4240 2066 4326 juvat
2107 4251 2174 4309 et
2212 4252 2560 4327 sequentes

332 4367 725 4453 subnectere
762 4381 777 4425 :
