3146 4973
1237 383 1395 432 rans
1439 383 1702 430 rema.
2456 373 2572 436 361

356 530 498 579 sum
530 519 653 578 est.
690 509 883 593 Quod
913 527 1072 595 ergo
1103 508 1390 593 legitima
1419 509 1701 575 evaserit
1731 510 1949 593 praxis
1978 508 2311 593 parochias
2341 510 2585 598 absque

356 628 601 711 praevio
630 644 951 693 concursu
984 622 1394 702 conferendi,
1433 643 1563 690 non
1595 621 1861 690 videtur
1891 643 1974 689 ex
2022 623 2157 691 sola
2196 626 2586 712 quinquage-

354 742 532 808 naria
560 739 1028 808 consuetudine
1046 788 1062 816 ‚
1099 740 1333 805 silente
1370 740 1623 806 interea
1656 737 1823 805 Sede
1860 739 2257 824 Apostolica‚
2301 741 2586 824 rigorose

352 857 635 944 probari.

441 975 511 1037 2⁰
533 969 1026 1037 Advertendum
1056 977 1154 1036 est
1193 969 1598 1055 disciplinam
1625 969 1711 1036 de
1743 988 2060 1037 concursu
2106 990 2247 1038 esse
2276 973 2420 1057 lege
2450 975 2588 1041 Tri-

352 1088 614 1156 dentina
638 1090 968 1154 sancitam.
998 1088 1207 1153 Porro
1226 1085 1541 1153 adversus
1562 1085 1941 1153 Ttidentina
1964 1086 2232 1155 decreta
2254 1108 2381 1154 non
2401 1109 2588 1174 posse

349 1203 694 1270 contrariis
739 1200 1317 1270 consuetudinibus
1346 1201 1705 1286 praescribi,
1745 1220 1868 1286 pro
1917 1210 2100 1267 certo
2139 1209 2395 1282 tenent,
2440 1224 2588 1272 cum

350 1317 709 1386 Benedicto
761 1319 909 1383 XIV
956 1317 1384 1403 (institutione
1431 1321 1541 1396 60,
1598 1335 1664 1380 n.
1728 1316 1790 1401 7)
1838 1316 2147 1384 doctores
2202 1318 2580 1403 gravissimi.

353 1443 550 1519 prout
572 1435 845 1520 exposui
866 1434 932 1498 in
963 1452 1109 1499 meo
1134 1440 1424 1499 tractatu
1458 1437 1535 1498 de
1564 1438 1918 1516 Principiis,
1951 1435 2183 1519 pagina
2216 1438 2373 1501 370.

441 1553 512 1615 3⁰
552 1546 747 1630 Quod
796 1556 1013 1615 autem
1052 1546 1359 1633 objicitur
1410 1548 1531 1614 nisi
1582 1548 1870 1632 legitima
1906 1547 2085 1615 foret
2131 1548 2303 1616 dicta
2342 1553 2582 1637 praxis,

353 1674 731 1733 secuturum
771 1663 1016 1749 aliquid
1062 1664 1246 1731 dictu
1283 1664 1718 1742 intolerabile,
1755 1664 2074 1747 parochos
2100 1685 2336 1749 nempe
2365 1687 2591 1733 omnes

350 1780 717 1865 illegitimos
745 1780 970 1858 fuisse,
1002 1780 1242 1845 nullius
1265 1781 1576 1846 momenti
1607 1787 1747 1846 est:
1784 1787 2035 1846 certum
2065 1780 2382 1868 siquidem
2413 1783 2589 1867 prin-

354 1896 616 1980 cipium,
656 1894 953 1977 parochis
988 1894 1278 1979 suppleri
1319 1913 1581 1979 semper
1612 1894 1694 1960 ab
1732 1896 2015 1961 Ecclesia
2046 1895 2584 1979 jurisdictionem.

358 2010 552 2079 modo
585 2012 1023 2076 existimatum
1054 2010 1287 2075 saltem
1310 2009 1577 2074 titulum
1601 2008 1905 2075 habeant.

444 2112 561 2192 1'11.
598 2126 920 2209 Expositb
951 2125 1100 2190 hinc
1135 2123 1284 2190 inde
1330 2123 1692 2190 rationibus
1725 2123 1938 2211 quoad
1973 2125 2138 2192 illud
2174 2127 2475 2204 alterum,
2513 2147 2593 2195 ex

358 2240 828 2308 consuetudine
846 2241 1151 2324 petitum,
1186 2238 1711 2319 fundamentum,
1732 2239 1947 2306 fateor
1977 2259 2083 2305 me
2101 2259 2230 2307 non
2248 2239 2495 2307 andere
2526 2242 2593 2307 in

358 2377 434 2425 re
450 2367 586 2424 tam
612 2359 793 2441 gravi
814 2355 1163 2443 quidquam
1182 2356 1603 2423 concludere.
1627 2357 1839 2424 Unum
1858 2356 2199 2424 dumtaxat
2225 2356 2551 2425 adnotabo
2574 2382 2587 2425 :

358 2474 660 2542 nimirum
684 2471 1097 2539 difficultates
1118 2471 1260 2539 illas
1278 2479 1345 2539 et
1361 2470 1884 2556 pertimescenda
1902 2470 2330 2551 incommoda,
2360 2492 2504 2559 quae
2527 2475 2592 2541 in

362 2609 554 2658 causa
583 2608 723 2656 esse
748 2596 1106 2674 potuerunt
1138 2605 1259 2653 cur
1280 2588 1506 2673 primis
1534 2593 1680 2673 post
1702 2587 2164 2655 concordatum
2186 2589 2597 2674 temporibus

363 2706 791 2790 praetermissa
834 2704 1036 2770 fuerit
1087 2722 1440 2771 concursus
1484 2703 1728 2781 forma,
1776 2702 1990 2769 adhuc
2035 2704 2231 2769 etiam
2279 2704 2453 2770 forte
2513 2724 2593 2770 ex

366 2828 550 2907 parte
597 2836 1047 2906 perseverare.
1087 2819 1177 2884 Ut
1205 2815 1373 2887 adeo
1411 2820 1648 2886 mirum
1683 2817 1895 2885 videri
1925 2838 2054 2886 non
2083 2818 2345 2898 debeat,
2376 2820 2597 2887 etiam-

366 2954 519 3001 num
549 2936 816 3000 retineri
844 2933 1094 3018 praxim
1121 2934 1320 3012 illam,
1355 2935 1476 2999 etsi
1506 2936 1679 3001 forte
1711 2954 1923 3021 neque
1950 2935 2014 3000 vi
2045 2934 2446 3012 concordati,
2480 2955 2595 3002 ne-

366 3068 495 3136 que
528 3050 591 3113 vi
630 3047 1118 3115 consuetudinis
1153 3051 1306 3115 satis
1340 3056 1484 3115 tuta
1524 3050 1952 3115 existimetur.
1989 3052 2257 3116 Certum
2287 3052 2456 3118 enim
2495 3060 2595 3118 est

366 3185 494 3232 non
530 3164 818 3249 obligare
860 3166 1073 3249 legem
1117 3165 1640 3242 ecclesiasticam,
1687 3182 1830 3250 quae
1868 3165 1971 3232 vel
2007 3162 2186 3233 nullo
2227 3164 2449 3246 modo,
2487 3167 2594 3232 vel

366 3280 616 3348 nonnisi
652 3298 800 3345 cum
848 3298 1080 3364 magno
1117 3277 1528 3347 incommodo
1558 3284 1628 3345 et
1655 3278 2012 3345 animarum
2043 3278 2461 3355 detrimento,
2510 3280 2596 3346 ob

369 3396 728 3479 peculiares
752 3396 1267 3462 circumstantias
1289 3396 1626 3462 observari
1647 3401 1883 3477 potest.

1379 3661 1409 3731 S
1462 3656 1578 3719 111.

372 3882 441 3928 An
469 3880 560 3929 dici
582 3890 719 3943 queat
747 3880 1047 3942 disciplinam
1090 3892 1350 3928 concursus
1381 3890 1485 3926 esse
1513 3878 1626 3941 quid
1653 3878 1926 3939 evangelicis
1949 3877 2197 3926 humilitati
2226 3879 2530 3935 contrarium.
2557 3888 2600 3927 ct

875 3984 930 4020 ax
958 3976 1126 4020 natura
1163 3983 1249 4021 aua
1276 3970 1489 4019 nocivum
1517 3976 1563 4018 et
1593 3970 1748 4019 minus
1773 3967 2082 4031 probandum.

461 4213 621 4278 Cum
649 4210 1025 4278 Tridentina
1058 4212 1164 4277 lex
1214 4208 1300 4277 de
1333 4226 1656 4276 concursu
1703 4205 1789 4272 ad
1832 4204 2265 4273 universatem
2318 4203 2598 4290 discipli·
2715 4292 2722 4299 ι

370 4345 515 4393 nam
554 4326 908 4410 pertineat,
952 4343 1076 4392 nec
1104 4326 1303 4410 possit
1338 4342 1621 4410 unquam
1651 4323 1719 4388 in
1757 4320 2058 4389 Ecclesioe
2096 4319 2429 4387 catholicae
2483 4339 2594 4403 ge-

370 4442 654 4509 neralem
693 4441 1093 4527 disciplinam
1122 4440 1475 4527 quidquam
1505 4441 1851 4505 intrinsece
1885 4453 2158 4523 pravum
2197 4444 2266 4504 at
2291 4437 2590 4503 nocivum
