3146 4973
1239 416 1399 465 raas
1442 417 1672 464 raim.
2441 404 2557 468 201

349 558 582 606 revera
609 543 874 605 exercet
903 540 1166 623 proprio
1187 557 1306 605 suo
1329 539 1595 605 nomine
1625 562 1640 607 ε
1668 558 1827 624 ergo
1855 541 2211 626 improprie
2236 540 2574 610 dumtaxat

346 653 592 721 dicitur
635 653 953 738 vicarius3
997 654 1067 719 in
1111 673 1185 720 re
1220 663 1440 721 autem
1486 663 1589 721 est
1632 674 1831 722 verus
1857 656 2198 740 parochus.
2239 658 2381 723 Jam
2412 677 2572 724 vero

349 771 570 854 plures
609 770 914 836 constitui
950 788 1138 853 posse
1186 769 1503 854 ejusmodi
1551 771 1826 837 vicarios
1870 777 2153 851 curatos,
2192 780 2571 838 remanente

347 903 552 968 penes
602 885 1006 969 primitivum
1053 884 1411 967 pat-ochum
1460 887 1761 951 habituali
1809 885 2218 953 solummodo
2266 906 2446 966 cura,
2506 888 2572 953 in

347 1002 642 1066 confesso
666 1005 767 1065 est
796 999 975 1084 apud
1004 1020 1228 1068 omnes
1260 1024 1276 1068 ε
1312 1021 1461 1067 cum
1491 1020 1650 1086 ergo
1677 1000 1998 1086 ejusmodi
2029 1002 2252 1069 vicarii
2280 1004 2421 1069 veri
2445 1004 2574 1070 sint

345 1116 645 1202 parochi,
677 1117 901 1199 plures
946 1116 1012 1180 in
1057 1137 1186 1183 una
1228 1115 1530 1201 parochia
1562 1116 1871 1182 constitui
1908 1135 2099 1183 veros
2127 1118 2446 1201 parochos
2472 1136 2574 1185 es-

345 1234 568 1299 sentiae
612 1231 1029 1316 parochiatus
1072 1251 1203 1297 non
1246 1231 1654 1299 adversatur.
1699 1232 1813 1297 His
1831 1231 2020 1298 'vero
2068 1234 2434 1319 perpensis,
2483 1235 2573 1300 ita

348 1344 875 1414 concludendum
913 1344 1180 1412 videtur
1218 1369 1232 1412 ε
1281 1351 1346 1412 1⁰
1376 1347 1432 1412 si
1458 1330 1691 1431 agatur
1733 1345 1820 1412 de
1852 1353 2108 1411 essentia
2135 1350 2563 1431 parochiatus,

348 1462 496 1527 huic
524 1481 655 1528 non
682 1460 1013 1529 adversari
1042 1462 1480 1546 pluralitatem
1512 1462 1946 1547 parochorum
1969 1462 2037 1527 in
2058 1482 2187 1527 una
2212 1462 2573 1549 eademque

345 1576 672 1660 parochia3
707 1579 778 1640 2⁰
798 1577 854 1642 si
873 1576 1144 1660 quaestio
1166 1577 1249 1642 sit
1272 1595 1355 1640 an
1379 1575 1464 1642 de
1489 1576 1666 1642 facto
1695 1596 1817 1661 per
1844 1576 2246 1643 universales
2271 1578 2572 1643 Ecclesia!

344 1692 524 1775 leges
544 1691 877 1775 pluralitas
898 1690 1036 1756 haec
1055 1689 1405 1756 interdicta
1432 1690 1657 1770 fuerit,
1689 1710 1830 1757 rem
1854 1710 1983 1759 non
2005 1693 2263 1758 omnino
2282 1691 2567 1776 liquere3

347 1809 416 1871 3⁰
448 1808 501 1871 si
529 1806 865 1890 pluralitas
902 1805 1041 1871 haec
1067 1803 1152 1871 de
1177 1804 1325 1889 jure
1368 1808 1694 1872 communi
1718 1805 2067 1873 interdicta
2098 1806 2420 1872 censenda
2446 1808 2530 1873 sit
2549 1854 2564 1883 ‚

351 1921 847 2004 prohibitionem
883 1921 1055 1987 illam
1088 1920 1573 2006 intelligendam
1610 1940 1750 1988 esse
1786 1929 2095 2006 tanquam
2131 1924 2425 2006 regulam
2462 1941 2575 2005 ge-

346 2036 633 2102 neralem
650 2083 666 2112 ,
699 2036 897 2101 certis
922 2034 1005 2100 de
1035 2036 1240 2101 causis
1263 2036 1758 2135 exceptionibus
1786 2036 2162 2120 obnoxiam;
2192 2052 2322 2100 non
2350 2042 2569 2101 autem

347 2170 426 2216 eo
470 2168 662 2215 sensu
704 2148 885 2234 quod
919 2151 1265 2215 intrinsece
1310 2158 1380 2215 et
1416 2168 1675 2234 semper
1712 2151 1946 2216 malum
1985 2151 2069 2216 sit
2112 2157 2310 2234 atque
2348 2167 2573 2215 corru-

345 2265 524 2349 ptela
548 2264 722 2329 dicta
747 2263 1115 2349 pluralitas;
1151 2267 1221 2329 4·
1253 2264 1304 2330 si
1335 2271 1691 2350 quaeratur,
1725 2283 1883 2330 num
1905 2267 2214 2329 ordinarie
2236 2263 2437 2347 magis
2466 2281 2574 2328 ex-

347 2377 568 2463 pediat
614 2379 872 2445 unicum
937 2378 1180 2462 praefici
1234 2379 1581 2464 unicuique
1635 2379 1952 2462 parochiae
2001 2387 2326 2446 rectorem
2347 2424 2363 2456 ‚
2408 2376 2575 2444 affir-

348 2495 584 2560 mative
624 2512 764 2560 esse
803 2494 1366 2578 respondendum.

1241 2761 1509 2828 CAPUT
1556 2763 1675 2826 111.

345 3027 784 3077 »merulus
844 3025 974 3076 uon
1035 3024 1153 3075 EST
1203 3026 1292 3073 nn·
1343 3024 1647 3074 Essnum
1713 3023 2165 3073 raaocmarus
2184 3053 2201 3083 ‚
2261 3024 2383 3072 suu
2447 3024 2573 3071 nort

707 3141 1110 3203 anmnrruu
1155 3141 1243 3188 m·
1285 3139 1438 3201 Quis
1482 3140 1586 3189 sn·
1628 3139 1801 3187 vm
1846 3138 2209 3188 unocnus.

439 3390 691 3464 Etenim
752 3388 1187 3454 essentialiter
1233 3386 1685 3473 requireretur
1733 3384 1838 3450 vel
1889 3384 2135 3450 ratione
2187 3382 2371 3448 officii
2393 3429 2409 3459 ‚
2474 3382 2577 3448 vel

351 3503 600 3570 ratione
630 3502 928 3570 beneficii
961 3524 976 3568 ε
1009 3503 1192 3587 atqui
1222 3508 1530 3568 neutrum
1561 3499 1691 3565 dici
1720 3505 1961 3582 potest.

1394 3758 1525 3832 fil.

577 3978 677 4025 Non
711 3977 1021 4026 essentialiter
1055 3976 1310 4040 requiritur
1343 3975 1630 4038 perpetuitas
1665 3976 1843 4024 ratione
1880 3975 2161 4036 paroehlalis
2194 3973 2349 4023 officii.

447 4206 869 4298 Proenotanda.
929 4233 1018 4250 -ν
1073 4206 1137 4266 1⁰
1182 4207 1543 4284 Perpetuam
1593 4197 1979 4284 intelligitur
2031 4196 2307 4265 officium
2326 4246 2343 4276 ‚
2399 4199 2581 4284 quod

353 4318 558 4385 semel
584 4319 773 4384 alicui
797 4319 1206 4384 commissum
1219 4365 1236 4396 ,
1269 4318 1497 4401 nequit
1518 4315 1604 4381 ab
1628 4333 1708 4381 eo
1730 4314 1973 4380 retrahi
1989 4361 2006 4392 ,
2039 4313 2161 4378 nisi
2183 4312 2581 4398 judicialiter

357 4441 427 4498 et
459 4453 542 4499 ex
567 4423 776 4498 causis
807 4435 872 4497 in
896 4432 1044 4517 jure
1071 4431 1553 4514 determinatis3
1587 4433 1657 4494 2⁰
1684 4448 1721 4494 e
1750 4435 1977 4495 contra
2002 4426 2244 4493 dicitur
2268 4430 2569 4503 ηιαηωιε,
