3146 4973
1148 356 1304 403 rans
1348 355 1633 414 onaan.
2376 339 2494 401 461

1189 641 1457 707 CAPUT
1484 644 1592 706 Vl.

281 914 363 958 An
415 912 495 957 m·
540 910 885 970 Qua'rssnus
940 909 1156 957 Possn‘
1220 909 1561 957 PAROCHUS
1625 907 1808 954 lmus
1857 906 2080 954 EODEM
2129 906 2243 954 mn:
2290 906 2512 954 Missas

1200 1024 1600 1071 CELEBRARE.

373 1272 1444 1352 PmuorannnM.-Quaestionem
1466 1271 1631 1335 hanc
1660 1273 1954 1356 reperies
1985 1269 2246 1337 erudite
2267 1269 2516 1337 discus-

281 1407 414 1455 sam
445 1391 509 1455 iu
541 1390 719 1456 bulla
743 1392 1084 1454 Declarasti
1111 1387 1451 1455 Benedicti
1477 1390 1624 1455 XIV
1654 1386 1765 1471 (16
1792 1389 2008 1453 martii
2042 1389 2232 1464 1746,
2270 1394 2452 1452 tomo
2472 1391 2511 1452 2

282 1506 481 1589 ipsius
502 1504 786 1582 bullarii,
824 1523 890 1568 n.
933 1502 1039 1586 4);
1081 1512 1150 1569 et
1179 1504 1545 1568 accuratius
1588 1504 1654 1567 in
1696 1510 1849 1568 voto
1879 1501 2163 1587 quodam
2195 1502 2516 1568 Francisci

282 1617 555 1696 Zeladae,
592 1620 797 1685 Sacrae
831 1618 1361 1702 Congregationis
1398 1618 1666 1683 Concilii
1696 1618 2054 1696 secretarii,
2095 1623 2321 1700 postea
2356 1636 2516 1683 vero

288 1734 663 1812 (lardirium,
706 1734 884 1821 quod
928 1734 1209 1801 habetur
1248 1737 1542 1799 Thesauri
1599 1738 2029 1800 resolutionum
2076 1742 2256 1800 tomo
2295 1738 2378 1800 37
2428 1735 2517 1820 (in

287 1872 478 1919 causa
506 1855 919 1933 Derthusensi,
966 1856 1051 1917 26
1090 1855 1348 1937 augusti
1392 1851 1610 1938 1768).
1645 1854 1853 1939 Atque
1881 1854 1950 1918 in
1988 1852 2087 1917 his
2117 1851 2376 1918 dnobus
2402 1851 2518 1918 do-

285 1972 604 2035 cumentis
642 1971 931 2035 citantur
975 1971 1301 2054 proecipua
1340 1968 1425 2035 de
1475 1967 1709 2035 eodem
1755 1977 2142 2053 argumento
2174 1968 2518 2036 doctorum

285 2087 546 2170 scripta.
581 2083 680 2150 Ad
709 2104 851 2170 quae
890 2104 1006 2151 nos
1031 2087 1349 2152 lectorem
1376 2103 1495 2167 pro
1520 2084 1748 2149 fusiori
1774 2085 2148 2151 evolutione
2175 2085 2517 2150 remitten-

286 2212 407 2281 tes,
444 2204 838 2286 propositam
861 2203 1287 2287 quaestionem
1321 2199 1623 2285 sequenti
1656 2201 2138 2266 conclusionum
2169 2202 2336 2266 serie
2371 2200 2519 2265 bre-

291 2318 461 2382 viter
493 2316 926 2382 absolvemus.

380 2433 776 2499 PnoPosl'rto
805 2432 882 2497 1⁸.
928 2470 1008 2479 -—
1038 2435 1356 2498 Prioribus
1401 2435 1680 2497 Ecclesioe
1731 2435 1966 2497 saeculis
2013 2435 2354 2497 invaluerat
2373 2452 2520 2516 pas-

287 2556 405 2614 sim
430 2552 782 2633 disciplina,
804 2558 873 2612 ut
899 2552 1174 2612 sacerdos
1194 2552 1432 2630 pluries
1461 2551 1668 2612 eadem
1692 2552 1792 2612 die
1819 2552 2034 2613 divina
2065 2555 2351 2633 mysteria
2380 2552 2523 2612 cele-

287 2670 514 2731 braret.
573 2702 662 2712 —
707 2665 869 2730 Rem
920 2682 1041 2748 pro
1084 2664 1421 2757 explorata
1465 2663 1709 2730 habent
1758 2664 2064 2730 doctores
2094 2665 2313 2749 multi3
2349 2665 2523 2730 inter

287 2800 450 2867 quos
470 2780 872 2847 Christianus
885 2780 1106 2865 Lupus
1125 2780 1213 2865 (in
1231 2779 1491 2845 scholiis
1508 2778 1594 2844 ad
1616 2778 1957 2846 decretum
1997 2783 2017 2845 1
2059 2778 2412 2845 Alexandri
2429 2780 2513 2855 11,

290 2904 469 2962 tomo
499 2901 537 2962 5
564 2915 862 2980 operum,
899 2913 1048 2979 pag.
1082 2899 1230 2972 197,
1260 2894 1422 2961 edit.
1463 2895 1751 2979 Venet.),
1784 2897 2076 2962 Martene
2112 2898 2211 2982 (de
2239 2900 2521 2977 Antiqui}

292 3015 568 3077 Ecclesiae
611 3015 854 3091 νίιίὸτιε,
903 3013 951 3076 l.
995 3013 1055 3089 1,
1097 3030 1237 3095 cap.
1277 3015 1341 3087 3,
1379 3018 1504 3076 art.
1540 3010 1633 3094 3),
1674 3011 2030 3077 Cardinalis
2061 3014 2238 3077 Bona
2280 3013 2518 3099 (Rerum

291 3131 533 3211 liiurq„
596 3128 715 3195 lib.
767 3131 824 3205 1,
870 3146 1013 3210 cap.
1074 3130 1175 3203 18,
1216 3132 1247 3205 S
1284 3124 1373 3210 5),
1418 3126 1891 3191 Sainte-Beuve
1926 3127 2127 3211 (tomo
2152 3130 2217 3204 3,
2252 3131 2513 3191 Resolut.

288 3266 531 3309 casuum
561 3250 954 3323 conscientioe,
1006 3263 1160 3309 casu
1211 3241 1345 3327 83).
1403 3243 1535 3308 Hos
1575 3242 1875 3327 sequitur
1905 3241 2261 3308 Cardinalis
2288 3240 2524 3310 Zelada

292 3359 522 3444 (citato
542 3368 718 3440 voto,
759 3381 824 3425 n.
875 3358 959 3445 l).
995 3361 1230 3425 Postea
1258 3377 1438 3435 vero,
1474 3357 1559 3424 ob
1583 3364 1849 3424 exortos
1880 3357 2141 3436 abusus,
2185 3357 2524 3441 disciplina

294 3472 429 3539 haec
458 3474 796 3542 moderata
826 3483 926 3541 est
960 3482 1034 3540 ut
1069 3475 1387 3559 sequitur.

384 3591 780 3658 Pnoposmo
804 3593 917 3658 11⁸.
956 3627 1041 3638 —
1060 3595 1105 3655 A
1138 3593 1355 3654 multis
1368 3596 1505 3672 jam
1534 3594 1768 3654 soeculis
1804 3599 1966 3654 certa
1999 3599 2088 3654 est
2125 3594 2228 3655 leae
2251 3596 2524 3657 ecclesia·

293 3713 470 3787 stica,
516 3709 833 3772 hodiedum
865 3711 1040 3790 plene
1066 3713 1294 3789 viqens,
1338 3727 1458 3789 qua
1480 3709 1881 3789 prohibentur
1904 3712 2258 3787 sacerdotes,
2275 3719 2527 3792 proeter·

292 3844 474 3905 quam
518 3831 585 3889 in
623 3828 775 3905 [esto
812 3829 1079 3905 Natalis,
1132 3828 1367 3907 pluries
1408 3827 1606 3888 eodem
1644 3828 1745 3889 die
1778 3828 2095 3903 celebrare,
2142 3835 2385 3910 excepto
2423 3850 2526 3894 ne-

296 3947 594 4006 cessitatis
619 3962 889 4006 casu.—-
910 3942 1092 4008 Anno
1127 3942 1321 4018 1212,
1366 3941 1718 4005 sciscitanti
1749 3942 2154 4024 vigorniensi
2182 3944 2518 4028 EpiscopO,

296 4073 454 4120 num
487 4056 938 4124 sacerdotibus
974 4056 1209 4123 liceret
1260 4055 1504 4139 pluries
1544 4053 1778 4120 eodem
1821 4054 1928 4121 die
1989 4075 2246 4123 sacrum
2281 4058 2523 4137 facere,

300 4172 640 4256 respondit
693 4173 1114 4238 Innocentius
1155 4172 1251 4238 111
1312 4194 1326 4236 :
1390 4194 1423 4232 α
1464 4172 1752 4255 Excepto
1783 4169 1891 4238 die
1921 4173 2286 4240 Nativitatis
2312 4176 2536 4242 Domi-

302 4310 335 4347 «
372 4290 561 4365 nicoe,
596 4288 718 4353 nisi
770 4306 961 4353 causa
999 4288 1405 4357 necessitatis
1448 4285 1720 4352 suadeat
1739 4335 1758 4368 ,
1795 4286 2026 4354 sufficit
2069 4289 2396 4357 sacerdoti
2434 4313 2528 4359 se-

303 4428 333 4465 «
374 4403 502 4469 mel
546 4404 611 4467 in
661 4401 766 4467 die
814 4422 1005 4468 unam
1056 4403 1313 4468 missam
1373 4402 1782 4468 solummodo
1840 4405 2269 4472 celebrare.»
2323 4409 2529 4475 Porro
