3146 4973
1226 363 1381 409 rans
1430 363 1720 423 oman.
2441 349 2565 414 477

431 489 508 551 V.
550 488 751 553 Etiam
792 487 1079 552 canonici
1140 485 1529 551 cathedralis
1553 533 1570 562 ,
1611 487 1915 551 viaticum
1966 494 2032 551 et
2063 495 2572 554 extremam-un-

340 603 619 669 ctionem
650 604 947 685 recipere
979 601 1229 668 debent
1250 621 1288 666 a
1318 608 1578 667 rectore
1607 601 1930 684 parochiae
1956 603 2026 666 in
2058 622 2185 688 qua
2214 602 2465 689 degunt
2502 615 2573 671 et

340 715 579 781 infirmi
606 716 1034 782 decumbunt.
1065 717 1141 782 Id
1172 718 1419 801 pluries
1447 714 1744 782 decisum
1774 737 1812 781 a
1834 719 2027 783 Sacra
2060 719 2569 803 congregatione

340 830 623 910 Concilii,
678 830 830 897 vide
885 831 1062 914 apud
1097 832 1404 896 Zamboni
1449 832 1661 916 (parte
1716 837 1774 908 l,
1814 832 2020 899 verbo
2064 835 2459 912 ParochuS,§
2505 841 2564 910 l,

340 966 404 1010 n.
440 947 505 1022 4,
534 949 599 1022 6,
632 945 721 1029 7).
760 948 926 1011 Item
961 946 1110 1011 vide
1145 946 1481 1029 praefatam
1513 965 1772 1012 causam
1803 951 2201 1029 Euqubinam,
2245 951 2323 1014 12
2359 950 2572 1016 martii

346 1064 514 1126 1729
548 1063 748 1146 (tomo
784 1065 822 1125 5
859 1063 1151 1125 Thesauri
1174 1060 1654 1144 resolutionum).

430 1178 746 1260 Episcopo
802 1177 1061 1241 infirmo
1098 1177 1407 1242 viaticum
1459 1185 1526 1240 et
1570 1179 2338 1245 extremam-unctionem
2383 1181 2598 1245 mini--

338 1301 546 1358 strare
576 1310 704 1356 non
743 1292 1026 1375 pertinet
1055 1290 1141 1356 ad
1174 1291 1527 1374 parochum
1538 1313 1553 1374 3
1586 1290 1702 1356 sed
1727 1291 1971 1374 pluries
1996 1313 2033 1357 a
2061 1294 2251 1359 Sacra
2287 1293 2571 1377 Congre-

336 1411 590 1492 gatione
638 1407 902 1472 Concilii
947 1407 1238 1472 decisum
1291 1408 1419 1472 suit
1466 1406 1861 1472 servandum
1909 1427 2049 1473 esse
2100 1412 2563 1477 caeremoniale.

336 1524 536 1590 Verbi
582 1524 810 1606 gratia,
864 1524 932 1586 in
964 1526 1328 1600 Faventina,
1377 1529 1409 1586 7
1448 1521 1612 1606 junii
1659 1525 1829 1588 1760
1866 1524 1963 1608 (in
2017 1527 2314 1588 Thesauro
2346 1531 2570 1589 resolu-

338 1645 586 1719 tionum,
623 1648 802 1704 tomo
840 1637 973 1721 29),
1010 1637 1092 1702 ad
1140 1636 1415 1702 dubium
1447 1657 1565 1702 vm
1612 1660 1625 1701 ε
1665 1643 1756 1702 Aa
1787 1641 2053 1721 capitulo
2098 1645 2334 1721 ejusque
2357 1647 2572 1723 prima»

337 1758 629 1837 (limitati
668 1763 967 1834 competat
1003 1762 1111 1837 jus
1151 1758 1636 1818 administrandi
1685 1758 1977 1836 Episcopo
2011 1762 2332 1836 oeyrotcmti
2366 1776 2570 1820 sacra-

339 1880 535 1934 menta
580 1877 972 1935 sanctissimas
1004 1872 1403 1933 Eucharistiae
1444 1877 1502 1932 et
1534 1875 2171 1948 extremm-unctionis,
2223 1891 2326 1933 seu
2363 1878 2572 1952 potius

333 2007 435 2064 au,
464 1995 523 2050 et
552 1993 616 2050 in
638 1990 849 2068 quibus
875 1988 1110 2048 casibus
1138 1989 1293 2047 idem
1307 1991 1418 2065 jus
1442 1991 1735 2065 competat
1758 1986 2023 2066 parocho
2050 1992 2248 2049 sancti
2274 1990 2561 2064 Terentii,

335 2108 401 2164 in
427 2107 616 2166 casu?
657 2104 1057 2184 Responsum
1093 2106 1192 2165 est
1231 2122 1243 2163 ς
1282 2103 1377 2163 Ad
1406 2118 1560 2174 v111,
1599 2107 1868 2162 servetur
1896 2103 2323 2164 caeremoniale.
2363 2102 2569 2167 Porro

336 2217 793 2282 caeremonialis
841 2217 1175 2300 dispositio
1218 2223 1317 2280 est
1353 2216 1418 2278 in
1456 2214 1628 2279 hunc
1675 2213 1941 2279 modum
1986 2215 2067 2300 (l.
2112 2218 2176 2294 2,
2216 2236 2273 2280 c.
2311 2219 2421 2293 38,
2461 2223 2492 2293 5
2528 2221 2563 2281 3

336 2340 403 2396 et
446 2333 510 2415 4)
550 2355 564 2397 :
601 2357 633 2391 «
664 2334 1016 2416 Episcopus
1064 2339 1498 2415 aegrotans...,
1552 2350 1702 2395 cum
1744 2339 2114 2396 extremum
2153 2330 2329 2395 diem
2378 2351 2566 2397 suum

341 2473 371 2508 a
407 2451 925 2534 appropinquare
976 2448 1390 2532 cognoverit,
1443 2448 1653 2532 primo
1690 2455 1958 2532 peccata
2008 2466 2124 2512 sua
2174 2448 2568 2514 confessario

331 2588 363 2624 α
405 2563 891 2648 diligentissime
925 2565 1353 2646 confiteatur3
1391 2561 1631 2627 deiude
1663 2568 1963 2645 tempore
1995 2582 2284 2646 congruo
2315 2583 2567 2630 sacrum

337 2704 367 2739 α
404 2687 587 2763 petat
616 2681 958 2761 viaticum3
991 2685 1057 2743 et
1085 2687 1432 2763 antequam
1461 2678 1901 2744 communicet
1922 2727 1937 2755 ,
1972 2677 2242 2743 indutus
2269 2679 2567 2746 rochetto

339 2821 364 2852 «ι
406 2803 473 2861 et
518 2797 679 2861 stola
699 2844 715 2872 ,
760 2803 1079 2879 praesente
1129 2795 1525 2859 sanctissimo
1576 2794 1813 2858 Christi
1843 2812 2140 2877 corpore,
2183 2795 2573 2877 profiteatur

339 2934 369 2972 α
408 2911 785 2977 catholicam
805 2910 1028 2985 fidem,
1059 2930 1136 2976 ex
1166 2910 1447 2975 formula
1471 2910 1555 2973 ab
1580 2909 1945 2992 Apostolica
1968 2910 2133 2976 Sede
2165 2912 2561 2994 proescripta,

339 3050 369 3084 a
408 3044 597 3109 quam
633 3026 905 3091 affirmet
933 3045 1001 3091 se
1040 3044 1301 3109 semper
1332 3027 1715 3090 inconcusse
1751 3033 1821 3089 et
1855 3024 2137 3090 firmiter
2167 3027 2451 3092 tenuisse
2497 3037 2572 3092 et

341 3165 371 3199 α
409 3139 781 3216 credidisse,
821 3159 1019 3225 seque
1068 3140 1139 3204 in
1169 3159 1244 3204 ea
1283 3139 1453 3204 velle
1488 3141 1738 3211 vivere,
1777 3145 1842 3201 et
1885 3139 2227 3203 moricum
2260 3141 2403 3205 Deo
2432 3140 2569 3221 pla-

338 3281 369 3315 «
406 3256 636 3321 cuerit.
690 3260 850 3322 Tum
902 3256 1131 3340 majori
1182 3273 1307 3339 qna
1362 3254 1607 3337 poterit
1654 3252 2003 3319 devotione
2054 3259 2124 3318 et
2172 3251 2562 3331 humilitate,

339 3395 371 3429 α
407 3389 659 3436 sacrum
701 3380 914 3438 sumat
953 3373 1254 3437 viaticum
1277 3419 1292 3447 ,
1336 3368 1514 3453 quod
1567 3368 1661 3432 illi
1698 3367 1962 3433 deferat
2014 3368 2223 3450 prima
2260 3367 2562 3452 dignitas,

342 3510 372 3547 c«
410 3489 755 3552 comitante
806 3488 1089 3570 capitulo
1148 3495 1217 3551 et
1260 3491 1404 3550 toto
1448 3485 1626 3550 clero
1681 3481 2078 3548 cathedralis
2122 3483 2409 3549 ecclesiae
2429 3532 2446 3560 ,
2503 3489 2566 3550 in

340 3626 371 3661 «
410 3602 629 3667 habitu
652 3604 1107 3679 ecclesiastico,
1138 3608 1380 3667 etcum
1410 3598 1696 3664 candelis
1728 3599 2097 3664 accensis..
2136 3620 2150 3665 ε
2180 3606 2568 3685 moneatque

338 3743 369 3779 a
410 3720 760 3803 Episcopus
801 3720 1133 3784 sacristam
1172 3736 1286 3781 seu
1331 3723 1651 3790 curatum,
1690 3720 1766 3777 ut
1795 3733 1944 3779 cum
1975 3723 2237 3798 tempus
2264 3717 2414 3794 erit,
2454 3736 2570 3782 ex-

338 3859 371 3895 «
405 3836 983 3902 tremas-unctionis
1047 3839 1523 3899 sacramentnm
1582 3830 1704 3894 sibi
1769 3828 2176 3895 administret
2227 3838 2295 3896 et
2345 3832 2568 3897 animae

339 3974 369 4009 α
406 3949 1027 4017 commendationem
1064 3948 1279 4014 faciat.
1320 3970 1354 4007 n
1408 3944 1601 4026 Quod
1647 3943 1822 4008 nulla
1858 3945 1925 4006 in
1970 3946 2367 4011 contrarium
2403 3964 2571 4030 proe·

335 4065 551 4130 valere
578 4065 819 4131 debeat
849 4064 1279 4139 consuetudo,
1309 4063 1397 4127 sic
1421 4062 1693 4127 adnotat
1706 4058 2016 4125 Zamboni
2047 4060 2248 4145 (tomo
2278 4066 2340 4138 2,
2361 4064 2565 4132 verbo

336 4183 759 4244 Coeremoniale
794 4185 1254 4262 Epist-oporam,
1307 4186 1463 4244 nota
1515 4173 1624 4258 29)
1670 4198 1683 4240 z
1724 4197 1756 4234 α
1815 4176 2123 4259 Spectare
2173 4176 2256 4241 ad
2295 4179 2568 4260 primam

338 4317 372 4354 α
408 4293 791 4378 dignitatem
846 4294 1209 4360 ministrare
1273 4297 1676 4358 sacramenta
1731 4290 2048 4374 Episcopo
2101 4289 2520 4359 decumbenti
2542 4344 2559 4371 ,

336 4435 370 4473 a
404 4428 629 4476 omnes
665 4410 1062 4475 conveniunt
1096 4407 1435 4489 doctores3
1471 4424 1684 4491 neque
1715 4403 2053 4487 suffragari
2089 4424 2275 4489 posse
2310 4416 2567 4475 contra·
