3146 4973
732 809 2241 979 APPENDICES.

1445 1200 1516 1293 Ι.

460 1484 572 1557 De
625 1485 910 1557 vicariis
960 1484 1527 1582 parochialibus,
1576 1511 1859 1560 necnon
1914 1486 2005 1559 dc
2057 1485 2495 1587 cappellanis

686 1608 1328 1693 xenodochiorum,
1364 1610 1780 1685 monialium
1819 1623 1891 1685 et
1930 1611 2257 1685 militum.

453 1905 759 1969 Notiones
818 1904 904 1969 de
963 1905 1284 1990 ejusmodi
1338 1909 1595 1974 vicariis
1650 1917 1719 1974 et
1766 1908 2199 1991 cappellaniS‚
2269 1928 2413 1973 cum
2470 1929 2592 1974 nec

362 2021 620 2085 omnino
649 2022 1063 2103 praetermitti
1093 2022 1157 2085 in
1205 2023 1446 2089 nostris
1492 2023 1816 2089 canonicis
1857 2023 2368 2089 institutionibus
2399 2023 2596 2090 debe-

362 2143 532 2215 rent,
585 2155 706 2201 nec
739 2137 904 2201 tanti
953 2144 1172 2203 essent
1219 2141 1530 2205 momenti
1583 2147 1655 2204 ut
1701 2140 1997 2223 specialis
2050 2138 2134 2205 de
2171 2142 2248 2204 iis
2276 2148 2595 2206 tractatus

362 2253 882 2330 concinnaretur,
921 2263 1290 2338 opportune
1330 2255 1481 2320 visae
1510 2265 1662 2321 sunt
1692 2256 1796 2321 hic
1820 2275 1941 2341 per
1977 2254 2240 2322 modum
2272 2256 2589 2341 appendi·

360 2370 450 2433 cis
487 2367 927 2454 subjiciendae,
967 2377 1037 2435 et
1066 2370 1361 2436 breviter
1392 2369 1866 2453 expendendae.

1273 2654 1543 2721 CAPUT
1606 2658 1655 2720 Ι.

962 2924 1052 2971 DE
1096 2922 1376 2972 vimus
1423 2924 1942 2976 mutocmamnus
1953 2959 1964 2971 .

440 3175 749 3237 Dicemus
798 3173 1006 3257 primo
1054 3172 1144 3239 de
1195 3175 1386 3238 variis
1434 3192 1662 3239 eorum
1718 3174 2083 3258 speciebus
2139 3178 2299 3240 Tum
2359 3176 2575 3260 quoad

350 3306 872 3372 unamquemque
901 3289 1185 3372 speciem
1225 3290 1580 3374 praecipuas
1614 3288 1780 3373 juris
1809 3288 2263 3373 dispositiones
2295 3310 2573 3374 expone-

352 3423 513 3469 muS.

1389 3603 1521 3679 §1-

945 3800 1091 3848 Variae
1116 3800 1297 3861 species
1321 3799 1601 3847 vicariorum
1629 3799 1981 3861 parochialium.

430 4007 643 4065 Prima
671 4002 919 4087 species
949 4007 1048 4067 est
1078 4018 1328 4076 eorum,
1356 3999 1440 4065 ad
1459 4019 1624 4085 quos
1661 3999 1990 4065 exclusive
2012 4002 2295 4082 pertinet
2320 4007 2577 4065 actualis

341 4120 700 4183 animarum
744 4137 926 4195 cura,
979 4125 1358 4183 remanente
1399 4123 1466 4180 in
1516 4119 1727 4179 habitu
1766 4114 1996 4181 eadem
2029 4135 2187 4180 cura
2225 4136 2425 4199 penes
2460 4120 2575 4183 ali-

341 4232 520 4317 quod
575 4233 1043 4298 monasterium
1090 4254 1205 4299 seu
1272 4232 1648 4316 capitulum.
1716 4233 1796 4298 Et
1840 4232 1904 4297 hi
1953 4240 2273 4297 vocantur
2324 4241 2572 4297 vicarii-

341 4356 565 4414 curati.
600 4348 786 4414 Tales
820 4355 971 4413 sunt
998 4350 1063 4412 in
1091 4349 1322 4425 Gallia,
1350 4347 1537 4412 verbi
1570 4348 1797 4430 gratia,
1830 4348 2036 4411 curati
2075 4346 2565 4421 cathedralium,

340 4463 600 4551 quando
635 4483 789 4529 cura
835 4464 960 4530 fuit
992 4463 1352 4530 cathedrali
1386 4462 1670 4547 capitulo
1707 4483 1983 4531 annexa.
2019 4462 2181 4528 Sunt
2221 4469 2435 4527 autem
2474 4461 2574 4526 vel
