3146 4973
535 333 661 399 502
1205 353 1584 401 ‘raAc'rA'rus
1629 353 1717 400 m:
1760 351 2089 400 PAROCHO.

535 498 568 535 «
600 475 809 542 frater
837 477 1067 562 aliquis
1097 495 1180 543 ex
1223 477 1352 543 iuis
1385 477 1581 544 datus
1626 483 1947 544 executor
1972 475 2057 541 ad
2087 495 2232 542 eam
2274 494 2395 559 pro
2428 475 2618 542 libitu
2642 495 2757 543 suo

535 614 569 651 «
616 590 1158 672 distribuendam,
1200 591 1537 659 distribuit
1571 594 1746 660 inter
1776 591 1985 658 dictos
2027 591 2443 674 regulares...

624 727 656 764 «
691 702 762 769 6⁰
788 707 882 770 Ex
919 704 1221 771 omnibus
1267 705 1497 789 legatis
1536 706 1652 770 tali
1701 705 1988 771 ecclesiae
2039 703 2226 769 factis
2263 723 2381 769 seu
2424 705 2669 770 relictis
2693 706 2758 769 in

534 841 567 878 α
609 818 836 884 ultima
864 819 1231 886 voluntate.
1274 843 1306 880 »
1347 820 1753 906 (Leurenius,
1794 820 1941 886 loco
1982 817 2233 903 citato.)

620 936 788 999 Dum
838 943 1058 1002 autem
1115 935 1387 1002 dicimus
1414 939 1778 1020 portionem
1808 935 2181 1003 canonicam
2212 955 2296 1001 ex
2326 935 2424 999 his
2461 935 2762 1001 omnibus

529 1068 674 1117 esse
702 1049 1102 1131 solvendam,
1133 1050 1204 1117 id
1234 1051 1600 1136 procedere
1619 1051 2005 1135 intelligitur
2020 1049 2208 1137 juxta
2229 1049 2335 1136 jus
2372 1069 2756 1135 commune;

528 1164 600 1231 id
641 1174 763 1245 est,
806 1165 1023 1251 quoad
1060 1186 1192 1246 eos,
1229 1168 1341 1253 qui
1390 1168 1558 1234 hauc
1618 1169 1985 1251 portionem
2028 1165 2213 1252 juxta
2263 1165 2369 1252 jus
2416 1185 2759 1232 commune

528 1280 816 1364 parocho
844 1282 1100 1348 solvere
1137 1290 1474 1348 tenentur.
1512 1283 1673 1349 Nam
1704 1282 1787 1348 ab
1825 1282 1948 1348 hoc
1995 1300 2195 1347 onere
2233 1299 2390 1347 num
2428 1282 2762 1367 regulares

528 1397 918 1463 auctoritate
957 1398 1306 1480 apostolica
1334 1400 1628 1482 exempti
1663 1398 1931 1476 fuerint,
1965 1398 2136 1463 infra
2157 1397 2575 1482 expenditur.

623 1535 657 1574 α
691 1511 887 1576 Sacra
941 1499 1209 1578 Rituum
1275 1514 1703 1598 congregatio
1767 1513 2131 1593 censuit...‚
2186 1512 2405 1598 quoad
2451 1513 2750 1590 tertium,

529 1645 790 1712 semper
828 1635 1127 1713 quartam
1167 1627 1533 1693 funeralem
1567 1629 2088 1706 intorstitiorum,
2130 1645 2274 1714 quaa
2309 1628 2481 1693 circa
2525 1644 2760 1710 corpus

531 1742 829 1809 defuncti
879 1741 1298 1820 deferuntur,
1363 1752 1768 1810 reservatam
1818 1744 2088 1828 intelligi
2147 1743 2410 1828 proprio
2449 1739 2749 1825 parocho,

531 1859 1066 1943 quotiescumque
1109 1857 1462 1925 defunctus
1495 1859 1650 1924 alibi
1706 1860 1970 1943 sepeliri
2004 1860 2373 1944 contigerit.
2409 1857 2530 1923 Die
2556 1861 2599 1924 9
2642 1855 2756 1922 dc·

532 1973 812 2040 cembris
866 1975 1057 2040 1628.
1099 1997 1132 2035 ›>
1190 1974 1287 2060 (In
1331 1974 1811 2058 senogalliensi,
1848 1974 2025 2059 apud
2053 1973 2433 2051 Gardellini,
2473 1992 2540 2038 n.
2573 1969 2754 2054 638.)

1429 2267 1698 2333 CAPUT
1744 2269 1853 2332 XI.

533 2536 820 2599 Quantam
852 2536 999 2589 surr
1035 2534 1437 2584 runcrmnns
1487 2534 1971 2595 rmocnmas,
2013 2535 2082 2582 m
2141 2534 2279 2596 rm,
2316 2535 2464 2596 Qum
2509 2533 2760 2584 nonium

683 2652 727 2700 A
761 2648 1089 2712 rnocuo,
1126 2651 1258 2699 sur
1298 2651 1389 2698 nn
1425 2648 1632 2698 IPSIUS
1661 2648 1969 2699 ucmrrm
1994 2648 2236 2698 ranam
2266 2648 2550 2698 Possum
2570 2631 2605 2696 ’ἒ

626 2914 1054 2977 Proenotanda.
1082 2945 1172 2957 --
1197 2912 1258 2975 1⁰
1288 2912 1431 2976 Jam
1464 2929 1662 2995 supra
1695 2911 2076 2989 monuimuS‚
2114 2929 2245 2977 non
2275 2917 2530 2977 tantum
2560 2912 2624 2975 in
2653 2928 2768 2976 va-

538 3030 665 3095 rias
693 3028 814 3093 hac
846 3025 933 3092 de
963 3046 1035 3092 re
1070 3028 1424 3093 sententias
1444 3025 1751 3094 doctores
1780 3026 2031 3104 abiisse,
2066 3025 2185 3093 sed
2216 3035 2284 3092 et
2322 3025 2772 3110 discrepantes

538 3144 747 3211 videri
820 3143 1155 3209 Sacrarum
1223 3143 1805 3228 congregationum
1879 3142 2393 3226 declarationes3
2440 3150 2636 3228 atquc
2694 3150 2772 3208 ut

540 3256 859 3346 ejusmodi
901 3259 1470 3326 contrarietatibus
1522 3257 1669 3324 finis
1726 3257 1965 3345 (quoad
2019 3257 2226 3323 multa
2280 3256 2535 3343 saltem)
2566 3258 2776 3341 impo-

542 3384 835 3454 neretur,
887 3374 1137 3441 editum
1174 3373 1371 3441 fuisse
1419 3395 1456 3440 a
1507 3375 1703 3439 Sacra
1748 3374 2014 3441 Rituum
2056 3374 2569 3458 Congregatione
2625 3391 2777 3457 per-

543 3491 803 3558 celebre
828 3490 1195 3568 decretum,
1230 3492 1400 3553 urbis
1428 3498 1487 3553 et
1509 3492 1672 3553 orbis
1700 3489 2103 3573 inscriptum,
2132 3487 2263 3555 diei
2300 3490 2380 3553 10
2401 3486 2779 3554 decembris

552 3609 739 3672 1703.
784 3608 883 3672 De
920 3624 1048 3690 qua
1077 3604 1449 3687 opinionum
1480 3605 1794 3670 varietate
1823 3602 2181 3670 Cardiualis
2215 3602 2621 3681 Colloredus,
2664 3604 2782 3669 cui

544 3719 939 3788 demandata
972 3718 1193 3784 fuerat
1229 3717 1385 3784 dicti
1419 3717 1680 3785 decreti
1724 3719 2137 3804 praeparandi
2171 3739 2353 3800 cura,
2392 3721 2484 3785 sic
2509 3718 2779 3785 adnota-

544 3837 659 3903 bat
696 3860 710 3902 :
759 3860 791 3897 «
837 3834 1017 3903 Adeo
1049 3834 1425 3922 frequentes
1462 3842 1615 3902 sunt
1653 3837 2108 3903 controversia:
2144 3834 2464 3920 parochos
2496 3835 2669 3899 inter
2694 3852 2782 3898 ac

554 3951 931 4029 «sodalitia,
975 3952 1365 4036 scriptorum
1402 3971 1560 4019 vero
1597 3951 1950 4036 opinioneS,
2002 3958 2072 4017 et
2129 3952 2472 4016 Sacrarum
2521 3949 2782 4032 pariter

556 4093 586 4130 κ
624 4069 1208 4153 Congregationum
1247 4069 1582 4135 sententiaa
1612 4066 1776 4133 adeo
1809 4067 2002 4132 variae
2039 4086 2113 4132 ac
2137 4065 2580 4150 discrepantes
2601 4065 2788 4131 inter

553 4208 588 4246 «
622 4205 690 4251 se
718 4182 1046 4263 videntur,
1082 4192 1160 4249 ut
1204 4184 1578 4249 Eminentiae
1611 4185 1858 4249 Vestrae
1889 4183 2325 4249 necessarium
2362 4182 2516 4248 alias
2570 4179 2790 4248 duxe-

554 4324 587 4361 «
614 4301 746 4366 rint
772 4301 1050 4385 aliquem
1097 4297 1365 4363 modum
1382 4306 1697 4377 statuere,
1730 4317 1805 4362 ac
1835 4296 2151 4384 judicium
2181 4298 2358 4364 ferre
2392 4296 2478 4364 de
2510 4297 2789 4383 quibus-

555 4438 587 4475 «
615 4413 761 4481 dam
794 4411 1271 4489 controversiis,
1317 4431 1457 4496 quae
1492 4413 1852 4497 generatim
1917 4420 2408 4498 proponantur3
2443 4413 2531 4477 ita
2564 4420 2639 4477 ut
2671 4432 2790 4479 re-
