3146 4973
550 349 678 409 360
1224 360 1597 407 rnAGrA’rns
1647 363 1733 407 na
1777 362 2101 411 ranocno.

550 493 882 574 sexaginta
915 498 982 555 et
1003 490 1199 565 ultra,
1232 506 1360 552 non
1391 507 1471 553 ex
1495 505 1576 553 eo
1605 485 1779 572 quod
1812 490 2195 565 consentiat,
2225 487 2341 554 sed
2372 507 2453 553 ex
2487 506 2567 552 eo
2604 486 2778 574 quod

548 606 755 691 majus
786 604 1048 680 malum,
1092 604 1143 667 si
1178 603 1388 686 legem
1423 622 1542 686 pro
1572 610 1731 668 tunc
1752 610 2042 686 urgeret,
2093 604 2541 686 pertimescat3
2583 610 2776 688 atque

549 721 791 787 idcirco
822 721 1321 803 opportuniores
1355 725 1662 803 expectet
1705 719 2220 785 circumstantias
2250 718 2333 783 ad
2370 716 2775 784 evellendam

550 836 1108 914 consuetudinem,
1142 843 1209 900 et
1238 834 1621 919 exigendam
1649 836 1812 918 legis
1837 834 2310 901 observantiam
2343 834 2516 922 (vide
2542 833 2611 899 id
2638 855 2783 900 evo-

549 954 760 1018 lutum
801 952 866 1014 in
897 971 1043 1015 meo
1075 957 1361 1016 tractatu
1394 954 1470 1014 de
1518 956 1851 1032 Principiis
1872 956 2041 1032 Juris
2087 948 2404 1035 canonici).
2447 949 2640 1031 Quod
2671 971 2782 1015 au-

550 1077 684 1134 tem
739 1068 803 1131 in
871 1067 1084 1148 specie
1125 1065 1341 1150 quoad
1392 1066 1733 1131 nonnullas
1770 1066 1989 1131 Galliae
2047 1065 2579 1143 consuetudineS‚
2650 1086 2779 1131 non

546 1182 1035 1258 consentiendO,
1082 1182 1198 1248 sed
1247 1183 1714 1266 opportuniora
1763 1181 1846 1248 ad
1895 1203 2005 1248 eas
2061 1183 2437 1249 evellendas
2486 1192 2781 1267 tempora

550 1297 1009 1382 praestolando,
1047 1297 1247 1363 Sedes
1289 1298 1654 1381 Apostolica
1692 1297 2058 1380 prudenter
2092 1299 2361 1376 siluerit,
2409 1307 2476 1365 et
2521 1298 2781 1383 quidem

549 1414 931 1490 diutissime,
970 1433 1097 1478 non
1133 1420 1386 1477 tantum
1418 1413 1808 1498 impossibile
1836 1432 1966 1478 non
1993 1424 2112 1491 est,
2152 1413 2269 1479 sed
2295 1415 2481 1479 facile
2506 1415 2782 1499 supponi

553 1536 792 1614 potest.
842 1531 1000 1595 Nam
1040 1530 1104 1592 in
1136 1549 1212 1593 ea
1250 1530 1514 1611 regione
1560 1530 1713 1595 olim
1755 1532 1983 1613 viguit,
2028 1537 2095 1595 et
2130 1537 2276 1613 post
2319 1529 2781 1595 concordatum

554 1647 748 1710 etiam
789 1646 940 1709 anni
980 1648 1134 1711 1801
1178 1646 1397 1726 vigere
1429 1653 1497 1710 et
1532 1644 1754 1710 doceri
1793 1648 2090 1728 perrexit
2122 1645 2416 1712 doctrina
2448 1647 2554 1712 illa
2586 1648 2782 1711 notis-

551 1762 727 1836 sima,
760 1777 902 1844 quoe
952 1760 1377 1825 Gallicanismi
1420 1761 1679 1824 nomine
1727 1763 2090 1844 nuncupari
2137 1762 2322 1826 solet.
2380 1763 2782 1844 Praecipuum

557 1895 750 1958 porro
787 1875 979 1959 hujus
1023 1877 1394 1959 systematis
1441 1876 1750 1959 placitum
1798 1885 1958 1951 erat,
2002 1878 2132 1942 vim
2176 1878 2341 1961 legis
2378 1896 2505 1942 nou
2547 1877 2783 1942 habere

557 1992 891 2059 Pontificia
919 1992 1090 2056 circa
1127 1988 1541 2073 disciplinam
1591 1989 1881 2069 decreta,
1931 1993 2049 2056 nisi
2091 1991 2172 2057 ab
2223 1993 2556 2075 Episcopis
2607 2011 2786 2057 acce-

555 2116 828 2191 ptentur
873 2115 942 2172 et
996 2107 1451 2190 publicentur3
1493 2108 1691 2173 immo
1734 2109 1830 2193 (ut
1872 2108 2059 2172 multi
2100 2109 2165 2172 in
2212 2108 2414 2173 Gallia
2451 2106 2782 2187 tenebant)

557 2225 674 2288 nisi
721 2225 969 2306 regium
1010 2224 1189 2306 prius
1221 2240 1547 2287 assensum
1599 2221 1994 2297 obtinerent,
2038 2229 2107 2288 et
2148 2223 2212 2285 in
2252 2222 2658 2304 parlamento
2689 2239 2788 2286 re·

558 2341 990 2422 gistrarentur
1029 2361 1041 2402 ε
1086 2346 1406 2420 praeterea
1445 2354 1572 2400 non
1618 2356 1805 2419 posse
1856 2338 2212 2403 Romanum
2267 2335 2648 2402 Pontificem
2697 2355 2791 2401 re·

563 2463 785 2538 ceptas
818 2453 881 2517 in
912 2452 1115 2518 Gallia
1155 2451 1661 2518 consuetudines
1690 2453 2036 2518 immutare
2070 2460 2138 2518 et
2180 2451 2264 2518 ad
2313 2452 2420 2538 jus
2454 2470 2789 2518 commune

558 2570 893 2636 inflectere
920 2593 933 2651 ;
973 2589 1090 2634 nec
1123 2570 1582 2652 obligationem
1611 2567 1925 2635 inducere
1962 2569 2280 2654 quidquid
2308 2571 2372 2633 in
2401 2570 2571 2634 hunc
2597 2569 2790 2634 finem

564 2685 764 2751 Sedes
789 2685 1154 2766 Apostolica
1190 2685 1552 2750 moliretur.
1606 2685 1748 2765 Qua
1785 2691 1997 2751 stante
2036 2684 2333 2751 doctrina
2368 2694 2434 2750 et
2474 2692 2572 2749 sat
2611 2704 2796 2769 gene-

564 2803 686 2867 rali
712 2799 1147 2884 persuasione,
1183 2799 1363 2886 quid,
1408 2818 1647 2885 quaeso,
1679 2801 1883 2884 frugis
1914 2801 2298 2867 obtinuisset
2329 2802 2598 2867 Romani
2629 2803 2796 2868 Pon-

566 2918 756 2983 tificis
786 2916 1158 2981 reclamatio
1192 2925 1418 2981 contra
1455 2919 1734 3002 aliquam
1770 2919 1988 2984 Galliae
2029 2919 2279 3002 praxim
2305 2917 2436 3001 juri
2477 2920 2794 2984 communi

567 3032 1064 3098 adversantem?
1091 3034 1173 3097 Et
1199 3032 1514 3118 numquid
1544 3036 1761 3118 potius
1782 3034 1931 3100 Sedi
1961 3034 2336 3116 Apostolicae
2384 3034 2796 3100 incumbebat

565 3147 860 3233 quaedam
920 3166 1002 3212 ex
1046 3147 1393 3230 prudentia
1458 3149 1691 3214 silendi
1758 3150 2159 3214 necessitas?
2220 3150 2586 3214 Praesertim
2649 3143 2791 3213 cum

567 3261 814 3345 sperari
847 3260 1080 3325 merito
1110 3267 1330 3343 posset
1359 3269 1616 3343 gentem
1654 3261 1849 3337 illam,
1893 3261 2146 3325 sincere
2180 3244 2575 3344 caeteroquin
2620 3267 2686 3325 et
2719 3278 2797 3324 ex

567 3374 939 3459 praecordiis
990 3384 1216 3441 centro
1257 3376 1522 3442 unitatis
1570 3383 1640 3440 et
1682 3373 1836 3441 Sedi
1866 3376 2242 3459 Apostolicae
2271 3375 2790 3447 addictissimum.

568 3510 877 3558 erroneas
930 3491 1265 3572 opiniones
1310 3491 1451 3556 illas
1497 3499 1731 3573 sponte
1784 3510 1900 3555 sua
1943 3493 2151 3559 serius
2197 3494 2372 3557 ocius
2423 3502 2789 3559 exuturam.

567 3608 749 3672 Siluit
790 3606 1051 3691 quidem
1091 3613 1157 3670 et
1195 3605 1554 3671 diutissime
1589 3607 1672 3672 de
1715 3608 1935 3674 multis
1969 3610 2035 3674 in
2070 3609 2277 3674 Gallia
2305 3608 2438 3693 juri
2474 3611 2796 3674 communi

567 3722 1066 3789 adversantibus
1097 3722 1212 3786 Pia
1242 3730 1454 3788 mater
1482 3725 1772 3791 Ecclesia
1809 3726 2091 3791 Romana
2138 3747 2151 3790 :
2196 3746 2279 3790 an
2330 3747 2487 3792 vero
2534 3746 2798 3793 consen·

566 3841 745 3915 serit,
778 3838 927 3904 mihi
952 3838 1218 3906 videtur
1248 3860 1329 3906 ex
1363 3841 1618 3905 silentio
1648 3839 1991 3908 dumtaxat
2025 3842 2285 3926 probari
2317 3863 2446 3907 non
2478 3860 2690 3924 posse.
2725 3843 2799 3905 Et.

561 3963 742 4019 certe
772 3952 855 4020 de
878 3954 1176 4039 liturgiis,
1204 3961 1429 4020 contra
1454 3957 1684 4021 Pianas
1713 3959 2075 4022 sanctiones
2104 3956 2405 4035 inductiS,
2440 3958 2584 4040 plus
2610 3975 2797 4040 quam

564 4072 819 4153 integro
861 4074 1053 4137 etiam
1114 4072 1348 4137 saeculo
1407 4074 1677 4140 siluerat
1728 4095 1741 4138 :
1798 4082 1866 4140 et
1907 4083 2126 4140 tamen
2174 4092 2387 4158 nuper
2435 4092 2580 4138 cum
2629 4090 2799 4159 quae-

561 4188 754 4251 situm
793 4186 1019 4253 fuisset
1053 4207 1206 4252 num
1246 4188 1606 4272 legitimum
1646 4189 1822 4256 foret
1863 4190 2344 4255 Cenomanense
2378 4189 2791 4255 breviarium.

560 4310 915 4385 aptumque
967 4310 1040 4367 nt
1091 4302 1231 4387 ejus
1281 4307 1662 4370 recitatione
1716 4306 2020 4371 horarum
2071 4306 2522 4370 canonicarum
2579 4303 2798 4370 debito

557 4417 921 4491 satisfieret,
974 4420 1274 4500 negative
1324 4441 1357 4482 a
1406 4421 1594 4483 Sacra
1650 4421 1916 4485 Rituum
1968 4421 2481 4503 Congregatione
2533 4437 2795 4502 respon-
