3146 4973
545 344 666 407 182
1217 318 1593 408 mci-arus
1636 358 1726 408 ns
1770 357 2097 408 ranocno.

533 498 725 548 sensu
761 478 1078 567 parochiae
1115 478 1362 547 fuerint
1381 530 1397 560 ‚
1437 500 1559 566 pro
1588 483 1763 549 veris
1796 486 2015 549 tamen
2052 481 2376 567 parochiis
2429 481 2623 549 hodie
2656 482 2763 548 ha-

535 596 679 663 beri
705 615 836 662 non
863 603 1149 679 possent.
1182 595 1280 663 lta
1318 616 1554 682 nempe
1588 596 1981 683 jamdudum
2011 596 2488 665 determinatus
2518 598 2587 663 in
2610 597 2760 684 jure

534 712 664 777 fuit
689 713 864 779 vocis
889 711 1144 795 parochi
1173 731 1420 791 sensus»,
1443 722 1519 779 ut
1550 720 1748 780 certae
1774 712 2295 780 dioecesanorum
2327 713 2644 798 portionis
2671 732 2762 779 as-

533 828 804 913 signatio
822 830 1217 914 requiratur,
1242 835 1549 915 tanquam
1569 832 1931 897 necessaria
1955 831 2041 897 ad
2065 850 2297 897 verum
2317 830 2763 914 parochiatum

532 943 841 1010 conditio.
883 940 1077 1027 Quod
1107 945 1301 1011 etiam
1354 946 1419 1011 in
1471 947 1767 1031 regulam
1808 948 2135 1014 transiisse
2173 945 2456 1025 videtur,
2489 962 2621 1014 non
2680 964 2766 1013 ex

531 1060 749 1144 aliquo
780 1078 1089 1145 expresso
1121 1062 1420 1128 Ecclesiae
1457 1061 1755 1143 decreto,
1793 1062 1914 1130 sed
1943 1063 2160 1148 potius
2204 1082 2287 1129 ex
2322 1063 2762 1129 invalescente

532 1178 721 1262 praxi
745 1184 816 1243 et
850 1179 1180 1243 communi
1207 1179 1660 1257 aestimatione,
1691 1198 1947 1247 necnon
1982 1198 2065 1246 ex
2094 1179 2517 1246 tribunalium
2556 1180 2765 1246 eccle·

533 1292 935 1359 siasticorum
960 1294 1028 1358 in
1059 1293 1229 1361 hunc
1255 1312 1514 1360 sensum
1546 1293 2000 1361 decisionibus,

623 1411 1020 1477 PRoPosrrm
1042 1410 1178 1475 IV·.
1219 1445 1309 1457 -—-
1339 1412 1449 1475 Est
1470 1414 1545 1475 de
1569 1417 1828 1476 essentia
1845 1412 2265 1493 parochiatus,
2296 1419 2366 1475 ut
2393 1417 2477 1474 sit
2506 1406 2765 1491 officium

534 1529 925 1590 exercmdum
976 1545 1056 1588 ex
1121 1528 1504 1608 obliqatione.
1542 1563 1633 1575 --
1674 1525 1739 1590 Si
1778 1525 1951 1591 enim
2003 1526 2094 1591 ita
2134 1523 2496 1610 deputetur
2539 1524 2767 1611 aliquis

533 1640 908 1728 presbyter,
969 1647 1048 1704 ut
1088 1642 1291 1725 possit
1340 1641 1631 1728 quidem,
1696 1640 1817 1708 sed
1864 1662 1996 1709 non
2044 1648 2351 1709 teneatur
2386 1640 2767 1726 praedictam

533 1758 892 1823 animarum
930 1774 1152 1822 curam
1202 1776 1535 1836 exercere,
1576 1755 1951 1823 nullatenus
2005 1757 2059 1823 is
2114 1757 2434 1841 parochis,
2474 1764 2671 1843 prout
2704 1757 2771 1822 in

529 1873 680 1959 jure
710 1870 1167 1958 intelliguntur
1196 1871 1730 1939 adnumerandus
1754 1873 1903 1939 erit.
1947 1871 2158 1959 Atque
2190 1872 2260 1940 id
2295 1874 2545 1959 pariter
2574 1876 2641 1939 in
2668 1890 2775 1939 re-

530 1990 749 2075 gulam
773 1989 1128 2069 transiisse,
1152 2008 1235 2056 ex
1261 1990 1588 2055 communi
1617 1988 1964 2056 doctorum
1991 1991 2434 2069 aestimatione,
2466 1994 2535 2056 et
2560 1989 2764 2065 Rotae,

533 2106 1098 2191 Romanu-umque
1129 2107 1706 2190 congregationum
1735 2106 1926 2189 praxi
1950 2113 2019 2172 et
2045 2104 2473 2172 decisionibus
2490 2112 2763 2170 constat.

622 2222 1021 2289 Pnorosrrio
1051 2222 1155 2287 Ψ.
1185 2255 1273 2268 -
1301 2222 1416 2285 Est
1465 2225 1540 2285 de
1583 2226 1839 2285 essentia
1868 2221 2290 2304 parochiatus,
2328 2227 2398 2284 ut
2431 2227 2627 2284 certus
2665 2238 2771 2302 po·

525 2341 710 2421 palus
742 2338 1005 2420 parocho
1033 2344 1404 2419 assiynatus,
1433 2338 1816 2419 aliquatenus
1845 2339 2057 2401 saltem
2088 2344 2360 2401 tencatur
2394 2343 2769 2400 sacramenta

531 2457 608 2519 ab
656 2460 785 2536 ipso
828 2460 1111 2537 recipere.
1140 2490 1231 2500 —-
1263 2451 1532 2539 Requiri
1577 2453 1773 2520 etiam
1821 2452 1995 2519 illam
2033 2451 2467 2520 conditionem
2505 2458 2581 2519 ut
2623 2451 2768 2539 quis

535 2587 734 2637 verus
785 2569 867 2634 sit
918 2569 1275 2654 parochus,
1322 2567 1555 2637 eodem
1608 2568 1804 2637 modo
1855 2577 2111 2636 constat
2151 2589 2227 2636 ac
2269 2568 2354 2635 de
2391 2568 2767 2654 praeceden-

531 2685 732 2752 tibus.
773 2683 851 2751 ld
892 2703 1128 2770 nempe
1180 2704 1303 2769 pro
1339 2693 1520 2752 certa
1560 2687 1788 2771 regula
1823 2685 2106 2753 habetur
2141 2706 2180 2752 a
2220 2688 2414 2765 Rota,
2461 2705 2499 2751 a
2534 2685 2766 2753 Roma-

533 2802 633 2868 nis
677 2800 1289 2898 congregationibus
1307 2850 1324 2880 ‚
1379 2808 1449 2869 et
1498 2805 1931 2870 communiter
1975 2823 2013 2868 a
2060 2803 2427 2871 canonistis.
2461 2801 2653 2871 Unde
2695 2802 2763 2869 in

540 2916 741 2985 dubio
774 2937 856 2984 an
886 2917 1100 3004 aliqua
1132 2917 1411 2984 ecclesia
1447 2937 1607 2985 vere
1642 2917 2032 3003 parochialis
2061 2920 2173 3000 sit,
2204 2921 2259 2986 si
2300 2919 2622 3005 probetur
2648 2921 2766 2986 cir-

534 3033 924 3120 cumjacenti
968 3033 1211 3118 populo
1247 3031 1532 3100 liberum
1579 3051 1841 3118 semper
1880 3034 2078 3101 fuisse
2122 3043 2522 3102 sacramenta
2553 3038 2765 3103 omnia

534 3167 619 3213 ex
657 3147 782 3214 alia
810 3146 1114 3233 parochia
1146 3147 1400 3233 alioque
1446 3154 1701 3214 rectore
1730 3149 2027 3233 recipere
2047 3197 2063 3228 ,
2102 3148 2514 3217 concluditur
2548 3150 2765 3216 imme·

532 3265 659 3330 rito
683 3261 1006 3348 praetendi
1027 3263 1198 3329 illius
1222 3262 1523 3330 Ecclesiae
1568 3262 2151 3347 parochialitatem‚
2180 3266 2596 3350 quantumvis
2620 3263 2764 3349 ejus

532 3387 755 3447 rector
809 3379 1077 3466 parochi
1128 3381 1386 3446 nomine
1439 3378 1727 3446 donetur
1745 3429 1761 3459 ‚
1817 3388 1886 3446 et
1940 3380 2345 3464 parochiales
2400 3381 2764 3447 functiones

533 3514 846 3563 exercere
879 3494 1206 3562 videatur.
1904 3499 1911 3504 '

622 3616 803 3677 Nota.
838 3647 927 3659 -
961 3611 1302 3676 mirabitur
1353 3609 1527 3677 forte
1581 3610 1794 3679 lector
1846 3612 2223 3679 essentiales
2260 3613 2766 3698 parochialitatis

539 3725 964 3805 conditiones,
993 3743 1122 3790 non
1160 3744 1244 3791 ex
1281 3725 1697 3810 generalibus
1726 3727 2023 3794 Ecclesiae
2072 3727 2383 3806 decretis,
2422 3728 2543 3796 sed
2576 3728 2765 3797 dum-

529 3853 712 3913 taxat
740 3864 822 3911 ex
858 3842 1182 3911 communi
1211 3842 1557 3911 doctorum
1588 3846 2032 3926 aestimatione,
2070 3855 2142 3913 et
2173 3847 2615 3915 Romanorum
2646 3849 2767 3914 tri-

530 3961 866 4029 bunalium
897 3960 1337 4028 decisionibus
1369 3964 1532 4028 erui.
1573 3964 1672 4028 De
1704 3982 1835 4047 quo
1864 3964 2030 4029 ratio
2054 3965 2125 4029 in
2148 3971 2459 4049 promptu
2485 3972 2607 4042 est,
2636 3985 2763 4033 non

529 4097 883 4148 occurrere
945 4075 1190 4144 scilicet
1246 4077 1449 4144 claros
1480 4086 1550 4144 et
1582 4097 1922 4162 expressos
1973 4079 2089 4146 hac
2114 4080 2201 4147 de
2228 4099 2301 4147 re
2325 4078 2490 4167 juris
2517 4088 2758 4147 textus.

532 4196 609 4261 In
655 4200 797 4261 toto
838 4192 1006 4279 juris
1060 4211 1334 4278 corpore
1383 4194 1602 4259 nullus
1647 4201 1860 4260 exstat
1888 4197 1963 4259 de
1988 4196 2182 4277 officio
2220 4199 2472 4281 parochi
2507 4195 2759 4274 titulus,

521 4310 814 4397 quamvis
849 4329 979 4377 non
1005 4308 1421 4380 desideretur
1442 4309 1674 4376 titulus
1709 4313 1785 4375 de
1822 4313 2018 4391 officio
2056 4319 2346 4391 sacr-istm,
2394 4314 2522 4381 imo
2572 4320 2642 4379 et
2692 4317 2766 4378 de

522 4427 718 4510 officio
744 4428 1032 4505 custodis,
1065 4424 1239 4493 illius
1278 4441 1515 4509 nempe
1557 4425 1664 4490 cui
1714 4425 2132 4492 incumbebat
2161 4426 2424 4512 pulsare
2465 4427 2765 4493 tintinna·
