3146 4973
613 303 742 367 672
1293 314 1669 364 TRACTATUS
1714 317 1803 364 DE
1848 315 2176 364 mnocno.

612 458 746 503 nem
779 437 1193 518 beneficiorum
1220 440 1295 502 de
1325 440 1462 502 dote
1501 442 1826 522 providere
1873 436 2265 524 valuerimus)
2301 441 2576 505 solvendi
2617 447 2845 504 certam

605 562 998 639 pecuniarum
1029 573 1344 633 summam,
1383 561 1441 617 et
1476 558 1763 619 tradendi
1793 562 2019 620 certam
2048 558 2361 636 frumenti,
2398 564 2458 620 et
2494 562 2628 620 vini
2657 576 2845 637 quan-

616 676 855 736 titatem
890 690 1002 751 pro
1036 691 1386 753 unaquaque
1420 674 1665 753 familia
1691 673 1957 755 parocho
1992 693 2107 754 pro
2150 681 2407 755 tempore
2441 675 2740 756 eliqendo,
2775 682 2846 736 ut

612 788 909 850 commode
952 792 1284 850 sustentari
1322 792 1543 868 possit,
1580 790 1762 852 donec
1804 791 1879 852 de
1920 807 2185 869 conqrua
2232 791 2482 852 aliunde
2513 791 2846 870 providea-

616 910 749 983 tur,·
784 908 1058 966 invocato
1096 906 1343 966 Domini
1377 908 1578 966 nostri
1611 905 2019 968 Jesu-Chrisci
2057 909 2318 983 nomine,
2347 910 2588 986 qusque
2622 910 2842 967 matris

611 1039 840 1102 semper
864 1023 1134 1101 Virqinis
1158 1023 1392 1100 Marioe,
1423 1022 1727 1083 ecclesiam
1753 1022 1868 1083 loci
1891 1023 1969 1084 N.
2000 1023 2108 1083 sub
2131 1025 2506 1085 invocatione
2533 1026 2731 1084 sancti
2753 1024 2837 1085 N.

613 1136 791 1219 hujus
817 1142 1039 1199 nostroe
1065 1138 1353 1215 dioecesis,
1381 1144 1593 1199 nostra
1618 1137 1992 1200 authoritate
2021 1139 2360 1215 ordinaria,
2385 1144 2443 1199 et
2476 1143 2661 1212 omni,
2689 1143 2843 1213 etc„-

616 1260 816 1316 tenore
862 1257 1248 1335 praesentium
1305 1256 1372 1315 in
1420 1252 1831 1334 parochialem
1878 1258 2204 1333 eriqimus,
2239 1260 2299 1315 et
2354 1258 2612 1315 erectam
2677 1255 2854 1315 volu-

611 1388 775 1449 mus,
819 1375 879 1432 et
917 1369 1324 1447 declaramus,·
1359 1373 1427 1430 in
1460 1388 1644 1450 eaque
1675 1375 1997 1450 postquam
2038 1371 2114 1431 de
2148 1371 2381 1432 decenti
2432 1370 2839 1445 tabernaculo,

612 1492 672 1547 et
706 1486 781 1548 de
814 1486 960 1547 aliis
983 1489 1334 1547 necessariis
1365 1486 1448 1547 ad
1477 1484 1847 1562 conficienda
1875 1492 2254 1548 sacramenta
2277 1489 2596 1566 provisum
2621 1486 2840 1564 suerit,

607 1607 790 1683 prout
826 1607 894 1664 in
929 1588 1279 1664 visitatione
1301 1603 1617 1683 provideri
1651 1603 2106 1681 mandavimus,·
2138 1607 2587 1666 sanctissimum
2617 1601 2856 1665 Eucha-

614 1723 808 1781 ristiae
850 1725 1287 1781 sacramentum
1331 1719 1416 1781 ad
1462 1721 1660 1782 altare
1700 1723 1921 1801 majus,
1959 1721 2186 1799 sontem
2234 1720 2675 1801 baptism,
2712 1721 2846 1782 olea

614 1852 810 1910 sacra,
844 1841 905 1898 et
940 1835 1089 1911 alia,
1123 1854 1253 1916 quoe
1283 1837 1367 1899 ad
1411 1837 1718 1898 ecclesiam
1767 1835 2178 1917 parochialem
2219 1841 2531 1917 pertinent
2561 1840 2839 1914 retineri,

613 1956 672 2012 et
708 1951 1002 2013 custodiri
1040 1953 1417 2016 mandamus,
1445 1952 1836 2032 Ecclesioeque
1856 1954 2170 2032 praedictae
2210 1956 2298 2014 sic
2335 1957 2402 2015 in
2441 1952 2852 2034 parochialem

614 2071 823 2130 erectce
836 2070 988 2149 jura
1023 2072 1246 2146 omnia,
1284 2073 1343 2129 et
1359 2068 1717 2149 privileyia,
1763 2086 1895 2149 quae
1924 2067 2375 2149 parochialibus
2417 2070 2493 2131 de
2509 2072 2658 2149 jure
2693 2086 2854 2130 com-

605 2187 824 2262 petunt
853 2184 1247 2261 concedimus,
1276 2190 1335 2247 et
1368 2186 1501 2247 illis
1533 2186 1795 2265 qaudere
1829 2187 2038 2248 debere
2081 2185 2477 2263 decernimus,
2513 2204 2650 2247 cum
2695 2190 2850 2247 assi·

613 2300 996 2378 ynationibus
1042 2305 1102 2362 et
1134 2302 1547 2380 proventibus,
1583 2319 1623 2363 a
1652 2302 1934 2381 proesatis
1960 2300 2356 2382 parochianis
2393 2304 2736 2382 promissis,
2779 2320 2852 2363 ac

613 2416 759 2478 aliis
782 2416 1251 2496 obventionibus,
1285 2418 1689 2498 eleemosynis,
1726 2423 1786 2479 et
1814 2417 2279 2498 obliqationibus
2305 2421 2632 2497 universis,
2669 2421 2852 2479 certis

613 2541 673 2597 et
708 2539 976 2612 incertis,
1019 2553 1176 2597 curoe
1211 2553 1251 2596 a
1282 2540 1437 2597 sacis
1465 2536 1791 2599 canonibus
1828 2541 2117 2598 concessis
2152 2542 2211 2599 et
2241 2540 2578 2617 permissis.
2618 2537 2851 2616 Ipsam·

546 2739 553 2745 ⁸
612 2670 724 2732 que
758 2652 1061 2715 ecclesiam
1088 2652 1502 2733 parochialem
1537 2654 1699 2716 nulli
1713 2657 1884 2734 juris
1917 2659 2283 2735 patronatus
2324 2656 2610 2716 servituti
2652 2654 2848 2735 subje-

460 2849 469 2856 ἱ
556 2755 561 2760 ’
614 2772 774 2828 ctam
826 2785 970 2844 esse,
1015 2767 1120 2829 sed
1170 2767 1253 2830 ad
1303 2768 1553 2830 liberam
1596 2773 1889 2847 nostram,
1935 2775 1997 2830 et
2049 2788 2448 2831 successorum
2503 2775 2850 2830 nostrorum

613 2881 990 2942 collationem
1029 2887 1089 2942 et
1116 2885 1554 2963 provisionem,
1596 2888 1837 2946 servata
1875 2884 2073 2962 forma
2119 2888 2280 2945 sacri
2315 2886 2558 2946 concilii
2591 2884 2850 2946 Triden-

614 3001 754 3077 tini,
800 3004 1069 3078 spectare
1106 3006 1165 3061 et
1197 3003 1499 3080 pertinere
1541 3001 1938 3064 decernimus.
1972 3034 2064 3047 —
2106 3002 2187 3063 Ut
2225 3005 2428 3063 autem
2450 3001 2720 3082 praesata
2755 3017 2848 3062 ec·

614 3115 795 3176 clesia
819 3115 1187 3195 parochialis
1204 3116 1280 3177 de
1299 3134 1452 3177 novo
1478 3121 1673 3178 erecta
1700 3117 1776 3179 de
1803 3117 2011 3179 idoneo
2037 3121 2269 3179 rectore
2293 3117 2713 3196 provideatur,
2741 3120 2846 3195 qni

613 3232 835 3312 populo
869 3235 936 3293 in
970 3233 1222 3311 divinis,
1268 3237 1327 3293 et
1370 3236 1715 3293 animarum
1757 3250 1903 3294 cura
1945 3234 2204 3314 reqenda
2235 3236 2476 3313 praesit,
2515 3238 2576 3294 et
2625 3235 2848 3294 missas

614 3347 821 3409 diebus
863 3348 1101 3426 festivis
1132 3365 1248 3427 pro
1283 3347 1492 3409 ovibus
1527 3352 1654 3409 suis
1688 3348 2017 3427 celebrare,
2061 3353 2442 3410 sacramenta
2467 3351 2848 3428 poenitentia

613 3470 674 3525 et
721 3463 1120 3527 Eucharistice
1173 3468 1543 3542 ministrare,
1580 3482 1806 3527 necnon
1851 3469 1919 3526 in
1972 3464 2178 3526 eadem
2230 3464 2477 3526 ecclesia
2529 3467 2847 3525 matrimo-

612 3582 715 3641 nio
758 3579 1158 3660 parochianos
1204 3583 1588 3661 conjunqere‚
1626 3598 1696 3641 ac
1744 3581 2089 3642 rudimenta
2129 3578 2277 3656 fidei
2319 3580 2559 3641 edocere
2599 3579 2836 3652 debeat,

613 3699 671 3755 et
719 3699 1012 3772 teneatur,
1058 3695 1345 3757 dilectum
1425 3696 1597 3757 nobis
1671 3698 1738 3758 in
1808 3696 2051 3758 Christo
2097 3698 2175 3758 Ν.
2224 3695 2678 3775 presbyterum,
2731 3711 2846 3774 per

618 3813 739 3874 Nos
779 3816 837 3872 et
876 3815 1316 3871 examinatores
1344 3817 1581 3873 nostros
1611 3812 1931 3892 synodales
1980 3818 2263 3892 tanquam
2310 3810 2568 3873 habilem
2611 3816 2673 3872 et
2711 3812 2844 3872 ido-

612 3944 787 3988 neum
832 3932 1136 4007 repertum
1175 3926 1573 4007 proficimus,
1623 3930 1836 4008 illique
1872 3945 2112 4006 curam,
2153 3932 2448 4007 reqe'men,
2483 3931 2542 3987 et
2578 3926 2845 3988 admini-

615 4045 968 4105 strationem
1020 4048 1526 4104 sacramentorum
1571 4045 2031 4121 committimus,
2078 4060 2149 4103 ac
2206 4043 2398 4104 eidem
2449 4043 2525 4104 de
2580 4043 2841 4122 proesata

613 4158 858 4221 ecclesia
885 4157 1318 4239 parochialiter
1368 4162 1604 4220 noviter
1648 4162 1846 4219 erecta
1882 4158 2260 4221 collationem
2297 4159 2576 4236 facimus,
2605 4139 2672 4219 'et
2696 4175 2840 4238 pro·

613 4278 905 4340 videmus.
942 4307 1034 4321 --
1063 4274 1449 4353 Mandantes,
1485 4280 1601 4338 etc.
1624 4309 1716 4322 -
1739 4277 1814 4338 In
1848 4294 2118 4356 quorum,
2160 4281 2271 4338 etc.
2312 4310 2405 4322 —
2435 4277 2679 4354 Datum,
2722 4281 2827 4337 etc.

613 4424 705 4438 —-
733 4393 842 4465 N.‚
878 4391 1227 4470 Episcopus.
1275 4393 1353 4454 N.
1395 4423 1480 4436 —
1518 4392 1595 4453 Ν.
1606 4438 1629 4470 ,
1672 4393 2087 4456 Cancellarius
2117 4394 2493 4475 episcopalis.
