3146 4973
1185 262 1630 355 npmufn.
2406 267 2538 332 689

310 433 423 496 per
442 417 789 494 praesentes,
820 416 1104 491 tanquam
1138 412 1508 492 cappellano,
1535 411 1888 490 facultatem
1915 416 1975 472 et
2000 410 2303 472 licentiam
2326 410 2542 473 damus

204 520 233 540 '
317 534 514 591 missoe
542 546 776 590 sacrum
795 529 1083 606 faciendi,
1108 531 1175 588 in
1202 528 1447 589 ecclesia
1474 530 1765 588 exteriori
1783 525 2134 588 monialium
2157 526 2532 602 monasterii,

318 650 378 707 et
399 645 563 705 horis
597 648 969 724 opportunis,
1002 647 1259 704 servatis
1276 645 1687 722 infrascriptis
1713 642 2188 704 conditionibus:

408 763 717 824 Decentem
760 760 1097 821 clericalem
1143 765 1450 821 tonsuram
1491 763 1551 819 et
1593 776 1868 820 coronam
1915 775 2046 819 cum
2093 757 2306 819 habitu
2355 756 2546 818 talari

323 894 548 957 semper
585 876 843 956 deferas.
874 911 967 923 -—
996 878 1149 939 Cum
1204 875 1595 952 monialibus,
1634 880 1742 936 aut
1795 874 1942 936 aliis
1985 874 2337 935 mulieribus
2379 877 2549 934 intra

322 991 662 1052 clausuram
692 992 1039 1070 deqentibus
1078 988 1362 1074 (exceptis
1397 989 1758 1050 monialibus
1787 992 2082 1065 sacristis,
2115 1006 2233 1068 pro
2264 988 2440 1049 rebus
2468 987 2551 1048 ad

325 1104 690 1182 sacrificium
727 1110 925 1167 missoe
960 1110 1019 1167 et
1058 1111 1339 1167 ornatum
1374 1106 1632 1165 ecclesia.²
1663 1099 1921 1185 tantum)
1955 1121 2075 1165 non
2119 1102 2405 1184 loquaris,
2445 1102 2554 1162 sub

319 1224 514 1300 poenis
567 1221 846 1283 arbitrio.
878 1255 971 1267 —
995 1223 1119 1283 Pro
1158 1222 1524 1301 eleemosyna
1579 1224 1778 1281 missoe
1823 1221 2189 1299 quotidiana.²
2239 1219 2334 1279 nil
2380 1217 2556 1278 aliud

329 1339 606 1415 recipias,
645 1355 823 1415 quam
851 1338 1122 1399 solitum.

417 1454 619 1513 Missoe
648 1470 886 1514 sacrum
916 1471 991 1514 ne
1017 1453 1212 1531 facias
1245 1456 1375 1513 sine
1402 1455 1682 1513 ministro
1714 1451 1954 1528 idoneo,
1993 1468 2170 1529 eoque
2199 1450 2430 1512 decenti
2456 1448 2559 1510 ha·

336 1567 469 1628 bitu
507 1569 742 1629 induto.
778 1603 868 1614 —
898 1570 1152 1631 Sacrum
1186 1586 1300 1648 per
1348 1573 1405 1628 te
1450 1571 1649 1648 ipsum
1684 1567 1833 1628 liora
1872 1570 2229 1646 proescripta
2274 1566 2482 1644 facies.

426 1684 833 1745 Praesentibus
862 1684 945 1746 ad
967 1691 1236 1746 nostrum
1267 1684 1693 1764 beneplacitum
1720 1684 2029 1745 valituris.
2055 1715 2145 1737 -—
2167 1685 2416 1761 Datum,
2445 1689 2558 1747 etc.

336 1830 430 1843 ·—
455 1799 530 1860 N.
540 1844 562 1875 ,
602 1800 929 1878 Episcopus
961 1801 1040 1861 Ν.
1078 1796 1224 1882 (sive
1254 1802 1522 1860 vicarius
1552 1793 1901 1880 qeneralis).

1387 2073 1525 2137 XX.

346 2314 661 2362 vonum
727 2313 1094 2363 clTA‘rloms
1157 2313 1443 2363 PAROCffl
1507 2314 1952 2362 SUSPENDENDI
1971 2346 1993 2377 ,
2048 2316 2132 2365 ΟΒ
2195 2314 2574 2366 PRAESTITAM

435 2432 896 2481 ASSISTERTIAM
963 2432 1414 2492 MATRmomo,
1476 2431 1730 2493 ABSQUss
1794 2432 2058 2481 PnAEvus
2105 2434 2574 2483 DENUNTIATIO-

440 2550 652 2598 ulnus,

443 2784 672 2845 Habita
704 2784 995 2846 relatione
1016 2786 1213 2846 nostri
1243 2786 1656 2864 procuratoris
1684 2781 1939 2861 fiscalis,
1963 2788 2029 2846 in
2059 2789 2222 2846 terra
2252 2787 2331 2849 N.
2359 2792 2581 2849 nostrae

356 2899 650 2978 dioecesis,
682 2905 1052 2962 contractum
1095 2902 1282 2978 fuisse
1319 2903 1769 2961 matrimonium
1816 2900 2185 2961 clandestine
2225 2901 2443 2981 absque
2478 2904 2582 2964 de-

355 3016 860 3094 nuntiationibus,
891 3020 1052 3077 inter
1090 3019 1168 3080 Ν.
1199 3020 1257 3076 et
1280 3018 1341 3079 N
1346 3063 1391 3092 .,
1424 3018 1783 3095 receptisque
1810 3015 2279 3094 depositionibus
2310 3022 2573 3098 testium,

357 3148 437 3191 ex
464 3131 675 3210 quibus
702 3137 957 3209 constat,
974 3132 1140 3211 quod
1164 3131 1460 3212 parochus
1492 3131 1751 3191 ecclesioe
1786 3132 1867 3192 Ν.
1894 3134 2000 3209 qui
2028 3130 2188 3192 illud
2210 3134 2584 3211 proscribere

357 3248 664 3325 debuerat,
700 3254 906 3329 sponte
929 3254 1319 3329 proesentiam
1354 3255 1646 3327 praestare
1674 3251 1842 3327 eique
1877 3251 2159 3309 interesse
2202 3254 2584 3330 praesumpsit

358 3362 575 3443 absque
600 3367 948 3426 necessitate
985 3382 1006 3425 .·
1042 3365 1197 3440 ideo,
1247 3382 1313 3425 eo
1346 3368 1523 3444 prius
1567 3366 1795 3425 monito
1837 3364 1920 3425 ad
1951 3363 2268 3424 dicendum
2310 3383 2575 3443 causam,

360 3497 547 3559 quare
584 3498 705 3541 non
746 3480 981 3542 deberet
1016 3480 1091 3540 ab
1130 3479 1321 3558 officio
1362 3480 1669 3560 suspendi,
1711 3483 1770 3540 et
1797 3477 1981 3557 nihil,
2026 3479 2183 3558 quod
2213 3479 2453 3553 relevet,
2488 3483 2586 3541 de-

362 3595 566 3674 ducto,
603 3601 670 3658 in
696 3600 1129 3658 exsecutionem
1154 3601 1521 3657 statutorum
1557 3612 1866 3656 sacrorum
1909 3612 2222 3671 canonum,
2252 3598 2448 3674 ipsum
2483 3615 2592 3675 pa-

363 3709 607 3771 rochum
636 3712 715 3775 N.
752 3729 868 3792 per
906 3714 1233 3773 triennium
1260 3711 1336 3772 ab
1363 3710 1557 3788 officio
1587 3709 2026 3789 suspendimus,
2066 3715 2126 3769 et
2158 3727 2274 3789 pro
2309 3727 2592 3790 suspenso

363 3824 575 3888 haberi
614 3827 906 3905 volumus,
942 3833 1001 3889 et
1035 3827 1433 3903 declaramus,
1467 3831 1525 3886 et
1554 3826 1639 3887 ad
1685 3825 1897 3886 valvas
1927 3823 2185 3886 ecclesioe
2215 3823 2591 3904 parochialis

363 3943 718 4005 denuntiari
745 3943 1124 4020 mandamus,
1164 3946 1349 4020 omni,
1385 3947 1497 4005 etc.
1526 3974 1618 3988 —-
1638 3942 1698 4006 N
1703 3987 1748 4019 .,
1781 3942 2113 4020 Episcopus
2149 3937 2298 4023 (sive
2327 3943 2595 4002 vicarius

365 4058 668 4137 qeneralis
691 4053 798 4141 N.)
831 4090 922 4105 —-
950 4060 1008 4122 N
1015 4104 1062 4134 .,
1089 4061 1424 4120 actuarius.

1240 4294 1711 4326 a*
