3146 4973
507 341 627 407 174
1184 353 1559 404 ‘rueramus
1604 355 1694 404 nr.
1741 352 2067 403 rsaocuo,

590 482 734 547 Non
777 485 1032 547 tuntum
1072 477 1394 562 parochus
1428 499 1556 545 nou
1596 487 1699 545 est
1734 477 2035 563 dignitas,
2074 477 2222 558 sed,
2276 483 2530 545 attento
2581 478 2730 563 jure

502 595 850 673 communi,
874 602 944 659 et
966 592 1403 661 abstrahendo
1419 615 1454 660 a
1475 593 1981 678 particularibus
1995 595 2290 661 locorum
2308 593 2731 661 eonsuetudi-

499 712 714 790 nibus,
764 729 849 775 ne
889 716 1247 790 mactatus
1287 708 1553 794 quidem
1598 715 1721 776 est.
1764 710 1926 777 Nam
1952 715 2340 793 personatus
2369 717 2473 776 est
2502 730 2730 774 merum

484 834 597 911 jus
625 828 1021 907 praedendi,
1057 824 1303 891 nullam
1331 825 1583 893 scilicet
1613 825 1738 892 sibi
1774 825 2022 892 habens
2051 824 2429 910 adjunctam
2462 825 2595 892 fori
2616 844 2732 890 ex-

499 943 673 1007 terni
726 939 1269 1026 jurisdictionem.
1349 941 1480 1023 Qui
1534 960 1772 1026 nempe
1832 939 2223 1007 beneficium
2283 941 2393 1007 vel
2448 939 2729 1006 officium

499 1057 720 1136 habet,
756 1057 863 1122 cui
896 1055 983 1123 de
1026 1055 1178 1140 jure
1217 1062 1605 1140 personatus
1656 1055 1950 1123 adnexus
2004 1063 2129 1136 est,
2185 1063 2480 1135 coeteros,
2530 1058 2731 1122 etiam

495 1172 913 1257 antiquiores,
963 1169 1279 1255 proecedit
1323 1171 1392 1236 in
1439 1172 1739 1249 ecclesia,
1798 1170 1998 1238 choro
2054 1179 2126 1237 et
2179 1171 2723 1255 processionibus.

493 1289 619 1367 Sic,
656 1288 842 1354 verbi
859 1287 1093 1371 gratia,
1128 1287 1557 1371 praepositura
1593 1287 1663 1353 in
1696 1287 1774 1353 iis
1806 1286 2105 1371 capitulis
2140 1294 2211 1353 et
2234 1287 2588 1371 collegiatis
2616 1286 2730 1352 uhi

491 1424 626 1470 uon
651 1412 753 1470 est
792 1403 1091 1487 dignitas,
1126 1410 1228 1469 est
1252 1402 1481 1468 saltem
1527 1410 1937 1485 personatus.
1993 1404 2162 1468 Item
2184 1403 2479 1487 quilibet
2518 1401 2734 1468 cathe-

491 1519 700 1586 dralis
725 1519 1096 1596 canonicum
1128 1536 1280 1583 cum
1315 1518 1384 1582 vi
1410 1520 1752 1601 ipsiusmet
1778 1518 1880 1583 sui
1902 1520 2322 1585 canonicatus
2346 1517 2731 1603 proeceden-

495 1636 656 1701 tiam
678 1633 952 1700 relative
989 1630 1078 1697 ad
1109 1632 1432 1715 simplices
1467 1632 1897 1717 presbyteros
1923 1651 2055 1698 non
2086 1633 2429 1698 canonicos
2462 1631 2557 1698 ,de
2580 1629 2729 1715 jure

496 1750 754 1827 hebeat,
792 1755 1213 1832 personatum
1239 1766 1355 1814 seu
1396 1746 1999 1833 quasi-dignitatem
2030 1747 2331 1814 obtinere
2366 1746 2730 1814 censendus

491 1873 619 1932 est.
673 1866 759 1930 At
805 1883 964 1931 vero
1015 1863 1170 1949 jura
1218 1863 1467 1929 nullam
1515 1862 1840 1947 ejusmodi
1890 1862 2396 1947 praecedeutiam
2444 1860 2727 1947 parocho

491 1981 703 2066 (extra
729 1979 1059 2063 propriam
1085 1978 1289 2061 ipsius
1320 1976 1687 2062 ecclesiam)
1721 1978 1793 2042 iu
1827 1984 2100 2044 ceteros
2130 1977 2527 2044 attribuunt.
2560 1977 2725 2047 Cum

489 2102 715 2161 tamen
751 2112 838 2161 ex
875 2113 1060 2161 mera
1092 2092 1386 2163 locorum
1421 2092 1895 2161 cousuetudine
1937 2093 2131 2161 alicui
2162 2092 2368 2160 officio
2398 2092 2722 2159 accedere

491 2211 694 2293 possit
714 2209 824 2294 jus
849 2208 1014 2277 illud
1034 2210 1193 2276 alios
1223 2206 1662 2292 praecedendi,
1695 2209 1975 2292 reperiri
1993 2215 2262 2293 possunt
2284 2207 2551 2291 parochi
2572 2225 2726 2290 per»

491 2332 756 2390 sonatus
781 2323 1026 2390 honore
1059 2322 1475 2389 condecorati
1518 2345 1533 2388 ε
1577 2331 1647 2388 et
1676 2343 1910 2389 revera
1945 2323 2167 2391 multis
2207 2325 2272 2389 iu
2322 2322 2484 2389 locis
2512 2320 2724 2407 quod-

487 2438 657 2508 libet
682 2437 1076 2508 heneficium
1118 2446 1420 2508 curatum
1456 2455 1582 2523 pro
1620 2445 1972 2523 personatu
2018 2437 2244 2506 haberi
2276 2435 2548 2508 adnotat
2573 2454 2719 2502 cum

489 2554 1165 2639 Pirrh'mgLeurenius
1199 2558 1441 2636 (Forum
1472 2557 1695 2636 benef„
1738 2563 1898 2622 tom.
1938 2558 1996 2634 1,
2026 2573 2092 2640 q.
2136 2558 2249 2634 32,
2278 2574 2346 2622 n.
2390 2553 2483 2638 3).

579 2669 1114 2738 Concludendum
1174 2689 1333 2754 ergo
1390 2670 1861 2753 parochiatum,
1928 2687 2049 2753 per
2092 2689 2163 2738 se
2208 2670 2439 2748 solum,
2499 2676 2568 2735 et
2626 2676 2723 2734 at-

489 2794 674 2854 tento
698 2786 847 2871 jure
887 2786 1235 2863 communi,
1274 2804 1529 2852 merum
1564 2804 1703 2852 esse
1735 2784 2034 2864 officium,
2073 2792 2143 2852 et
2172 2784 2330 2854 nihil
2361 2783 2565 2854 aliud.

579 2903 742 2970 Hinc
765 2911 866 2970 est
885 2901 1066 2988 quod
1093 2920 1299 2968 causae
1331 2900 1416 2969 ad
1433 2900 1673 2970 sedem
1696 2902 2129 2987 Apostolicam
2151 2883 2442 2985 perlatae,
2476 2909 2545 2967 et
2570 2920 2723 2986 qua-

489 3033 636 3084 rum
659 3035 1038 3102 processum
1055 3015 1292 3082 eadem
1315 3015 1520 3084 Sedes
1540 3017 1908 3100 Apostolica
1926 3016 2071 3082 vult
2092 3015 2237 3082 fieri
2258 3016 2327 3081 in
2346 3015 2720 3100 regionibus

490 3134 665 3218 ipsis,
694 3134 761 3200 in
797 3133 1034 3219 quibus
1057 3139 1213 3200 sunt
1236 3139 1419 3213 orta,
1451 3152 1602 3199 cum
1633 3152 1719 3200 ex
1745 3131 2035 3200 decretis
2060 3130 2419 3200 Pontificiis
2448 3149 2579 3198 non
2602 3130 2720 3198 de—

487 3250 690 3316 beant
734 3250 1048 3318 committi
1091 3250 1214 3316 nisi
1263 3251 1558 3334 personis
1604 3249 1673 3314 in
1725 3252 2027 3331 almitate
2074 3256 2191 3314 aut
2236 3256 2561 3328 mamam
2602 3265 2717 3314 seu

485 3366 1016 3451 quasi-dignitate
1068 3365 1526 3445 existentibus,
1598 3383 1927 3449 nunquam
1982 3365 2481 3431 committuntur
2527 3382 2720 3448 parn-

489 3481 670 3564 chis3
720 3480 839 3548 sed
877 3482 988 3547 vel
1023 3481 1333 3565 praelatis,
1380 3481 1488 3547 vel
1523 3478 1949 3563 dignitatibus
1973 3478 2430 3564 capitulorum,
2472 3478 2580 3544 vel
2611 3497 2715 3545 ca-

485 3616 759 3663 uomens.

1387 3811 1661 3880 CAPUT
1704 3812 1816 3880 IX.

549 4063 614 4110 m
659 4062 798 4124 Quo
840 4061 1001 4112 srcr
1045 4060 1500 4114 Pnocnurus
1543 4062 1878 4122 essm-ru,
1944 4062 2028 4110 ar
2069 4061 2396 4124 quonaone
2440 4061 2653 4112 nte-m

1107 4178 1397 4228 nurmuu
1447 4177 1671 4230 rosan
1728 4177 2095 4232 ememus.

573 4413 880 4480 Dicemus
921 4415 984 4477 1⁰
1019 4408 1347 4478 undenam
1379 4408 1787 4478 desumenda
1814 4410 1903 4477 sit
1932 4428 2090 4478 vem
2116 4425 2343 4477 norma
2373 4407 2462 4478 ad
2498 4409 2714 4480 deter-
