3146 4973
614 308 746 369 610
1290 320 1663 367 τηᾼοτᾼτυε
1715 323 1798 368 nn
1844 321 2167 369 maocuo,

610 451 806 532 yradu
844 452 1196 531 conjunctis.
1231 481 1318 495 —
1344 447 1501 512 Nam
1547 465 1629 512 ex
1670 444 1984 512 decretali
2033 443 2509 528 innocentiana,
2553 452 2677 534 ipsi
2711 453 2837 519 lici-

609 574 749 630 tum
811 572 911 631 est
968 562 1212 648 degere
1263 579 1413 627 cum
1459 562 1874 640 mulieribus,
1928 569 1994 626 in
2050 566 2263 644 quibus
2323 570 2603 631 naturale
2644 572 2837 650 soedus

607 683 764 744 nihil
797 687 1108 763 permittit
1130 686 1275 744 soevi
1300 684 1576 744 criminis
1603 685 1925 762 suspicari.
1962 680 2171 745 Porro
2195 678 2283 745 de
2311 680 2540 748 harum
2564 702 2835 752 numero

607 816 749 861 esse
783 795 1160 880 conjunctas
1193 796 1261 859 in
1284 792 1481 859 dictis
1525 795 2095 878 consanguinitatis
2123 793 2455 878 gradibus,
2480 796 2550 862 id
2579 806 2680 865 est
2711 819 2837 868 ma·

607 919 808 991 trem,
842 913 1085 988 aviam,
1128 912 1422 987 amitam,
1466 916 1923 987 materteram,
1970 926 2260 976 sororem
2297 919 2368 977 et
2405 919 2700 997 neptem,
2734 924 2835 981 est

605 1029 963 1094 communis
991 1025 1338 1092 doctorum
1365 1025 1710 1092 sententia.
1761 1021 1951 1108 (Vide
1981 1023 2561 1109 Schmalzgrueber
2580 1036 2651 1094 et
2675 1029 2834 1096 alios

604 1143 983 1222 canonistaS,
1017 1142 1084 1205 in
1107 1139 1372 1206 titulum
1403 1141 1465 1216 2,
1504 1138 1658 1204 libri
1690 1141 1727 1204 3
1770 1137 2253 1223 decretalium.)
2285 1142 2581 1210 Diximus
2611 1152 2831 1211 autem

603 1260 963 1339 reqntariter
993 1260 1300 1339 loquendo,
1330 1255 1414 1321 ob
1447 1255 1621 1320 infra
1638 1253 2004 1338 ponendam
2035 1257 2510 1340 exceptionem.

694 1375 1089 1439 Pnomsrno
1135 1371 1276 1436 111⁸.
1326 1405 1412 1418 -—
1451 1374 1603 1434 Item
1649 1373 1861 1432 clerico
1919 1372 2089 1433 licita
2146 1380 2415 1436 censetur
2466 1375 2824 1439 cohabitatio

601 1508 732 1551 cum
773 1488 1055 1567 affinibus
1100 1491 1166 1549 in
1205 1492 1403 1567 primo
1438 1488 1657 1566 qradu,
1695 1487 1861 1547 verbi
1908 1492 2136 1566 qratia,
2174 1505 2305 1549 cum
2360 1507 2634 1568 noverca,
2667 1510 2823 1554 nuru

600 1611 658 1667 et
685 1623 875 1666 more
905 1606 1124 1683 fratris
1144 1603 1446 1681 desumti;
1469 1607 1713 1682 insuper
1745 1620 1880 1664 cum
1906 1601 2191 1680 affinibus
2223 1609 2288 1666 in
2314 1608 2571 1668 secundo
2594 1609 2813 1686 qradra,

595 1721 836 1800 quando
873 1720 1032 1781 alter
1071 1720 1254 1780 alteri
1297 1722 1694 1780 reverentiam
1735 1718 1938 1796 cubet,-
1986 1719 2153 1779 verbi
2198 1726 2425 1799 qratia,
2462 1740 2595 1783 cum
2635 1741 2824 1784 amon

594 1840 805 1917 patrui
843 1836 939 1896 vet
981 1835 1267 1896 avunculi
1293 1833 1589 1911 defuncti.
1624 1867 1712 1878 —
1743 1831 1902 1896 Nam
1939 1833 2106 1896 ratio
2150 1831 2233 1896 ab
2277 1851 2470 1918 quam
2511 1836 2823 1901 Innocen-

593 1951 725 2015 tius
753 1950 848 2014 111
871 1947 1411 2015 cohabitationem
1441 1948 1767 2032 permittit
1798 1965 1947 2013 cum
1979 1950 2471 2033 consanguineis
2493 1958 2615 2029 est,
2642 1950 2818 2036 quod

594 2074 753 2131 tunc
795 2064 1189 2132 excludatur
1229 2063 1716 2129 incontinentioe
1748 2064 2051 2147 suspicio.
2086 2065 2248 2130 Hinc
2278 2083 2437 2131 vero
2468 2069 2817 2132 communi-

592 2189 699 2246 ter
756 2182 1074 2246 aestimant
1135 2180 1442 2246 doctores
1461 2229 1477 2257 ,
1533 2180 1789 2245 censeri
1851 2197 2217 2246 concessam
2276 2179 2812 2248 cohabitationem

587 2315 736 2361 cum
772 2297 912 2361 aliis
945 2298 1140 2362 etiam
1172 2295 1470 2373 foemiuis,
1500 2314 1643 2380 quoe
1676 2296 1823 2360 talis
1862 2294 2249 2360 conditionis
2287 2303 2459 2376 sunt,
2497 2305 2571 2362 ut
2609 2300 2814 2382 suspi-

587 2413 837 2477 cionem
876 2411 1126 2495 pariter
1159 2407 1472 2494 effugiant
1510 2432 1524 2473 :
1563 2410 1865 2475 renovari
1906 2427 2140 2495 nempe
2177 2410 2260 2475 ab
2298 2411 2677 2478 Innocentio
2720 2413 2813 2478 In

467 2546 480 2565 ⁸
588 2528 927 2593 Nicoenum
962 2526 1325 2604 decretum,
1364 2543 1494 2610 quo
1532 2525 1933 2609 generaliter
1979 2527 2309 2592 concessio
2346 2526 2425 2592 fit
2450 2527 2668 2612 quoad
2705 2548 2816 2594 eas

581 2660 808 2708 omnes
856 2660 1205 2725 personas,
1256 2661 1387 2722 quoe
1441 2645 1833 2723 suspicionem
1882 2645 2201 2723 effitqiunt.
2255 2643 2398 2707 Jam
2444 2661 2602 2709 vero
2652 2645 2814 2710 tales

583 2778 724 2824 esse
760 2755 1117 2823 censendas
1148 2755 1464 2840 praedicto
1491 2755 1687 2823 modo
1724 2755 1943 2822 affines
1982 2761 2308 2823 communi
2350 2778 2665 2826 consensu
2698 2760 2810 2826 ad·

582 2877 873 2940 mittunt.
911 2871 1098 2960 (Vide
1129 2874 1361 2957 passim
1402 2873 1762 2938 canonistas
1790 2872 1908 2938 ubi
1938 2873 2205 2939 titulum
2245 2877 2321 2938 de
2354 2877 2809 2940 cohabitatione

582 2992 928 3052 clericorum
957 2995 1020 3051 et
1045 2990 1366 3052 mulierum
1396 2989 1876 3053 commentan‘is
1912 2987 2296 3071 illustrant.)

670 3105 1071 3171 Pnomsmo
1124 3104 1261 3169 Iv·.
1305 3140 1397 3151 —-
1445 3106 1702 3183 otiando
1728 3105 1978 3167 cler-icus
2007 3106 2172 3167 licite
2209 3104 2448 3169 habetat
2486 3126 2623 3170 cum
2644 3126 2807 3190 proe·

581 3224 764 3286 dictis
795 3222 912 3283 sibi
938 3225 1304 3302 cunjunctis,
1333 3225 1518 3283 etiam
1539 3225 1662 3301 ipsi
1685 3222 1821 3282 licet
1854 3220 2128 3283 habitare
2157 3240 2290 3283 cum
2333 3226 2673 3287 earumdem
2699 3242 2803 3287 an·

580 3339 744 3400 cittis
778 3343 838 3398 ee
867 3338 1230 3419 pedisequis.
1270 3368 1356 3382 ——
1387 3334 1550 3399 Cum
1586 3335 1759 3399 enim
1794 3332 1987 3399 dictae
2044 3335 2263 3402 clerici
2308 3339 2800 3422 consanguinee

580 3459 695 3517 aut
747 3448 967 3516 aflines
1007 3448 1249 3534 absque
1299 3448 1543 3513 ancillis
1596 3455 1711 3513 aut
1761 3446 2130 3531 pedisequis
2188 3448 2517 3517 ordinarie
2556 3451 2799 3536 degere

582 3570 938 3650 nequeant,
981 3563 1104 3628 hoc
1152 3564 1292 3645 ipso
1335 3561 1513 3647 quod
1560 3562 1671 3626 lex
1715 3561 2149 3628 ecclesiastica
2192 3563 2446 3630 clericis
2483 3567 2799 3650 permittit

581 3680 874 3746 habitare
916 3696 1060 3744 cum
1107 3677 1238 3743 suis
1271 3678 1763 3760 consanguineis
1800 3684 1920 3741 aut
1969 3674 2262 3743 affinibus
2281 3727 2298 3757 ,
2335 3681 2572 3746 merito
2602 3684 2797 3747 etiam

580 3796 969 3880 supponitur
1003 3791 1393 3870 concedere,
1452 3799 1528 3857 ut
1563 3810 1712 3857 cum
1766 3792 1995 3858 harum
2034 3794 2278 3860 ancillis
2308 3795 2578 3865 habitet.
2634 3797 2797 3864 Vide

577 3914 752 3978 inter
784 3910 940 3976 aiios
977 3911 1339 3975 canonistas
1389 3909 1480 3973 ita
1519 3906 1859 3973 tradentes
1896 3909 2279 3990 praeclarum
2314 3910 2797 3997 Schmalzgrue-

577 4028 700 4094 ber
735 4027 830 4113 (in
854 4026 1119 4091 titulum
1148 4027 1211 4101 2,
1247 4023 1394 4089 libri
1423 4027 1461 4088 3
1496 4022 1946 4101 decretalium,
1984 4043 2050 4087 n.
2080 4023 2171 4108 2).

664 4143 1061 4210 Psorosmo
1097 4140 1199 4205 Ψ.
1235 4172 1327 4187 --
1365 4143 1500 4203 Non
1537 4140 1938 4221 pmkibentur
1980 4142 2187 4203 dorici
2236 4148 2425 4206 ctiam
2468 4152 2789 4208 sumas

572 4263 845 4340 foeminas
877 4264 942 4322 in
973 4257 1237 4337 summas
1276 4256 1394 4319 sibi
1421 4274 1746 4335 assumere,
1770 4258 1949 4319 modo
1976 4262 2371 4338 provectioris
2396 4265 2608 4323 mnae
2636 4266 2777 4337 sicot,

569 4378 826 4463 kostesta’
862 4377 1063 4454 fama’,
1116 4380 1174 4433 et
1222 4381 1398 4433 exera
1438 4378 1852 4454 mespicionem.
1893 4406 1979 4421 -—
2011 4374 2190 4453 Nam,
2224 4393 2307 4440 ex
2345 4373 2542 4441 modo
2570 4374 2777 4447 dictu,
