3146 4973
561 283 681 347 294
1234 295 1610 344 numurus
1655 297 1742 343 m:
1789 296 2115 344 rauocno.

648 423 1046 488 Pnol‘oslrlo
1077 420 1179 484 X·.
1216 455 1306 466 ——
1346 422 1500 482 Unio
1515 420 1944 500 parochiarum
1965 422 2042 481 ab
2063 423 2372 502 Epist-opis
2397 426 2583 501 facta,
2611 444 2786 489 sumn

557 542 830 619 effectum
885 537 1096 598 habere
1146 540 1384 615 nequit,
1429 540 1552 596 nisi
1593 542 1733 616 post
1769 542 2019 598 mortem
2057 543 2163 598 aut
2209 542 2668 618 resignationem
2700 562 2786 603 re.

555 660 782 715 ecorum
800 701 821 731 ,
858 656 962 732 qui
1002 651 1111 712 has
1158 651 1481 732 parochias
1520 652 1808 713 obtinent.
1844 685 1934 697 —-
1956 651 2116 715 Nam
2153 652 2220 715 in
2269 653 2468 718 citato
2516 653 2787 722 decreto

552 766 941 831 Tridentium
977 763 1211 848 synodi
1251 765 1332 850 (c.
1376 768 1445 842 5,
1486 783 1638 830 sess.
1677 764 1785 849 21)
1827 783 2135 848 expresse
2178 775 2471 848 cavetur,
2514 778 2592 835 ut
2624 771 2787 837 fiant

551 882 824 946 uniones
863 878 1186 964 ejusmodi
1237 887 1366 944 sine
1397 884 1756 962 proejuclicio
1803 884 2196 945 obtinentiam
2231 904 2251 944 .·
2289 902 2486 967 porro
2536 886 2592 950 si
2633 890 2786 955 uuio

551 999 859 1063 effectum
891 1015 1082 1061 suum
1112 999 1461 1062 sortiretur
1505 1003 1657 1062 ante
1692 1004 1970 1062 mortem
2003 1006 2117 1063 aut
2160 998 2661 1083 resignationem
2693 1022 2789 1069 re-

549 1116 746 1181 ctoris
788 1114 957 1180 illius
993 1113 1310 1197 parochioe
1330 1163 1345 1191 ,
1377 1131 1520 1199 quae
1552 1114 1746 1179 alteri
1788 1115 2032 1193 unitur,
2072 1114 2166 1179 illi
2204 1117 2446 1181 rectori
2483 1116 2789 1202 praejudi-

552 1232 720 1295 cium
740 1229 1026 1314 afferret3
1063 1230 1379 1315 siquidem
1408 1250 1556 1296 eum
1583 1230 1774 1295 titulo
1799 1248 1918 1294 suo
1936 1232 2247 1314 privaret.
2276 1234 2356 1297 Et
2380 1236 2789 1319 coeteroquin

552 1349 747 1412 etiam
778 1366 858 1412 ex
888 1346 1036 1431 jure
1084 1347 1406 1411 communi
1454 1355 1605 1411 aute
1652 1346 2099 1412 Tridentiuam
2140 1346 2462 1431 synodum
2497 1350 2778 1433 vigenti,

548 1460 721 1527 idem
771 1463 837 1526 iu
868 1461 1223 1526 'unionibus
1280 1460 1749 1527 beneficiorum
1813 1460 2206 1527 servandum
2266 1462 2464 1528 fuisse
2515 1462 2787 1529 dubium

552 1596 678 1643 uon
703 1585 825 1656 est,
862 1584 929 1642 et
956 1577 1227 1643 tradunt
1258 1577 1649 1642 unanimiter
1681 1578 2046 1643 canonistoe.

638 1695 1034 1760 Pnoposmo
1084 1694 1219 1758 xl·.
1269 1729 1357 1738 —
1395 1696 1744 1774 Requiritur
1801 1712 2115 1757 consensus
2175 1702 2425 1758 rectoris
2483 1697 2790 1777 parochias

549 1809 849 1884 unicndae,
884 1814 953 1868 ut
981 1811 1123 1868 unio
1147 1810 1417 1886 effectum
1440 1806 1655 1867 habere
1682 1811 1881 1887 possit
1904 1815 2044 1870 ante
2082 1812 2274 1889 ipsius
2303 1815 2550 1870 mortem
2573 1815 2681 1871 aut
2704 1829 2793 1870 re·

549 1926 947 2003 siqnationem
978 1940 999 1981 .·
1022 1928 1089 1982 ut
1120 1927 1321 1982 autem
1351 1924 1626 2000 effectum
1666 1921 1879 1982 habeat
1913 1928 2047 2001 pose
2074 1927 2202 2002 ejus
2246 1925 2341 1984 obi
2351 1929 2476 1984 tum
2519 1920 2612 1984 vel
2650 1928 2796 1985 resi-

550 2041 914 2117 ynationem‚
940 2055 1045 2098 nec
1064 2041 1256 2116 ipsius
1288 2055 1627 2115 consensus,
1647 2034 1757 2098 'nec
1784 2041 1968 2098 etiam
1990 2042 2182 2117 ipsius
2212 2042 2427 2099 citatio
2467 2044 2573 2098 aut
2604 2043 2792 2100 consi-

558 2156 707 2242 lium
730 2158 1085 2233 requiritur.
1124 2187 1214 2198 —-
1242 2152 1435 2216 Patet
1463 2158 1666 2233 prima
1708 2172 1855 2233 pars
1897 2152 2358 2234 propositionis
2394 2170 2476 2215 ex
2512 2171 2592 2218 eo
2615 2150 2794 2236 quod

554 2269 706 2333 uuio
751 2266 896 2332 fieri
943 2273 1225 2350 nequeat
1258 2284 1407 2329 cum
1448 2266 1648 2348 ipsius
1687 2265 2064 2350 praejudicio
2104 2264 2339 2331 :fieret
2374 2273 2594 2331 autem
2643 2285 2793 2331 cum

554 2384 695 2470 ejus
727 2381 1103 2469 praejudicio
1134 2383 1206 2458 si,
1235 2382 1379 2461 ipso
1431 2400 1557 2451 nou
1602 2383 2073 2459 consentiente,
2111 2382 2326 2447 statim
2363 2378 2449 2445 ad
2488 2382 2793 2448 effectum

557 2500 1025 2566 deduceretur.
1085 2502 1281 2566 Patet
1327 2504 1589 2564 secunda
1633 2521 1785 2582 pars
1835 2518 1918 2564 ex
1959 2517 2037 2564 eo
2072 2497 2270 2581 quod,
2311 2507 2549 2582 praeter
2574 2499 2795 2564 cathe-

559 2616 744 2682 drale
780 2617 1160 2700 capitulum,
1199 2615 1441 2682 citandi
1466 2635 1599 2682 uon
1625 2617 1751 2682 sint
1782 2616 1902 2679 uisi
1931 2622 2213 2678 interesse
2236 2616 2514 2680 habentes
2541 2636 2562 2677 .·
2594 2634 2796 2698 porro

562 2735 616 2797 si
639 2734 790 2798 unio
820 2732 1128 2797 effectum
1157 2732 1459 2797 habitura
1500 2733 1585 2796 sit
1630 2731 1970 2796 dumtaxat
1997 2736 2144 2813 post
2185 2730 2326 2815 ejus
2363 2739 2640 2797 mortem
2679 2741 2798 2798 aut

564 2847 1084 2929 resignationem,
1122 2848 1259 2930 ipse
1298 2866 1427 2913 non
1455 2855 1554 2912 est
1582 2845 1666 2911 de
1699 2863 1972 2910 numero
2000 2863 2227 2910 eorum
2253 2866 2501 2927 quorum
2520 2852 2789 2923 interest,

564 2981 682 3026 seu
711 2960 946 3046 quibus
988 2963 1139 3027 uuio
1199 2961 1612 3047 praejudicat.
1677 2960 1866 3026 Unde
1923 2980 2042 3025 ucc
2093 2960 2626 3045 ejus'consensus
2676 2980 2798 3025 uec

567 3077 708 3163 ejus
748 3078 1088 3142 consilium
1119 3079 1501 3163 requiritur.
1540 3103 1571 3138 α
1613 3078 1952 3161 Minusque
1982 3079 2165 3141 citari
2195 3076 2397 3142 debet
2432 3084 2654 3143 rector
2683 3077 2800 3142 be-

575 3218 607 3252 «
641 3194 871 3272 neficii‚
924 3195 1012 3259 ait
1051 3195 1402 3279 Rigantiu5‚
1441 3196 1496 3259 si
1523 3194 1680 3258 uuio
1709 3212 1839 3259 non
1876 3195 1958 3259 sit
2010 3192 2309 3259 effectum
2345 3196 2652 3259 sortitura
2682 3193 2800 3259 du-

574 3335 606 3373 «
647 3319 834 3376 rante
864 3309 1006 3396 ejus
1034 3311 1190 3387 vita,
1247 3310 1363 3376 sed
1417 3311 1624 3376 solum
1679 3318 1828 3393 post
1879 3310 2210 3376 obitum...
2266 3308 2637 3375 Curandum
2667 3326 2797 3374 non

577 3449 610 3486 «
647 3431 748 3492 est
802 3425 888 3491 de
940 3425 1050 3490 illo
1099 3422 1507 3509 praejudicio,
1551 3423 1730 3507 quod
1780 3426 1840 3489 ei
1887 3424 2201 3490 obvenire
2249 3429 2504 3508 posset,
2541 3443 2622 3490 ex
2669 3442 2798 3508 quo

579 3567 611 3603 α
644 3548 855 3608 stante
915 3541 1175 3616 unione,
1240 3536 1632 3604 beneficium
1689 3539 2014 3620 resignare
2076 3546 2191 3603 aut
2253 3547 2629 3622 permutare
2691 3559 2801 3605 ue-

580 3682 612 3720 «
647 3664 847 3743 queat
872 3677 905 3717 »
942 3656 1029 3741 (in
1061 3655 1355 3737 regulam
1390 3656 1472 3718 22
1505 3654 1926 3732 cancellariae,
1958 3674 2021 3718 n.
2054 3653 2186 3737 58).
2232 3655 2295 3718 Si
2320 3662 2536 3720 tamen
2566 3662 2799 3736 sponte

574 3778 973 3858 compareat,
1016 3768 1378 3837 audiendus
1425 3778 1526 3835 cst
1545 3817 1560 3847 ‚
1617 3776 1693 3833 ut
1739 3769 2064 3853 superiori
2111 3769 2513 3852 paragrapho
2551 3767 2800 3833 dictum

575 3896 697 3968 est,
721 3886 1061 3975 loquendo
1097 3888 1161 3952 in
1208 3905 1451 3970 genere
1485 3885 1568 3951 de
1609 3885 1957 3950 unionibus
1995 3884 2484 3950 beneficiorum.

670 4009 1066 4072 Pnoposrno
1093 4004 1257 4069 xlv.
1302 4039 1393 4048 —-
1420 4007 1802 4084 Nequaquam
1851 4007 2181 4082 requiritur
2218 4021 2532 4064 consensius·
2577 4008 2686 4063 aut
2723 4006 2803 4062 ci-

580 4130 731 4189 tatio
744 4124 939 4205 plebis
962 4121 1264 4203 parochia·
1294 4122 1589 4183 veniendoe.
1627 4155 1714 4164 —
1757 4141 1790 4176 «
1824 4119 1956 4182 Nec
1994 4114 2223 4182 itidem
2263 4118 2494 4201 (inquit
2520 4117 2795 4200 Ingenui,

587 4264 619 4300 «
652 4240 797 4304 loco
842 4238 1060 4312 citato,
1108 4255 1172 4299 n.
1208 4232 1317 4315 60)
1376 4233 1665 4298 vocanda
1714 4240 1811 4297 est
1857 4230 2043 4313 plebs
2088 4232 2371 4297 ecclesioe
2423 4231 2802 4313 parochialis

585 4377 615 4412 «
648 4371 790 4437 quae
827 4351 1079 4433 unitur;
1112 4350 1262 4432 quia
1294 4348 1705 4430 praesumitur
1733 4346 2088 4428 allegatura
2125 4345 2193 4410 id
2225 4345 2401 4430 quod
2431 4346 2552 4410 sibi
2581 4345 2804 4410 utilius
