3146 4973
583 370 710 431 230
1260 384 1638 433 ‘rueramus
1686 385 1773 431 ns
1817 379 2144 433 ranocno.

584 507 687 571 vel
707 505 903 571 alicui
930 507 1308 589 collegiatis,
1345 508 1453 572 vel
1476 506 1680 577 alicui.
1699 508 2112 582 monasterio,
2137 504 2244 570 vel
2257 503 2465 577 alicui
2492 502 2813 588 dignitati,

581 622 689 686 vel
709 621 897 685 alicui
944 620 1339 701 praebendae,
1388 622 1493 687 vel
1528 622 1723 687 alicui
1759 623 1868 705 pio
1902 621 2069 697 loco,
2110 618 2409 687 decrevit
2446 618 2823 687 Tridentina

572 734 864 820 synodus
900 744 975 801 ut
1003 738 1521 803 constitueretur
1549 738 1827 807 vicarius
1865 735 1951 802 ad
2001 754 2225 807 curam
2243 733 2724 803 exercendam.

631 887 634 891 .
666 854 737 916 3⁰
766 850 1003 916 Vicarii
1029 852 1241 916 curati
1269 851 1377 917 alii
1395 860 1549 917 sunt
1580 853 1910 936 perpetui,
1948 851 2060 918 alii
2087 850 2488 933 temporales
2508 869 2624 917 seu
2641 868 2821 915 amo·

582 964 837 1030 vibiles.

666 1077 737 1140 4⁰
784 1077 1335 1160 Cappellanorum
1367 1086 1750 1145 curatorum
1787 1080 2045 1146 nomine
2081 1079 2304 1146 vocari
2331 1079 2544 1153 solent
2584 1078 2651 1143 in
2686 1080 2823 1163 qui-

578 1190 854 1257 busdam
891 1192 1268 1275 regionibus
1320 1194 1548 1259 vicarii
1598 1196 1842 1278 curati3
1902 1202 1970 1259 et
2007 1193 2410 1279 quandoque
2448 1196 2643 1269 etiam
2672 1196 2821 1279 ipsi-

581 1310 717 1368 met
743 1302 1031 1385 parochi,
1071 1305 1182 1386 qui
1232 1306 1500 1387 proprio
1538 1308 1822 1384 nomine,
1874 1314 1943 1372 et
1973 1325 2104 1371 non
2121 1307 2395 1373 alterius
2432 1307 2602 1384 loeo,
2638 1326 2824 1373 exer-

580 1416 855 1484 cendam
926 1417 1174 1485 hahent
1252 1438 1502 1488 curam.
1562 1423 1863 1504 Itemque
1920 1440 2385 1506 nonnunquam
2432 1423 2813 1498 curionum.

579 1541 980 1611 curatorum,
1015 1540 1435 1601 rectorumve
1504 1536 1820 1602 vocabula
1874 1536 1958 1603 ad
2019 1535 2454 1620 designandos
2506 1538 2834 1621 parochos·

582 1660 1008 1734 usurpantur.
1054 1650 1241 1718 Unde
1272 1650 1490 1738 quoad
1523 1650 2122 1719 denominationum
2169 1652 2488 1738 ejusmodi
2532 1673 2813 1729 sensum,

581 1767 984 1834 attendenda
1016 1779 1117 1836 est
1147 1773 1492 1853 regionum
1528 1767 1962 1841 consuetudo.

668 1884 919 1963 Quibus
954 1886 1331 1968 praenotatis
1353 1886 1461 1962 sit,

669 1998 1062 2067 Pnorosrrlo
1094 2004 1173 2065 1⁸.
1207 2036 1298 2047 —-
1332 2006 1609 2065 Vicarius
1651 2009 1995 2083 perpetuus,
2040 2006 2278 2083 quando
2313 2006 2632 2085 parochus.
2646 2010 2822 2085 prin·

581 2118 798 2197 cipalis
831 2118 1198 2179 habitualem
1235 2121 1561 2180 dumtaxat
1619 2137 1827 2180 curam
1880 2118 2076 2196 habet,
2135 2126 2222 2180 est
2273 2139 2446 2182 verus
2489 2128 2547 2183 et
2574 2127 2825 2201 proprie

581 2235 779 2294 dictus
808 2235 1125 2311 parochus.
1173 2268 1265 2279 -
1291 2235 1452 2297 Nam
1489 2232 1555 2296 in
1595 2233 1717 2298 hoc
1771 2234 2185 2317 casunequit
2223 2234 2541 2317 parochus
2577 2237 2821 2318 princi-

583 2347 744 2429 palis
789 2366 930 2412 sese
957 2348 1022 2410 in
1048 2349 1366 2412 exercitio
1398 2367 1569 2412 curae
1601 2350 1986 2425 immiscere,
2025 2368 2172 2413 cum
2200 2350 2263 2414 ei
2285 2348 2627 2415 dumtaxat
2653 2353 2825 2414 habi-

586 2465 771 2525 tualis
803 2482 983 2540 cura,
1015 2483 1145 2528 non
1188 2471 1413 2530 autem
1456 2464 1732 2530 actualis
1783 2472 2160 2549 competere
2193 2474 2616 2550 supponatur.
2653 2467 2824 2550 Ergo

583 2578 852 2641 actualis
892 2598 1049 2642 cura
1096 2599 1298 2663 penes
1332 2580 1644 2643 vicarium
1705 2587 1843 2646 tota
1900 2580 2166 2658 residet,
2207 2580 2735 2664 independenter
2787 2601 2825 2646 a

586 2692 925 2775 principali
953 2694 1255 2775 parocho.
1309 2695 1565 2759 Habere
1618 2703 1840 2760 autem
1874 2715 2098 2760 curam
2150 2699 2614 2777 independenter
2638 2714 2826 2761 exer-

586 2806 884 2884 cendam,
917 2807 1094 2872 idem
1114 2817 1215 2873 est
1242 2829 1317 2873 ac
1346 2810 1521 2874 illam
1552 2810 1799 2876 habere
1813 2818 2066 2892 proprio
2095 2811 2525 2876 exercendam
2559 2819 2817 2875 nomine.

586 2923 755 3004 Ergo
778 2921 855 2985 in«
873 2922 996 2988 hoc
1036 2942 1190 2988 casu
1222 2925 1465 2989 vicario
1497 2934 1825 3009 perpetuo
1855 2945 1990 2992 non
2017 2926 2208 2991 deest
2235 2929 2633 3011 praecipuum
2660 2926 2825 2992 illud

587 3034 681 3100 ad·
704 3038 1118 3119 parochiatus
1147 3040 1492 3106 essentiam
1529 3042 1936 3125 requisitum,
1974 3041 2086 3125 jus
2106 3060 2345 3126 nempe
2377 3062 2601 3108 curam
2636 3062 2827 3108 exea·-

587 3153 778 3218 cendi
816 3156 1081 3238 proprio
1111 3157 1393 3221 nomine.
1423 3154 1559 3222 Sed²
1585 3175 1800 3241 neque
1837 3163 2020 3221 caret
2047 3157 2196 3222 aliis
2213 3158 2560 3242 requisitis,
2593 3167 2674 3223 ut
2704 3160 2826 3223 sci-

587 3268 744 3334 licet
796 3287 938 3334 eam
989 3276 1296 3336 exerceat
1346 3289 1429 3334 ex
1488 3270 1904 3353 obligatione,
1949 3278 2019 3334 et
2070 3270 2284 3355 quoad
2316 3270 2823 3344 determinatum

588 3384 869 3468 aliquem
898 3386 1236 3468 populum,
1261 3386 1382 3468 ipsi
1409 3387 1750 3468 reciproco
1779 3386 2042 3451 vinculo
2068 3385 2445 3451 devinctum
2473 3406 2487 3449 ε
2524 3406 2684 3470 ergao
2720 3407 2826 3452 ne·

591 3517 747 3563 vera
773 3500 1077 3566 omnibus
1099 3501 1306 3581 pollet
1341 3497 1426 3564 ad
1457 3502 1802 3565 essentiam
1836 3501 2245 3584 parochiatus
2263 3502 2632 3586 requisitis,;
2666 3521 2826 3586 ergo

595 3633 793 3678 verus
819 3621 923 3678 est·
966 3621 1035 3678 et
1088 3616 1351 3697 proprie
1400 3613 1615 3679 dictus
1654 3616 1998 3698 parochus.
2049 3616 2290 3680 vicarii
2326 3615 2599 3700 proinde
2629 3635 2824 3701 quam

590 3730 834 3794 retinet
868 3726 1481 3806 denominationem,
1515 3749 1644 3794 non
1675 3737 1776 3794 est
1803 3731 2031 3794 stricto
2060 3749 2254 3795 sensu
2286 3728 2728 3813 intelligenda.

683 3846 1077 3911 Pnoroslno
1114 3846 1223 3910 11⁸.
1274 3882 1364 3893 ——
1392 3848 1524 3912 Pro
1569 3865 1731 3911 vero
1771 3846 2055 3929 parocho
2099 3844 2441 3912 habendus
2482 3846 2680 3918 etiam
2725 3854 2829 3912 est

594 3968 1125 4026 vivarius-curatus
1151 3966 1515 4042 αηιουὶὺίἰίε,
1561 3965 1802 4044 quando
1833 3967 2199 4046 prmeipulis
2230 3966 2542 4045 parochus.
2583 3969 2830 4028 nonnisi

592 4079 957 4141 habitualem
979 4085 1196 4142 retinet
1223 4098 1453 4141 curam.
1492 4110 1579 4123 —-
1617 4079 1778 4142 Nam
1819 4078 1963 4143 talis
2001 4078 2275 4143 vicarius
2304 4078 2479 4162 paris
2512 4075 2830 4143 conditio-

591 4195 691 4258 nis
744 4199 846 4259 est
894 4214 971 4259 ac
1013 4193 1421 4277 praecedens,
1473 4200 1750 4276 excepta
1788 4193 2229 4275 perpetuitate
2275 4211 2292 4255 :
2353 4191 2529 4258 unde
2571 4192 2624 4257 si
2665 4190 2827 4276 quid

594 4310 887 4375 obstaret
925 4310 1076 4393 quin
1116 4309 1199 4373 sit
1236 4326 1429 4372 verus
1463 4306 1817 4390 parochus,
1852 4307 2145 4373 obstaret
2175 4305 2627 4372 tantummodo
2654 4323 2829 4371 amo-

598 4426 879 4496 vibilitas
916 4448 930 4492 ι
984 4425 1165 4509 atqui
1210 4441 1343 4490 non
1388 4422 1640 4509 obstat3
1695 4423 1752 4489 si
1793 4422 2089 4508 quidem,
2140 4441 2219 4489 ex
2259 4439 2459 4507 supra
2496 4421 2817 4506 probatis,
