3146 4973
1208 409 1366 458 rus
1411 409 1696 469 oman.
2432 391 2563 457 ⁴75

418 536 528 602 VI.
562 536 679 600 Jus
707 532 989 616 proinde
1018 551 1147 598 non
1176 532 1377 599 habet
1414 531 1739 616 parochus
1768 530 2114 598 assistendi
2143 532 2420 600 occultis
2443 552 2572 600 ma-

327 649 641 716 trimoniis
669 666 815 733 quoe
851 648 1258 714 matrimonia
1289 653 1665 712 conscientioe
1699 654 2038 723 vocantur,
2065 647 2190 711 nisi
2219 646 2306 712 ad
2333 648 2460 714 hoc
2486 647 2570 712 ab

328 767 642 848 Episcopo
693 763 1094 845 deputetur;
1148 761 1471 846 siquidem
1527 781 1603 826 ea
1657 762 2070 827 matrimonia
2113 759 2267 826 ideo
2314 761 2570 828 occulta

328 877 656 954 dicuntur,
697 876 874 961 quod
902 875 1063 940 fiant
1093 877 1340 940 omissis
1384 874 2011 952 denuntiationibus,
2041 874 2197 939 licet
2225 892 2441 939 coram
2468 894 2568 940 re-

327 996 562 1078 quisito
599 992 865 1058 testium
921 1009 1221 1056 numero,
1263 990 1539 1073 Quando
1591 998 1811 1056 autem
1857 992 2234 1074 Episcopus,
2261 990 2436 1075 justa
2482 988 2567 1055 de

326 1130 539 1185 causa,
579 1107 901 1193 ejusmodi
944 1108 1351 1173 matrimonia
1398 1107 1744 1190 permittit,
1784 1114 1853 1172 et
1897 1108 2060 1191 ipse,
2105 1114 2175 1172 et
2217 1106 2559 1188 parochus,

326 1226 465 1288 sive
504 1223 663 1286 alius
693 1240 890 1306 quem
920 1221 1199 1303 deputat
1248 1219 1573 1297 sacerdo&
1627 1227 1940 1286 tenentur
1987 1239 2101 1284 eas
2136 1239 2402 1286 servare
2436 1220 2573 1285 for-

329 1337 672 1411 malitateS,
711 1353 868 1419 quas
913 1335 1305 1418 praescripsit
1349 1334 1746 1399 Benedictus
1795 1335 1946 1399 XIV
1982 1336 2047 1398 in
2103 1351 2217 1399 sna
2264 1333 2568 1400 constitu-

324 1454 501 1518 tione
529 1456 699 1516 Sact's
735 1454 900 1514 vobis
941 1455 1017 1515 17
1050 1450 1424 1515 novembris
1461 1451 1657 1531 17413
1694 1468 1968 1534 quarum
1996 1467 2308 1515 summam
2340 1448 2494 1514 vide
2529 1469 2565 1514 a

325 1567 594 1634 Giraldo
638 1569 997 1650 expositam
1056 1566 1292 1653 (Addit.
1330 1569 1415 1630 ad
1458 1569 1812 1642 Barousai»,
1868 1569 1943 1634 de
1980 1567 2276 1642 Pau-ocho,
2332 1585 2393 1630 c.
2451 1568 2561 1641 21,

328 1704 390 1746 n.
437 1681 572 1767 29).
607 1684 819 1768 Atque
854 1682 1100 1748 ibidem
1132 1681 1283 1747 vide
1314 1700 1558 1758 casum,
1593 1697 1725 1766 quo
1773 1681 2060 1767 parocho
2103 1681 2279 1758 licet,
2331 1681 2416 1749 ad
2463 1701 2567 1750 re-

328 1792 721 1859 movendum
776 1792 1160 1859 scandalum
1192 1841 1209 1870 ‚
1265 1793 1419 1860 talia
1464 1799 1720 1859 secreta
1771 1794 2176 1859 matrimonia
2234 1794 2557 1859 revelare.

328 1911 496 1975 Item
540 1908 755 1994 quoad
803 1909 1023 1991 proles
1065 1927 1147 1974 ex
1190 1911 1269 1974 iis
1305 1909 1737 1975 matrimoniis
1771 1917 1952 1976 ortas
1983 1908 2145 1994 quid
2170 1908 2566 1976 servandum

325 2025 434 2099 sit,
466 2023 826 2107 praescribit
862 2025 931 2088 in
966 2025 1163 2089 citata
1190 2024 1658 2090 constitutione
1679 2023 1986 2090 laudatus
2016 2025 2346 2092 Pontifex.

418 2139 560 2206 Vll.
603 2141 834 2204 Potest
862 2138 1180 2221 parochus
1210 2137 1420 2205 valide
1442 2141 1870 2205 matrimoniis
1896 2141 2220 2215 assistere,
2253 2142 2379 2206 etsi
2407 2160 2567 2208 non-

321 2253 485 2320 dum
546 2254 635 2319 sit
691 2252 1020 2333 sacerdos,
1092 2253 1211 2318 sed
1269 2254 1481 2337 prima
1539 2254 1881 2320 dumtaxat
1918 2264 2186 2322 tonsura
2228 2255 2516 2321 initiatus
2544 2275 2561 2335 ;

318 2376 521 2454 prout
575 2369 869 2436 decisum
917 2390 955 2435 a
1016 2370 1211 2435 Sacra
1262 2370 1777 2454 Congregatione
1835 2370 2124 2446 Consilii,
2188 2379 2258 2436 et
2319 2390 2357 2436 a
2421 2370 2566 2438 Cle-

317 2492 540 2551 mente
580 2488 735 2551 VIII
784 2485 1257 2563 confirmatum‚
1292 2484 1442 2550 vide
1486 2484 1665 2570 apud
1696 2488 2067 2570 Fagnanum
2098 2488 2186 2572 (in
2219 2504 2364 2568 cap.
2403 2491 2564 2549 Pro·

315 2610 481 2666 terea
517 2606 579 2678 5,
615 2605 692 2667 de
720 2606 932 2667 AEtate
959 2610 1017 2667 et
1041 2605 1207 2682 qual.
1232 2602 1640 2683 proeficiend.‚
1674 2623 1738 2667 n.
1778 2600 1868 2685 8).

404 2719 583 2783 vm.
647 2719 875 2784 Potest
936 2718 1198 2803 quidem
1222 2767 1239 2796 ‚
1303 2724 1553 2785 attenta
1626 2720 1762 2785 sola
1823 2717 2197 2793 validitate,
2245 2718 2564 2800 parochus

312 2833 512 2899 alium
553 2832 873 2916 deputare
922 2833 1328 2900 sacerdotem
1378 2832 1465 2900 ad
1512 2834 1942 2917 proestandam
1975 2834 2390 2901 matrimonio
2416 2835 2561 2899 assi-

312 2949 636 3013 stentiam.
667 2951 914 3016 Atvero
944 2947 1015 3014 id
1048 2968 1200 3015 eum
1225 2952 1392 3013 licite
1420 2969 1549 3014 non
1579 2968 1788 3032 posse,
1816 2951 1940 3015 nisi
1973 2952 2246 3031 lemtim
2271 2953 2566 3030 gravissi-

312 3083 523 3145 maque
557 3068 632 3127 de
665 3086 845 3127 causa
883 3064 1240 3150 impeditus
1284 3071 1508 3130 monet
1533 3064 1934 3131 Benedictus
1962 3065 2133 3141 nv,
2169 3065 2236 3129 in
2270 3084 2388 3129 sua
2416 3082 2558 3132 con·

310 3181 649 3245 stitutione
694 3186 961 3246 Nimiam
1014 3185 1341 3257 licentiam,
1387 3186 1466 3247 18
1504 3182 1656 3246 maii
1693 3181 1886 3258 1743,
1924 3185 1954 3257 s
1995 3184 2059 3246 9.
2108 3203 2140 3239 a
2181 3181 2260 3246 Et
2300 3178 2562 3265 qumido

319 3322 351 3356 α
390 3298 714 3363 concessit
737 3299 927 3364 alteri
958 3296 1286 3364 sacerdoti
1313 3298 1646 3364 licentiam
1671 3296 2034 3372 assistendi„
2070 3296 2211 3380 ipse
2244 3294 2562 3379 parochus

322 3435 355 3470 «ι
391 3418 659 3477 tenetur
697 3410 1009 3478 adnotare
1056 3412 1125 3476 in
1160 3412 1335 3477 libro
1372 3412 1459 3477 ad
1488 3412 1614 3478 hoc
1650 3411 1951 3478 confecto
1985 3412 2182 3477 etiam
2213 3410 2391 3477 istud
2427 3429 2561 3475 ma-

320 3549 354 3585 «
386 3528 782 3591 trimonium.
836 3527 1001 3592 Cum
1051 3529 1225 3594 enim
1267 3537 1520 3611 spectet
1567 3528 1653 3594 ad
1693 3528 2048 3611 parochum
2095 3525 2296 3592 fidem
2341 3525 2559 3593 faeere

319 3665 351 3701 α
380 3641 466 3706 de
495 3644 918 3708 matrimoniis
945 3661 1212 3709 suornm
1245 3644 1807 3727 parochianorum,
1844 3643 1982 3709 haec
2009 3640 2258 3709 debent
2288 3641 2550 3724 probari

320 3780 351 3817 α
382 3776 503 3840 per
532 3757 900 3840 hujusmodi
933 3759 1176 3825 librum
1227 3782 1240 3823 :
1287 3761 1458 3825 circa
1493 3759 1673 3844 quod
1701 3756 1977 3842 proinde
2011 3758 2066 3822 si
2099 3757 2422 3842 parochus
2448 3777 2561 3823 ne-

319 3896 349 3931 a
380 3873 627 3956 gligens
662 3873 884 3951 fuerit,
916 3874 1143 3940 deficit
1177 3875 1241 3939 in
1276 3894 1392 3940 suo
1426 3894 1698 3940 munere
1728 3877 1795 3939 in
1825 3894 1897 3939 re
1929 3872 2120 3940 valde
2150 3875 2356 3956 gravi,
2385 3873 2559 3938 ideo-

318 4010 349 4044 «
379 4005 506 4071 que
543 3988 906 4054 mortaliter
938 3997 1188 4072 peccat.
1223 4015 1249 4047 n
1293 3989 1589 4074 (Giraldi‚
1617 3993 2052 4054 Additamento
2088 3991 2172 4051 od
2203 3990 2554 4063 Borbosam,

312 4104 388 4164 de
414 4104 704 4178 Paros-ko,
745 4122 805 4167 c.
850 4105 960 4175 21,
990 4123 1056 4167 n.
1094 4102 1235 4185 62.)

402 4218 513 4282 lx.
571 4219 810 4303 Nequit
860 4220 1182 4302 parochus
1227 4219 1584 4306 quidquam
1621 4237 1741 4303 pro
1781 4219 2240 4287 benedictione
2289 4219 2561 4303 nuptiali

310 4333 607 4416 exigere.
643 4334 707 4398 Si
728 4334 886 4419 quid
916 4342 1139 4403 tamen
1183 4343 1411 4420 sponte
1445 4335 1786 4411 offeratur,
1831 4343 2047 4419 potest
2073 4335 2362 4419 legitime
2397 4337 2561 4403 reni<

312 4467 504 4532 pere.
557 4449 764 4533 Atque
818 4450 922 4515 illa
981 4456 1335 4535 spontanea
1391 4452 1636 4519 oblatio
1696 4451 1782 4518 ad
1831 4451 2186 4536 parochum
2236 4451 2552 4533 pertinet,
