3146 4973
1242 409 1403 458 rus
1447 409 1765 459 stema.
2486 395 2615 459 279

392 541 460 598 ut
520 540 573 597 is
622 538 880 618 speciale
929 537 1014 599 acl
1063 537 1132 599 id
1182 537 1537 599 mandatnm
1587 535 1825 598 habeat.
1861 569 1952 580 ——
1992 533 2093 599 Ita
2140 534 2478 618 Fagnanus
2524 532 2615 618 (in

389 656 588 734 caput
631 653 730 715 Ad
775 652 1148 715 audientiam
1191 654 1257 729 3,
1301 653 1377 713 de
1414 652 1701 715 Emis-siis
1744 651 1943 729 oedif„
2003 668 2070 714 n.
2107 646 2243 731 41),
2285 647 2619 715 addacem

392 766 457 829 in
499 758 951 848 probationem
997 762 1348 848 quemdam
1396 763 1561 849 juris
1596 770 1878 842 textum,
1921 770 1991 828 et
2037 761 2287 829 addens
2332 763 2424 828 ita
2454 762 2621 848 jam·

394 879 647 965 pridem
679 854 1003 946 censuisse
1032 881 1289 945 Sacram
1328 880 1906 964 congregationem
1928 879 2213 946 Consilii.

478 995 903 1076 Ransn-uu
933 996 1045 1060 xl.
1076 1032 1169 1043 —
1194 998 1273 1060 In
1297 997 1503 1059 Gallia
1528 1002 1588 1058 et
1617 998 1926 1059 nonnullis
1953 997 2098 1058 aliis
2124 999 2485 1077 reqionibus‚
2521 998 2625 1060 ubi

392 1117 553 1192 viqet
595 1112 1021 1173 concordatum
1059 1116 1210 1174 anni
1266 1110 1462 1189 1802,
1516 1115 1850 1190 requiritur
1889 1112 2164 1191 qubernii
2205 1130 2502 1175 assensus.
2533 1148 2622 1159 —

393 1226 550 1290 Nam
577 1224 647 1288 in
677 1223 852 1291 dicto
882 1223 1279 1290 concordato
1309 1222 1606 1290 decrevit
1634 1223 1789 1288 Pius
1819 1224 1996 1307 Papa
2025 1226 2169 1303 VII,
2204 1232 2281 1290 ut
2308 1243 2624 1291 novarum

389 1339 841 1426 parochiarum
878 1341 1124 1406 erectio
1154 1347 1225 1406 et
1253 1340 1766 1424 circumscriptio
1798 1340 1881 1404 ab
1912 1340 2243 1424 Episcopis
2270 1360 2401 1407 non
2436 1342 2628 1408 fieret

392 1456 511 1520 nisi
546 1454 632 1521 de
671 1455 970 1538 gubemii
1011 1472 1351 1521 consensu.
1386 1456 1483 1520 Ex
1522 1473 1649 1540 qua
1684 1452 2102 1538 dispositione
2142 1457 2456 1540 sequitur,
2491 1457 2623 1543 jam

391 1575 645 1636 erectas
673 1569 796 1636 hoc
831 1568 1026 1637 modo
1057 1569 1390 1654 parochias
1437 1590 1569 1636 non
1612 1586 1799 1654 posse
1840 1568 2318 1651 dismembrari‚
2365 1572 2487 1635 nisi
2521 1590 2628 1655 pa·

390 1684 552 1751 riter
579 1685 1061 1751 interveniente
1093 1684 1391 1771 ejusdem
1421 1685 1724 1770 gnbernii
1753 1703 2094 1752 consensu.
2128 1686 2211 1751 Et
2237 1686 2327 1752 ita
2351 1686 2419 1752 in
2440 1688 2625 1771 praxi

390 1817 429 1862 a
466 1806 763 1883 tempore
798 1797 1183 1865 concordati
1219 1798 1349 1864 fuit
1378 1798 1820 1866 observatum.

477 1912 895 1993 limma-uu
926 1916 1069 1980 XII.
1108 1950 1199 1962 —
1228 1919 1537 1980 Notantur
1572 1917 1867 1978 nonnulla
1910 1917 2039 1978 alia
2084 1917 2167 1978 acl
2202 1917 2498 1979 cautelam
2531 1917 2627 1977 ob-

386 2033 707 2094 servanda.
747 2066 840 2077 —
868 2052 901 2090 a
935 2029 1097 2095 Cum
1144 2047 1228 2093 ex
1273 2029 1545 2095 concilio
1586 2026 1963 2095 Tridentino
2000 2030 2357 2113 Episcopus
2394 2048 2626 2113 proce-

393 2170 427 2207 «
462 2145 623 2212 dere
665 2144 870 2229 possit
903 2143 991 2210 ad
1038 2146 1437 2221 erectionem
1476 2162 1663 2210 novae
1701 2145 2048 2228 parochioe,
2079 2146 2277 2211 etiam
2311 2147 2407 2211 uti
2441 2144 2625 2212 Sedis

395 2284 429 2321 α
461 2260 842 2344 Apostolicae
882 2257 1248 2343 delegatus,
1297 2260 1382 2324 sit
1424 2266 1657 2325 cautus
1697 2265 1795 2338 ut,
1841 2261 1949 2326 vel
1987 2261 2055 2324 in
2102 2260 2378 2327 decreto
2414 2261 2626 2346 expri-

395 2399 428 2437 α
458 2383 592 2442 mat
618 2394 690 2441 se
718 2372 1080 2459 procedere
1108 2381 1387 2459 utraque
1413 2382 1763 2458 potestate,
1790 2372 2113 2441 ordinaria
2144 2376 2391 2441 scilicet
2417 2383 2487 2442 et
2515 2373 2627 2442 de-

395 2518 430 2555 «
460 2495 676 2579 legata
728 2492 899 2579 (nam
941 2491 999 2556 si
1039 2511 1170 2557 non
1203 2489 1448 2556 valebit
1497 2510 1582 2557 ex
1627 2507 1778 2570 una,
1839 2491 2086 2558 valebit
2139 2511 2221 2557 ex
2270 2492 2499 2570 altera,
2556 2499 2624 2559 et

394 2634 426 2669 α
460 2606 797 2675 abundans
827 2607 1084 2672 cautela
1131 2626 1261 2672 non
1304 2606 1592 2686 nocebit,
1638 2626 1762 2672 nec
1799 2607 2055 2674 vitiabit
2091 2606 2372 2692 adiectio
2403 2627 2623 2692 super-

394 2749 427 2784 a
466 2723 687 2810 vacua)
712 2746 728 2810 3
765 2724 876 2790 vel
899 2721 1217 2808 procedat
1245 2722 1654 2806 simpliciter,
1683 2724 1863 2789 nulla
1883 2723 2058 2789 facta
2081 2725 2490 2808 expressione
2517 2741 2622 2789 au-

395 2863 429 2900 «
461 2841 787 2908 thoritatis
817 2838 1136 2922 delegatae
1168 2835 1277 2906 vel
1298 2835 1638 2906 ordinariae
1675 2838 1846 2925 (nam
1869 2838 2194 2923 duplicem
2228 2845 2619 2923 potestatem

395 2979 427 3018 α
460 2955 705 3023 habens
744 2963 1051 3021 censetur
1096 2973 1177 3021 ea
1215 2971 1393 3033 usu8‚
1430 2971 1573 3039 quae
1613 2953 1771 3020 facit
1806 2961 2025 3020 actum
2053 2952 2338 3039 valere);
2369 2954 2476 3020 vel
2510 2952 2619 3020 de·

395 3097 427 3133 «
460 3091 634 3137 mum
660 3072 980 3156 exprimat
1012 3088 1082 3136 se
1113 3070 1212 3135 uti
1237 3077 1558 3152 potestate
1591 3068 1915 3154 delegata,
1953 3071 2009 3135 si
2039 3069 2354 3154 procedat
2392 3075 2618 3136 contra

398 3209 429 3248 a
469 3192 847 3271 exemptos3
881 3185 1165 3270 alioquin
1193 3186 1249 3249 si
1278 3182 1674 3268 procederet
1702 3183 1852 3268 jure
1883 3183 2209 3249 ordinario
2234 3187 2412 3272 (cum
2443 3185 2511 3248 in
2533 3204 2613 3250 eo

394 3329 425 3364 α
468 3321 620 3369 casu
667 3320 799 3367 non
840 3298 1079 3367 habeat
1112 3300 1234 3366 nisi
1282 3305 1675 3384 potestatem
1715 3296 2145 3384 delegatam),
2192 3300 2441 3365 erectio
2484 3319 2615 3365 non

395 3444 426 3480 κ
463 3420 736 3485 valeret.
780 3438 815 3478 1>

477 3557 511 3595 α
560 3535 675 3602 His
711 3532 1011 3599 omnibus
1056 3529 1436 3620 observatis,
1474 3536 1564 3608 et,
1598 3547 1791 3595 causa
1826 3531 2105 3615 cognita,
2134 3531 2202 3596 in
2236 3549 2608 3614 processum

389 3673 425 3712 ε(
465 3648 770 3727 redactis,
826 3652 973 3715 tuto
1008 3647 1252 3731 poterit
1292 3647 1648 3731 Episcopus
1691 3643 2055 3728 procedere
2092 3645 2176 3712 ad
2213 3646 2612 3713 erectionem

393 3789 426 3826 α
460 3783 643 3832 novae
692 3763 1033 3848 parochias,
1092 3768 1277 3826 etiam
1320 3768 1387 3824 in
1426 3761 1737 3843 parochiis
1781 3770 2189 3846 exemplorum
2222 3784 2243 3825 .·
2283 3782 2431 3828 nam
2464 3783 2612 3830 cum

391 3907 425 3942 a
466 3882 533 3946 in
566 3881 690 3946 hoc
720 3888 873 3946 vota
918 3877 1356 3944 Cardinalium
1392 3878 1459 3941 in
1486 3877 1680 3942 Sacra
1706 3876 2219 3962 Congregatione
2250 3887 2469 3947 essent
2513 3879 2613 3945 di·-

391 4022 425 4059 «
460 3997 617 4074 visa,
663 3995 1105 4062 sanctissimus
1148 3989 1483 4076 respondit
1514 3991 1897 4058 facultatem
1938 3993 2228 4078 erigendi
2261 4014 2461 4060 novas
2495 4013 2611 4079 pa-

393 4137 425 4175 «
459 4113 736 4191 rochiaS‚
771 4118 840 4179 et
866 4108 1233 4195 assignandi
1261 4109 1628 4193 portionem
1657 4109 1840 4174 novis
1861 4109 2200 4192 parochiis,
2224 4110 2607 4177 attributam

390 4253 421 4290 a
456 4229 807 4314 Episcopis,
845 4226 1087 4293 habere
1128 4225 1346 4291 locum
1389 4224 1587 4289 etiam
1637 4225 1705 4288 in
1751 4223 2069 4308 parochiis
2097 4225 2512 4310 regularium.
2566 4251 2599 4289 »

390 4345 771 4431 (Fagnanus‚
800 4343 865 4409 in
896 4349 1096 4428 caput
1117 4344 1215 4407 Aa
1242 4343 1631 4406 ‚audientiam
1662 4343 1728 4422 3,
1765 4343 1840 4405 de
1871 4342 2156 4406 Ecclesiis
2186 4344 2386 4422 cedis„
2420 4360 2486 4405 n.
2522 4341 2607 4407 42

388 4469 459 4528 et
491 4460 632 4546 43.)
