3146 4973
1222 338 1377 384 »Ans
1422 339 1704 398 QuAn‘rA.
2440 320 2554 383 481

344 477 553 543 neque
583 457 1087 523 ecclesiasticam
1116 459 1352 542 legem,
1385 478 1515 544 qua
1550 458 1637 524 ad
1667 458 1737 524 id
1769 459 2137 542 parochiani
2167 459 2575 544 adstringan-

342 581 475 638 tur.
502 574 632 637 Nec
667 591 867 654 penes
895 571 1310 638 Ordiuarium
1353 580 1454 639 est
1501 572 1585 640 de
1618 574 1803 639 bonis
1834 574 2300 657 temporalibus
2335 572 2578 640 dioece-

344 708 645 755 sanorum
700 707 819 772 pro
866 688 1056 753 libitu
1100 688 1489 775 disponere;
1530 688 1648 755 sed
1701 688 2042 754 dumtaxat
2089 708 2201 755 eos
2227 688 2314 755 ad
2341 691 2581 755 contri-

344 803 681 870 buendum
737 805 1131 887 compellere
1171 812 1409 888 potest,
1460 824 1541 871 ex
1588 806 1795 871 causis
1835 811 1904 869 et
1934 806 2001 869 in
2039 805 2294 871 casibus
2338 826 2377 869 a
2424 805 2573 888 jure

346 921 816 986 determinatis,

438 1039 506 1100 2⁰
546 1038 706 1101 Cum
739 1055 919 1114 vero,
960 1045 1033 1101 ut
1075 1036 1376 1115 diximuS,
1432 1039 1812 1122 contingere
1845 1039 2071 1122 possit,
2116 1047 2189 1102 ut
2225 1038 2587 1103 oblationes

352 1148 743 1232 obligatoriae
769 1169 848 1216 ex
877 1150 1126 1234 justitia
1168 1154 1521 1232 evaserint,
1558 1163 1702 1219 tum
1730 1173 1813 1218 ex
1856 1153 2045 1218 titulo
2077 1152 2581 1228 consuetudinis»,

358 1273 493 1330 tum
518 1267 713 1331 etiam
748 1286 831 1331 ex
868 1284 947 1330 eo
984 1266 1161 1350 quod
1203 1269 1485 1353 alioquin
1517 1268 1843 1351 parochus
1889 1266 2227 1332 sufficienti
2267 1274 2592 1333 sustenta-

352 1382 530 1446 tione
578 1381 1093 1465 destitueretur3
1139 1384 1397 1467 quoties
1451 1382 1723 1449 dubium
1770 1385 2162 1458 intervenit,
2227 1385 2363 1448 sive
2408 1381 2492 1448 de
2533 1386 2592 1448 vi

354 1497 730 1580 obligatoria
778 1497 1147 1582 hujusmodi
1187 1497 1693 1575 consuetudinis,
1729 1502 1866 1564 sive
1898 1498 1982 1563 de
2027 1499 2414 1563 necessitate
2448 1499 2598 1569 sub-

362 1610 662 1706 veniendi
708 1613 883 1677 clero
935 1632 1054 1697 per
1095 1613 1476 1690 oblationeS‚
1511 1616 1650 1679 sive
1695 1613 1779 1679 de
1821 1615 2186 1698 quantitate
2228 1612 2584 1690 offerenda,

361 1728 495 1792 sive
536 1727 620 1793 de
663 1728 968 1793 abusibus
1004 1729 1124 1793 hac
1169 1728 1255 1794 de
1301 1749 1373 1794 re
1411 1729 1802 1795 introductis
1854 1737 1967 1794 aut
2007 1727 2475 1812 praecavendis,
2512 1726 2596 1792 ad

358 1841 778 1909 Ordinarium
815 1846 1102 1926 pertinet
1135 1847 1582 1927 pronuntiare,
1625 1854 1690 1910 et
1726 1862 2017 1910 normam
2063 1845 2128 1908 in
2175 1844 2272 1909 his
2302 1842 2602 1909 omnibus

358 1957 710 2024 tenendam
746 1957 1127 2025 decernere.
1170 1960 1526 2044 Episcopus
1573 1963 1744 2026 enim
1790 1981 1872 2026 ex
1912 1959 2238 2026 ordinaria
2278 1978 2390 2024 sua
2416 1958 2605 2043 juris-

359 2073 644 2140 dictione
676 2081 1064 2157 potestatem
1095 2074 1291 2140 habet
1325 2077 1588 2141 statutis
1621 2085 1689 2142 et
1719 2075 1976 2159 legibus
2000 2073 2424 2154 decernendi,
2463 2093 2605 2159 quoe

360 2186 445 2252 ad
476 2187 719 2253 bonum
755 2188 1054 2254 dioecesis
1090 2207 1220 2253 suae
1249 2188 1537 2273 regimen
1565 2191 1867 2255 conferre
1904 2197 2172 2272 possunt
2211 2210 2224 2254 ε
2267 2189 2457 2254 multi
2500 2209 2609 2254 au-

365 2309 498 2367 tem
529 2303 819 2381 interest,
857 2312 997 2368 tum
1029 2303 1298 2398 injustas
1340 2323 1413 2368 ac
1457 2304 1753 2370 sordidas
1796 2304 2198 2370 oblationum
2238 2306 2608 2370 exactiones

362 2416 750 2502 praepedire,
809 2423 947 2482 tum
999 2418 1080 2483 ad
1122 2437 1466 2503 quamnam
1522 2420 1955 2506 quantitatem
1994 2440 2076 2484 ex
2117 2418 2366 2502 justitia
2415 2437 2607 2502 paro-

364 2534 573 2600 chiani
602 2542 952 2599 teneantur
981 2534 1443 2613 determinare,
1477 2545 1546 2602 et
1580 2556 1723 2620 quae
1763 2538 1922 2601 oriri
1952 2537 2070 2600 hac
2104 2534 2188 2601 de
2224 2554 2295 2600 re
2338 2546 2605 2618 possent

362 2646 865 2715 contestationes
925 2648 1256 2717 dirimere.
1311 2653 1474 2716 Hinc
1522 2653 1590 2716 iu
1650 2651 2026 2735 particulari
2086 2649 2303 2736 quoad
2356 2651 2603 2717 abusus

366 2766 535 2829 circa
582 2764 1064 2848 eleemosynam
1104 2784 1224 2848 pro
1268 2765 1683 2831 celebrandis
1727 2768 1928 2831 missis
1976 2764 2290 2849 disposuit
2333 2765 2603 2831 Triden-

364 2881 497 2943 tina
549 2879 837 2963 synodus
881 2881 1055 2965 (sess.
1110 2884 1217 2958 22,
1254 2880 1527 2947 decreto
1559 2886 1635 2945 de
1662 2885 2066 2947 Observandis
2109 2887 2177 2945 in
2213 2884 2602 2945 celebratione

368 2995 584 3080 missoe)
613 2995 678 3058 in
702 2994 874 3060 hunc
909 2996 1174 3061 modum
1211 3019 1224 3060 :
1268 3018 1299 3057 α
1336 2998 1652 3062 Decernit
1701 3003 1924 3061 sancta
1975 2996 2266 3079 synodus
2303 3003 2376 3061 ut
2406 2995 2600 3063 Ordi-

372 3133 404 3169 «
442 3111 606 3174 narii
629 3110 920 3176 locorum
952 3112 1251 3194 Episcopi
1272 3132 1348 3176 ea
1379 3112 1594 3177 omnia
1637 3110 1985 3195 prohibere
2015 3118 2082 3176 et
2113 3109 2198 3174 de
2239 3108 2456 3176 medio
2480 3112 2600 3177 tol-

375 3249 404 3284 «
442 3227 576 3291 lere
627 3225 860 3291 sedulo
906 3232 1138 3291 curent
1176 3246 1250 3290 ac
1293 3233 1667 3301 teneantur,
1719 3245 1859 3312 quae
1916 3226 2022 3291 vel
2069 3226 2450 3303 avaritia...,
2495 3228 2594 3291 vel

378 3364 407 3397 α
450 3341 957 3406 irreverentia...
1002 3340 1281 3405 induxit.
1320 3343 1529 3426 Atque
1560 3348 1634 3406 ut
1660 3341 1866 3406 multa
1905 3340 2128 3423 paucis
2171 3339 2595 3423 comprehen-

380 3476 412 3514 «
449 3452 709 3532 dantur,
745 3455 1061 3538 imprimis
1100 3453 1278 3539 quod
1322 3454 1407 3521 ad
1442 3458 1777 3521 avaritiam
1825 3456 2138 3539 pertinet,
2182 3452 2464 3538 cujusvis
2492 3472 2595 3537 ge·

379 3594 409 3630 a
448 3572 619 3634 neris
646 3569 1017 3635 mercedum
1056 3569 1481 3648 conditioneS‚
1521 3578 1731 3655 pacta,
1772 3579 1840 3636 et
1880 3569 2196 3655 quidquid
2237 3589 2357 3655 pro
2391 3571 2596 3635 missis

381 3708 410 3744 α
452 3683 632 3747 novis
674 3683 1078 3749 celebrandis
1125 3683 1343 3761 datur,
1392 3703 1643 3750 necnon
1707 3685 2106 3768 importunas
2143 3693 2339 3769 atque
2385 3684 2594 3750 illibe-

377 3824 409 3861 ιι
448 3799 617 3865 rales
643 3800 1203 3884 eleemosynarum
1232 3800 1602 3865 exactiones
1629 3801 1844 3883 potius
1875 3817 2067 3884 quam
2098 3800 2588 3882 postulationes,

380 3939 410 3975 α
449 3917 697 4001 aliaque
729 3914 1124 4000 hujusmodi,
1162 3935 1303 4001 quae
1338 3936 1375 3981 a
1407 3914 1754 3980 simoniaca
1789 3913 1959 3992 labe,
2007 3914 2112 3978 vel
2142 3921 2322 3979 certe
2351 3933 2388 3979 a
2417 3917 2596 3998 turpi

381 4054 412 4092 α
449 4041 697 4115 quaestu
727 4034 918 4116 longe
945 4032 1201 4111 absunt,
1235 4033 1495 4097 omnino
1536 4030 1946 4115 prohibeant.
1973 4052 2008 4091 ι»
2050 4029 2333 4095 Similem
2375 4036 2596 4095 autem

375 4154 759 4231 potestatem
793 4148 1126 4231 Episcopis
1152 4155 1550 4231 competere,
1587 4153 1666 4210 ut
1705 4145 1878 4210 circa
1916 4144 2073 4210 alias
2101 4147 2298 4210 etiam
2325 4145 2597 4212 oblatio-

373 4282 488 4328 nes
515 4263 755 4329 abusus
776 4270 1173 4339 removeant,
1211 4269 1277 4327 et
1309 4261 1466 4346 quid
1488 4260 1736 4345 justum
1769 4263 1850 4327 sit
1895 4261 2277 4338 decernant,
2323 4260 2598 4327 dubium

372 4398 504 4444 non
535 4388 658 4443 est.

2317 4481 2385 4541 51
