3146 4973
521 452 526 459 ,
575 386 695 449 148
1241 398 1615 447 Tmen-ms
1660 400 1749 446 nn
1794 395 2126 445 ranocno.

564 521 770 588 officio
800 528 1172 598 annectens,
1216 538 1292 584 ea
1323 519 1457 603 jam
1505 538 1627 603 pro
1667 518 1980 602 abrogata
2030 516 2209 583 foret
2254 522 2440 582 certo
2467 514 2787 581 habenda.

563 635 754 718 Quod
785 636 1176 721 caeteroquin
1212 653 1340 699 non
1380 642 1620 717 negant
1651 635 1849 700 etiam
1879 630 2291 698 ardentiores
2347 651 2431 697 ex
2458 630 2794 715 preshyte-

559 752 793 835 rianis3
842 748 959 816 sed
1010 749 1357 816 deficiente
1392 748 1543 834 jure
1589 749 2056 841 ecclesiastico,
2109 744 2194 811 ad
2241 745 2347 831 jus
2395 745 2693 814 divinum
2724 754 2791 814 et

558 865 992 933 immediatam
1024 886 1063 932 a
1097 865 1352 930 Christo
1392 864 1826 949 parochorum
1858 865 1923 929 iu
1954 860 2254 947 praelatos
2302 870 2372 929 et
2423 861 2791 929 hierarchas

553 982 1030 1048 institutionem
1075 988 1449 1047 recurrunt.
2006 1066 2012 1073 ·

640 1099 721 1162 V.
773 1097 1242 1180 Argumentum
1293 1095 1714 1181 desumptum
1776 1116 1859 1161 ex
1914 1095 2102 1179 praxi
2152 1094 2478 1173 Ecclesioe,
2539 1094 2782 1159 nullam

552 1210 746 1279 hodie
784 1212 1190 1296 agnoscentis
1237 1211 1300 1275 in
1335 1209 1635 1295 parochis
1675 1210 1806 1276 fori
1839 1211 2095 1275 externi
2120 1208 2663 1294 jurisdictionem,
2688 1215 2785 1275 to-

549 1335 690 1393 tum
719 1330 962 1394 evertit
995 1327 1512 1412 parochistarum
1540 1335 1852 1411 systema.
1888 1327 2049 1391 Nam
2083 1326 2293 1409 primo
2333 1324 2569 1408 probat
2597 1322 2786 1408 juris·

550 1435 900 1508 dictionem
957 1440 1086 1507 fori
1132 1443 1392 1509 externi
1447 1460 1777 1526 nunquam
1826 1458 2027 1525 penes
2075 1438 2393 1523 parochos
2443 1439 2640 1504 fuisse
2702 1458 2784 1504 ex

546 1556 945 1622 institutione
984 1555 1201 1621 divina
1236 1579 1250 1622 :
1280 1555 1458 1640 quod
1496 1556 1672 1621 enim
1710 1554 1875 1640 juris
1898 1555 2104 1620 divini
2140 1563 2262 1633 est,
2299 1555 2591 1621 Ecclesia
2621 1573 2787 1619 nun·

544 1689 736 1755 quam
768 1649 985 1754 negat,
1031 1679 1100 1736 et
1129 1691 1455 1757 nunquam
1491 1679 1703 1737 mutat
1738 1694 1751 1737 :
1791 1671 2073 1756 alioquin
2112 1671 2252 1755 ipsa
2274 1679 2590 1757 tanquam
2622 1689 2779 1737 vera

544 1784 782 1852 Christi
805 1787 1090 1853 Ecclesia
1117 1785 1439 1853 deficeret
1467 1792 1536 1853 et
1561 1785 1855 1872 neganda
1884 1794 2078 1852 esset.
2108 1787 2319 1868 Quem
2350 1787 2647 1854 Ecclesiae
2673 1784 2783 1852 de·

543 1900 795 1966 fectum
829 1900 1179 1968 admittere
1210 1902 1590 1969 haereticum
1617 1908 1790 1968 esset
1827 1909 1895 1967 et
1925 1903 2218 1986 impium.
2249 1899 2572 1980 Secundo,
2608 1898 2782 1966 idem

546 2010 939 2082 hodiernum
977 2016 1224 2081 factum
1265 2017 1503 2100 probat
1548 2015 1924 2101 praedictam
1954 2016 2455 2100 praerogativam
2486 2015 2784 2101 parochis

545 2132 630 2198 de
656 2133 805 2218 jure
835 2133 1268 2200 ecclesiastico
1298 2153 1429 2199 non
1458 2141 1833 2217 competere
1861 2156 1876 2199 z
1912 2152 2061 2199 cum
2086 2133 2258 2200 enim
2291 2152 2433 2199 eam
2465 2152 2778 2217 praeroga-

543 2249 745 2313 tivam
791 2248 952 2313 nolit
987 2247 1122 2333 jam
1166 2248 1454 2314 Ecclesia
1496 2266 1873 2332 agnoscere,
1912 2247 2033 2313 hoc
2076 2248 2216 2331 ipso
2267 2266 2413 2314 eam
2460 2246 2779 2313 sublatam

547 2362 689 2427 vult
720 2385 734 2428 ε
762 2361 940 2427 unde
979 2363 1031 2426 si
1073 2361 1332 2447 quando
1365 2362 1538 2428 forte
1572 2363 1746 2428 illam
1782 2383 1862 2428 ex
1895 2366 2309 2430 concessione
2340 2362 2641 2428 Ecclesiae
2672 2361 2783 2426 ha-

550 2475 817 2543 buerint
860 2477 1148 2561 parochi,
1182 2476 1313 2562 jam
1353 2476 1606 2544 sublata
1654 2479 1906 2545 censeri
1951 2476 2173 2545 debet.
2216 2478 2454 2556 Tertio,
2498 2477 2783 2543 Ecclesia

548 2610 678 2655 non
705 2593 948 2657 evertit
976 2591 1256 2677 aliquam
1288 2594 1503 2677 magui
1537 2595 1846 2659 momenti
1877 2592 2275 2677 disciplinam
2313 2591 2396 2658 ab
2425 2593 2563 2678 ipsa
2599 2593 2783 2676 prius

547 2709 984 2786 constitutam,
1019 2710 1176 2792 quin
1205 2708 1491 2791 plurima
1518 2717 1900 2775 remaneant
1943 2709 2320 2775 mutationis
2350 2707 2778 2775 documenta:

549 2824 600 2886 si
655 2839 810 2904 ergo
869 2821 1137 2905 parochi
1204 2823 1386 2905 prius
1441 2823 1821 2890 habuissent
1869 2844 1951 2890 ex
1996 2823 2142 2907 lege
2181 2823 2613 2889 ecclesiastica
2658 2821 2785 2887 fori

550 2939 806 3003 externi
838 2936 1380 3021 jurisdictionem,
1410 2938 1616 3005 multa
1646 2944 2065 3005 remanerent
2102 2938 2337 3003 indicia
2369 2936 2455 3004 de
2484 2935 2680 3005 modo
2715 2943 2785 3002 et

551 3060 847 3136 tempore
867 3070 996 3138 quo
1021 3050 1354 3138 disciplina
1386 3054 1553 3119 tanti
1576 3055 1887 3121 momenti
1921 3053 2145 3120 fuisset
2173 3054 2553 3121 immutata:
2581 3071 2784 3139 porro

551 3189 633 3234 ne
705 3170 1045 3253 vestigium
1118 3169 1381 3255 quidem
1462 3170 2012 3238 documentorum
2078 3170 2449 3257 hujusmodi
2498 3170 2782 3237 indicare

553 3293 822 3369 possunt
852 3286 1268 3372 parochistae3
1310 3306 1467 3372 ergo
1503 3307 1587 3353 ex
1632 3307 1711 3354 eo
1747 3286 1926 3373 quod
1964 3288 2273 3366 Ecclesia,
2320 3286 2631 3355 hodierna
2666 3307 2782 3353 sua

552 3401 762 3484 praxi,
788 3401 1027 3467 nullam
1057 3409 1364 3486 agnoscat
1391 3402 1518 3468 fori
1548 3404 1803 3469 externi
1829 3404 1896 3467 in
1920 3402 2215 3487 parochis
2240 3401 2779 3487 jurisdictionem,

554 3525 735 3583 recte
768 3516 1203 3597 concluditur,
1258 3537 1399 3585 eam
1439 3517 1957 3603 jurisdictionem
2014 3519 2194 3586 nullo
2243 3525 2543 3603 tempore
2578 3537 2784 3604 penes

555 3632 871 3713 parochos
901 3632 1122 3698 fuisse.

642 3747 737 3813 Sit
767 3767 923 3833 ergo
948 3748 1275 3817 conclusio
1306 3749 1649 3833 generalis,
1670 3747 1759 3815 ad
1790 3750 2105 3834 parochos
2133 3769 2256 3815 nec
2286 3749 2636 3834 pertinere,
2657 3769 2783 3814 nec

554 3881 838 3949 unquam
865 3867 1254 3950 pertinuisse
1293 3865 1490 3932 ullam
1523 3865 1652 3932 fori
1691 3867 1947 3933 externi
1980 3864 2519 3950 jurisdictionem.
