3146 4973
1196 428 1356 480 raus
1398 430 1627 479 Parma.
2441 416 2520 479 83

298 552 628 639 Episcopis
664 554 974 640 aequales,
1010 556 1097 621 ita
1141 554 1385 621 scilicet
1427 564 1503 622 ut
1549 555 1707 621 nihil
1752 558 2091 640 potestatis
2125 555 2210 622 de
2242 555 2391 642 jure
2429 555 2527 622 di-

293 673 446 735 vino
490 670 574 736 ad
607 672 958 756 Episcopos
1003 674 1364 757 pertineat,
1400 671 1579 758 quod
1611 692 1799 758 oeque
1845 673 2252 758 presbyteris
2280 692 2409 739 non
2447 674 2530 739 sit

296 784 824 853 adscribendum.
886 786 1079 869 Quod
1130 788 1453 854 haereseos
1503 794 1866 856 monstrum
1916 795 2252 854 auctorem
2303 789 2532 854 habuit

295 909 531 986 quarto
554 904 793 970 saeculo
808 902 1092 971 Aetium.
1120 902 1284 970 Inde
1312 911 1564 985 autem,
1600 913 1675 971 ut
1706 904 1944 980 fertur,
1972 903 2395 971 haeresiarcha
2424 905 2529 971 ille

295 1018 360 1081 in
387 1017 715 1103 ejusmodi
742 1023 1029 1085 insanam
1059 1019 1378 1104 prosilivit
1401 1023 1783 1098 novitatem,
1818 1020 1997 1106 quod
2025 1020 2113 1089 ab
2129 1021 2526 1104 episcopatu,

295 1152 491 1220 quem
513 1154 930 1221 summopere
957 1137 1297 1216 ambierat,
1339 1137 1625 1222 rejectus
1659 1138 1770 1216 sit,
1812 1156 1894 1203 ex
1924 1155 2055 1222 quo
2073 1135 2158 1203 ad
2179 1136 2534 1203 corroden-

295 1249 452 1315 dum
470 1258 544 1317 et
568 1250 1070 1319 convellendum
1088 1253 1211 1319 sibi
1236 1252 1633 1337 denegatum
1653 1253 1917 1319 honoris
1946 1254 2205 1319 culmen
2232 1260 2445 1319 totum
2463 1273 2533 1319 se

296 1367 648 1433 convertit.
688 1369 1081 1434 Damnatum
1138 1369 1311 1436 Aerii
1367 1389 1666 1436 errorem
1718 1389 1848 1435 non
1904 1370 2133 1454 impari
2175 1370 2320 1435 zelo
2347 1388 2537 1436 reno-

298 1493 534 1551 varunt
585 1484 918 1565 Wiclefus,
952 1487 1234 1552 Joannes
1266 1487 1425 1565 HuS,
1467 1486 1815 1565 LutheruS,
1850 1486 2175 1564 Calvinus,
2213 1491 2284 1551 et
2311 1484 2537 1569 plures

296 1600 661 1666 subsecutae
726 1603 1226 1686 protestantium
1273 1609 1488 1669 sectae.
1553 1604 1638 1669 Et
1687 1603 1753 1668 hi
1801 1601 2069 1688 quidem
2120 1620 2345 1668 omues
2404 1601 2539 1669 dici

295 1722 569 1799 possunt
610 1716 1087 1802 presbyteriani
1119 1716 1436 1784 radicales
1464 1737 1582 1784 seu
1628 1718 1818 1801 primi
1846 1716 2123 1802 gradus3
2165 1725 2394 1802 utpote
2427 1721 2540 1804 qui

297 1832 357 1897 iu
382 1830 613 1899 radice
668 1833 828 1917 ipsa,
863 1832 936 1899 id
969 1842 1094 1913 est,
1124 1834 1192 1899 in
1219 1835 1625 1900 institutione
1676 1832 1894 1901 divina
1914 1882 1932 1913 ,
1968 1852 2160 1900 omne
2194 1832 2537 1901 discrimen

297 1948 535 2015 tollunt
566 1948 1031 2034 presbyterum
1058 1949 1231 2016 inter
1261 1955 1331 2015 et
1358 1949 1772 2034 Episcopum.

382 2068 446 2132 2.
482 2065 609 2133 Ast
647 2064 1131 2151 presbyteriani
1168 2066 1364 2131 etiam
1408 2068 1649 2131 merito
1684 2065 1817 2131 dici
1852 2066 2064 2131 solent
2091 2068 2137 2131 ii
2166 2066 2310 2151 qui,
2347 2085 2541 2150 supe·

299 2181 500 2248 riores
529 2181 940 2265 presbyteris
967 2182 1334 2267 Episcopos,
1364 2182 1519 2247 licet
1550 2181 1803 2267 (aperte
1835 2179 2086 2265 saltem)
2115 2201 2246 2247 non
2271 2190 2533 2264 negent,

302 2303 367 2361 et
386 2295 839 2364 definitionem
856 2295 1245 2363 Tridentium
1276 2296 1531 2381 synodi,
1562 2297 2091 2381 superioritatem
2112 2294 2279 2361 hanc
2306 2294 2539 2362 divinae

303 2412 692 2479 institutioni
731 2411 1191 2490 adscribentis,
1229 2431 1358 2478 non
1404 2414 1790 2497 impugnent
1808 2460 1824 2486 ,
1879 2412 2081 2477 multa
2134 2410 2544 2478 nihilominus

305 2527 596 2598 indebita
629 2528 906 2596 secundi
945 2527 1193 2596 ordinis
1237 2529 1609 2596 sacerdotio
1661 2529 2034 2595 attribuunt
2050 2578 2066 2607 ,
2118 2536 2541 2612 potestatem·

305 2663 426 2729 que
475 2646 920 2730 episcopalem
967 2645 1036 2710 in
1083 2645 1511 2730 presbyteros
1551 2645 1895 2728 multiplici
1942 2644 2137 2711 modo
2197 2664 2280 2710 ex
2323 2643 2544 2710 divina

309 2763 548 2845 pariter
602 2761 1008 2828 ordinatione
1056 2763 1424 2828 restrictam
1475 2780 1755 2828 erronee
1807 2760 2165 2845 sustinent;
2205 2766 2401 2845 atque
2451 2761 2542 2826 ita

308 2878 567 2946 taudem
606 2877 856 2964 jurium
893 2876 1459 2963 presbyterialium
1509 2877 1853 2944 aedificium
1890 2884 2240 2943 exstruunt
2255 2924 2273 2955 ,
2316 2883 2393 2942 ut
2426 2876 2543 2943 ad-

310 2995 488 3061 misso
525 3013 760 3061 eorum
800 3000 1151 3079 systemate
1168 3042 1185 3071 ,
1221 2994 1487 3059 inermis
1537 3012 1809 3077 prorsus
1859 3002 2230 3059 remaneret
2283 2992 2542 3077 Episco-

313 3129 540 3194 porum
584 3112 969 3190 auctoritas,
1020 3116 1289 3195 totaque
1336 3109 1757 3176 ecclesiastici
1806 3108 2139 3193 regiminis
2181 3109 2345 3176 ratio
2389 3109 2542 3175 sub·

313 3234 709 3293 verteretur.

395 3343 458 3406 3.
492 3337 1154 3422 Presbyterianorum
1182 3345 1404 3404 autem
1434 3338 1757 3421 posterior
1784 3335 2110 3421 descripta
2140 3336 2378 3415 classis,
2412 3356 2539 3403 non

319 3454 720 3541 presbyteris
749 3453 1150 3540 quibuslibet
1182 3473 1303 3520 sua
1340 3451 1584 3538 jurium
1626 3452 1997 3522 divinorum
2044 3457 2404 3520 commenta
2446 3462 2543 3520 at·

319 3568 570 3654 tribuit3
616 3567 740 3636 sed
768 3569 850 3636 ΥΒ
883 3575 1140 3638 tautum
1170 3569 1283 3653 qui
1309 3586 1532 3636 curam
1561 3568 1920 3636 animarum
1950 3576 2264 3635 exercent
2282 3615 2298 3645 ‚
2333 3567 2536 3647 idest,

324 3686 629 3766 parochis,
659 3685 1046 3752 Parochialis
1082 3685 1327 3751 scilicet
1371 3685 1661 3749 muneris
1694 3693 1957 3764 natura,
2012 3684 2282 3769 ejusque
2322 3683 2541 3752 diviua

329 3800 526 3884 (quam
557 3802 878 3869 audacter
907 3800 1228 3886 asserunt)
1259 3798 1695 3878 institutione,
1730 3807 1934 3865 totam
1962 3818 2143 3865 suam
2170 3799 2543 3865 rebellionis

327 3914 618 3985 fabricam
669 3916 971 3996 fundant,
1017 3938 1101 3984 ex
1147 3937 1275 4003 qua
1311 3915 1548 3984 dehinc
1590 3916 2010 3982 certissimam
2047 3916 2534 4000 Episcoporum,

329 4036 510 4117 atque
534 4034 734 4118 ipsius
759 4036 957 4100 etiam
1000 4032 1182 4099 Sedis
1223 4032 1606 4117 Apostolicae
1651 4033 2106 4097 auctoritatem
2157 4030 2539 4115 explodaut.

331 4146 523 4232 Atque
574 4149 756 4229 ideo,
812 4150 899 4216 ad
949 4147 1277 4216 vitandam
1341 4167 1603 4214 omnem
1664 4148 2280 4233 aequivocationem,
2332 4153 2402 4212 et
2456 4165 2541 4210 ne

334 4260 555 4331 frustra
604 4286 825 4334 aerem
889 4265 1315 4334 verberantes
1371 4263 1734 4345 videamur,
1799 4263 2137 4348 praefatam
2196 4259 2543 4347 presbyte-

335 4378 645 4448 riauorum
690 4384 991 4461 classem,
1041 4400 1234 4468 quam
1272 4380 1377 4447 hic
1425 4377 1895 4466 profligandam
1942 4378 2323 4461 suscipimus
2356 4394 2542 4458 paro-

335 4493 530 4559 cunm
575 4499 830 4565 nomine
877 4498 1222 4564 maluimus
1268 4496 1691 4580 designatam.
1749 4497 1920 4560 Dum
1967 4511 2124 4577 ergo
2164 4490 2545 4574 parochiatus
