3146 4973
577 323 698 386 224
1249 334 1627 383 msc-rarus
1670 336 1759 382 ns
1805 334 2139 385 ranocno.

573 463 790 546 aliquo
825 458 1140 542 abreptus
1172 475 1302 523 non
1338 456 1699 524 secundum
1725 459 2059 524 scientiam
2088 460 2264 536 zelo,
2298 460 2644 527 incautave
2676 478 2819 527 mu·

574 578 894 643 tationum
922 573 1278 659 prurigine,
1309 572 1872 656 perturbationem
1897 574 2349 640 molestiamve
2374 578 2816 659 gravissimam

577 691 756 758 clero
783 709 900 756 suo
931 688 1191 765 inferat,
1212 706 1297 753 ex
1327 704 1457 771 quo
1482 693 1554 753 et
1578 706 1709 753 non
1736 707 1937 771 parva
1965 687 2387 757 suboriantur
2409 690 2818 759 incommoda

576 815 647 874 et
673 806 1090 883 detrimenta,
1121 803 1192 869 id
1227 823 1358 871 non
1384 810 1717 868 necessario
1749 805 2188 889 consequitur,
2219 804 2336 871 sed
2370 827 2486 890 per
2511 811 2820 887 accidens,-

576 920 896 1007 siquidem
946 920 1117 986 hene
1166 926 1388 1003 posset
1430 918 1620 984 aliter
1665 919 2069 1002 contingere.
2108 919 2320 1005 Atque
2365 920 2541 989 idem
2592 921 2697 988 dic
2734 923 2820 989 de

575 1037 830 1104 caeteris
864 1036 1110 1103 nocivis
1140 1033 1505 1111 effectibus»,
1535 1032 1773 1118 quibus
1798 1034 2041 1118 aperiri
2071 1033 2334 1119 januam
2365 1055 2489 1121 per
2518 1037 2824 1105 amovibi-

573 1154 775 1220 litatis
809 1153 1302 1227 institutionem,
1335 1149 1481 1217 fuso
1523 1156 1594 1214 et
1642 1148 2033 1234 quandoque
2081 1153 2276 1217 etiam
2318 1153 2527 1220 minus
2568 1157 2823 1239 tempe-

573 1275 719 1334 rato
746 1267 987 1333 calamo
1024 1265 1317 1332 nonnulli
1344 1262 1644 1331 hodierni
1673 1263 2025 1347 scriptores
2069 1269 2408 1352 conquesti
2449 1274 2620 1334 sunt.
2666 1270 2819 1334 Haec

573 1404 810 1469 nempe
849 1382 1104 1449 facilem
1136 1381 1410 1446 abusum
1444 1380 1595 1464 plus
1626 1380 1921 1446 minusve
1951 1380 2277 1466 probant3
2321 1384 2555 1449 malam
2592 1386 2824 1451 intrin-

572 1519 722 1567 sece
761 1484 940 1576 rem,
988 1504 1102 1562 aut
1141 1496 1440 1562 Ecclesiae
1487 1494 1662 1562 bono
1696 1516 1806 1578 per
1847 1516 1909 1558 se
1955 1495 2304 1563 adversam
2341 1517 2471 1566 non
2508 1508 2816 1583 arguunt.

662 1616 746 1681 Et
787 1614 927 1698 pari
962 1610 1161 1678 modo
1204 1610 1639 1694 parochorum
1684 1612 2200 1695 perpetuitatem
2236 1634 2351 1695 per
2392 1634 2455 1676 se
2489 1613 2661 1681 bono
2702 1615 2825 1680 Ec-

574 1731 782 1797 clesiae
826 1746 1238 1813 nequaquam
1283 1725 1618 1792 adversari
1664 1725 2013 1793 dicendum
2057 1733 2188 1807 est,
2239 1737 2434 1815 atque
2471 1750 2554 1797 ex
2595 1729 2824 1797 iisdem

574 1864 841 1931 prorsus
874 1841 1255 1910 rationibus.
1300 1844 1461 1907 Nam
1498 1840 1680 1926 quod
1720 1842 2045 1907 nonnullae
2082 1865 2159 1910 ex
2202 1863 2280 1910 ea
2312 1846 2606 1911 oriantur
2648 1846 2824 1911 utili-

574 1969 765 2040 tateS,
802 1958 990 2027 verbi
1020 1958 1249 2043 gratia,
1287 1956 1468 2043 quod
1502 1955 1897 2024 difficiliores
1936 1956 2304 2025 reddantur
2340 1960 2593 2046 injustae
2632 1980 2824 2045 paro-

575 2075 844 2143 chorum
863 2074 1454 2150 exauctorationeS‚
1481 2071 1662 2157 quod
1681 2071 2004 2139 efficacius
2028 2073 2416 2141 innocentiae
2437 2075 2820 2141 inferiorum

574 2192 951 2258 consulatur
976 2196 1205 2256 contra
1236 2188 1577 2272 possibiles
1615 2187 2049 2273 (quantumvis
2081 2209 2209 2256 non
2249 2188 2334 2256 de
2374 2190 2548 2256 facili
2575 2210 2822 2276 praesu-

573 2302 863 2389 mendas)
894 2324 978 2371 ex
1009 2309 1198 2387 parte
1232 2303 1663 2370 Praelatorum
1696 2302 1966 2388 injurias
1993 2302 2352 2389 quaslibet,
2393 2306 2571 2391 quod
2606 2305 2820 2372 fiden-

574 2424 703 2489 tius
749 2418 1132 2506 extirpanda
1197 2415 1353 2483 vitia
1374 2465 1390 2494 ,
1449 2417 2099 2506 promovendumque
2161 2421 2521 2486 animarum
2571 2421 2816 2490 bonum

574 2544 934 2622 perpetuus
973 2538 1039 2600 in
1076 2533 1281 2602 officio
1317 2553 1435 2600 suo
1471 2535 1794 2618 parochus
1829 2535 2282 2620 aggrediatur,
2317 2537 2564 2623 aliaque
2603 2538 2673 2604 id
2706 2559 2820 2622 ge-

573 2673 695 2722 nus
729 2659 959 2737 sponte
991 2658 1382 2717 enascantur
1407 2649 1768 2729 commoda,
1794 2652 1949 2717 satis
1978 2670 2098 2736 per
2130 2672 2200 2717 se
2234 2654 2654 2737 perspicuum
2686 2663 2811 2720 est.

572 2770 816 2835 Atvero
852 2774 920 2832 et
949 2766 1055 2832 hic
1085 2764 1328 2830 abusus
1358 2784 1494 2848 prae
1537 2764 1789 2831 foribus
1820 2771 1958 2849 est3
1995 2786 2145 2832 cum
2177 2775 2246 2833 et
2274 2767 2577 2833 accidere
2615 2771 2815 2854 possit

572 2892 649 2949 ut
674 2883 794 2948 hac
821 2882 959 2965 ipsa
985 2881 1426 2963 perpetuitate
1467 2879 1680 2946 fretus
1708 2879 2032 2964 parochus
2051 2930 2068 2960 ,
2102 2883 2510 2967 negligenter
2540 2902 2812 2950 munere

572 3017 690 3065 suo
735 2997 1069 3081 fungatur,
1117 2996 1183 3059 in
1223 2996 1661 3080 corrigentem
1709 2996 2097 3080 Episcopum
2134 2997 2387 3064 facilius
2428 2999 2771 3066 insolescat
2790 3047 2808 3077 ,

569 3116 837 3200 aliisque
865 3111 1072 3179 modis
1097 3112 1160 3176 in
1191 3120 1640 3178 transversum
1668 3119 1922 3195 agatur.
1955 3113 2113 3193 Quae
2141 3121 2362 3178 tamen
2390 3115 2631 3193 omnia,
2664 3133 2812 3180 cum

571 3249 694 3315 per
722 3227 1044 3306 accidens,
1078 3247 1210 3293 non
1239 3246 1399 3292 vero
1431 3228 1799 3293 necessario
1829 3247 1911 3293 ex
1940 3230 2383 3312 perpetuitate
2412 3229 2646 3307 fluant,
2682 3249 2811 3294 non

570 3345 724 3414 ideo
767 3365 889 3430 per
930 3364 1000 3410 se
1050 3343 1328 3411 adversa
1373 3343 1675 3408 Ecclesiae
1719 3343 1891 3410 bono
1937 3343 2442 3411 inamovibilium
2498 3345 2814 3430 parocho-

572 3481 721 3529 rum
756 3461 1078 3527 institutio
1115 3457 1394 3525 dicenda
1431 3460 1582 3525 erit.

661 3582 793 3646 Nec
820 3585 1039 3663 potest
1063 3577 1418 3643 catholicus
1445 3577 1717 3662 quisque
1736 3625 1752 3655 ,
1786 3584 1862 3642 ut
1891 3578 2173 3657 videtur,
2206 3580 2363 3665 quin
2394 3579 2543 3646 huic
2573 3586 2810 3645 nostrae

571 3695 738 3760 thesi
764 3693 1069 3758 assentiat
1087 3739 1103 3770 ‚
1142 3692 1422 3776 alioquin
1454 3690 1538 3757 ab
1572 3692 1715 3775 ipso
1742 3692 2049 3759 Ecclesiae
2089 3692 2335 3778 judicio
2372 3692 2805 3761 dissensums.

570 3812 733 3876 Nam
762 3815 1015 3875 certum
1036 3813 1159 3886 est,
1178 3808 1627 3892 approbatam,
1649 3813 1717 3874 et
1745 3809 2035 3892 generali
2062 3828 2179 3875 sua
2208 3809 2547 3894 disciplina
2572 3808 2811 3876 admis-

465 3933 486 3951 ‘
570 3945 704 3993 sam
736 3925 819 3992 ab
850 3925 1133 3992 Ecclesia
1164 3924 1388 4006 fuisse,
1420 3933 1818 4003 curatorum,
1859 3946 1989 3991 non
2018 3932 2272 3992 tantum
2306 3934 2803 4012 perpetuorum,

571 4042 691 4111 sed
711 4049 780 4109 et
805 4041 1246 4108 amovibilium
1267 4042 1759 4117 institutionem,
1785 4050 1982 4125 prout
2004 4062 2086 4108 ex
2102 4041 2498 4108 Tridentinis
2521 4042 2812 4108 textibus

571 4179 769 4244 supra
805 4157 1220 4224 manifestum
1250 4155 1546 4222 fecimus.
1579 4154 1864 4221 Ecclesia
1903 4166 2122 4223 autem
2153 4157 2439 4242 generali
2469 4175 2585 4223 sua
2619 4155 2809 4222 disci-

571 4275 745 4360 plina
805 4293 933 4339 non
981 4269 1291 4348 admittit,
1335 4290 1459 4336 nec
1502 4288 1788 4355 unquam
1829 4269 2177 4338 admittere
2226 4279 2445 4356 potest
2491 4269 2669 4357 quod
2706 4278 2807 4336 est

569 4391 917 4456 intrinsece
966 4386 1227 4467 malum,
1262 4392 1377 4452 aut
1403 4385 1578 4452 bono
1610 4405 1730 4472 suo
1770 4408 1880 4469 per
1913 4409 1977 4450 se
2022 4395 2091 4454 et
2144 4388 2509 4455 necessario
2548 4394 2805 4456 contra-
