3146 4973
648 382 780 448 498
1327 394 1704 444 Tmo-rarus
1748 396 1837 443 nr.
1878 391 2204 442 Panocno.

644 519 1000 604 parochum
1028 519 1203 584 inter
1224 522 1295 583 et
1331 517 1662 602 collegiale
1696 517 2053 601 capitulum
2097 517 2164 581 in
2200 513 2605 584 deducendis
2631 516 2853 585 funeri-

642 636 765 702 bus
785 636 1279 712 declarationeS,
1301 652 1384 699 an
1402 643 1473 699 et
1499 652 1631 718 quo
1657 652 1852 700 sensu
1882 631 2306 711 concordent,
2334 633 2471 700 aliis
2501 634 2858 718 expenden-

641 750 800 817 dum
826 750 1271 836 relinquimus.

731 865 799 932 5⁰
831 868 1015 933 Circa
1060 865 1261 933 modo
1300 865 1476 931 dicta
1505 863 1723 950 quoad
1750 863 2017 948 parochi
2044 865 2112 930 in
2139 864 2482 931 funeribus
2509 865 2863 948 praeceden-

637 979 826 1060 tiam,
868 981 1095 1050 confer
1138 984 1207 1046 in
1253 980 1671 1047 Gardelliana
1711 979 2094 1045 collectione
2135 998 2445 1047 numeros
2487 983 2653 1058 295,
2705 985 2858 1060 638,

642 1101 835 1176 1575,
898 1101 1088 1176 1598,
1147 1101 1298 1175 758,
1351 1099 1504 1173 269,
1546 1098 1701 1173 426,
1754 1097 1909 1172 413,
1961 1097 2113 1173 564,
2166 1100 2355 1175 1908,
2412 1099 2609 1176 2299,
2664 1101 2856 1178 3566,

633 1214 831 1290 3618,
874 1214 1074 1290 4524,
1112 1213 1312 1290 4546,
1348 1213 1546 1288 4730,
1586 1212 1785 1288 4819,
1825 1212 2022 1276 1956.

719 1330 792 1393 60
833 1328 1143 1408 Quamvis
1192 1326 1413 1392 funeri
1474 1328 1870 1393 interveniat
1914 1325 2290 1393 cathedrale
2347 1329 2745 1412 capitulum,
2801 1334 2865 1394 et

629 1440 1131 1526 praecedentiam
1175 1439 1413 1506 habeat
1452 1457 1655 1524 super
1697 1440 2077 1524 parochum‚
2141 1449 2218 1506 ut
2263 1442 2513 1510 dictum
2565 1453 2691 1522 est,
2741 1462 2866 1509 non

628 1557 962 1624 tamcnad
994 1559 1272 1643 aliquem
1317 1556 1402 1622 de
1441 1557 1724 1639 capitulo
1760 1557 2048 1639 pertinet
2094 1559 2392 1623 intonare
2443 1559 2914 1643 antiphonam,

628 1676 1007 1738 Exultabunt
1038 1678 1314 1753 Domino,
1349 1680 1509 1752 etc„
1536 1670 1655 1737 sed
1694 1671 1778 1737 ad
1822 1671 2204 1755 parochum‚
2238 1671 2426 1755 juxta
2460 1675 2724 1741 Rituale
2761 1677 2877 1741 Ro-

626 1808 911 1855 manum.
940 1789 1151 1875 (Sacra
1181 1789 1615 1872 Congregatio
1645 1788 1937 1865 Rituum,
1959 1787 2137 1870 apud
2162 1788 2542 1868 Gardellini,
2569 1811 2638 1857 n.
2666 1794 2874 1870 2369,

625 1904 822 1980 2424,
866 1903 1097 1986 2386.)

1591 2185 1596 2190 ὗ
1649 2103 1683 2175 5
1715 2098 1833 2161 111.

969 2295 995 2340 J
1001 2307 1056 2343 us
1081 2294 1273 2356 parochi
1296 2291 1447 2356 quoad
1477 2292 1790 2342 emolumenta
1816 2305 1870 2342 ex
1901 2292 2143 2343 funeribus
2168 2296 2506 2357 provenientia.

707 2485 743 2549 J
748 2502 824 2548 us
856 2479 1119 2566 parochi
1147 2479 1233 2546 ad
1261 2478 1586 2567 ejusmodi
1616 2480 2053 2547 emolumenta
2101 2479 2348 2566 duplex
2399 2478 2713 2566 distingui
2761 2501 2881 2568 po-

620 2607 750 2665 test
792 2622 807 2665 :
846 2598 955 2683 jus
993 2617 1227 2681 nempe
1274 2596 1360 2662 ad
1396 2605 1643 2663 certam
1683 2597 1965 2681 aliquam
2007 2597 2425 2675 oblationem,
2459 2596 2619 2664 dum
2659 2600 2884 2683 ipsius

618 2714 1044 2799 parochianus
1071 2714 1137 2776 in
1163 2712 1509 2796 parochiali
1545 2712 1819 2778 ecclesia
1851 2714 1958 2779 vel
1983 2714 2365 2780 coemetcrio
2396 2715 2761 2799 sepelitur3
2808 2722 2887 2781 et

612 2828 720 2912 jus
755 2826 840 2893 ad
875 2835 1157 2909 quartam
1183 2829 1541 2908 fimeralem,
1587 2825 1746 2892 dum
1791 2826 1934 2912 ejus
1960 2827 2387 2912 parochianus
2435 2829 2588 2895 alibi
2640 2831 2886 2915 sepul·

615 2950 767 3008 tura
801 2943 1105 3010 donatur.
1148 2944 1248 3009 De
1276 2950 1558 3029 utroque
1587 2943 1735 3027 jure
1764 2944 1886 3009 sub
1912 2943 2335 3029 sequentibus
2364 2946 2880 3030 quaestionibus.

706 3060 1011 3140 Qumsuo
1044 3062 1128 3123 1⁸.
1161 3096 1251 3109 -
1285 3063 1381 3123 An
1417 3064 1616 3141 possit
1638 3061 1940 3141 parochus
1974 3062 2216 3142 aliquid
2246 3066 2491 3142 eoeiyere
2512 3081 2634 3143 pro
2663 3063 2888 3142 officio

615 3177 938 3259 sepulturae
971 3177 1049 3238 ab
1084 3180 1217 3258 ipso
1245 3180 1525 3255 proestito
1547 3179 1578 3238 ?
1613 3209 1701 3224 —
1733 3172 2122 3258 Respondeo
2163 3178 2225 3239 10
2254 3174 2470 3259 quoad
2502 3194 2880 3259 pauperes,

614 3297 868 3356 certum
896 3297 996 3355 est
1025 3308 1153 3356 non
1192 3307 1380 3372 posse
1417 3288 1773 3374 quidquam
1803 3288 2011 3372 exigi3
2057 3287 2175 3354 sed
2222 3297 2493 3355 tenetur
2531 3291 2894 3372 parochus

612 3406 815 3489 gratis
834 3424 947 3471 eos
976 3404 1278 3488 sepelire.
1306 3408 1375 3467 20
1399 3405 1609 3470 Etiam
1636 3402 1853 3488 quoad
1879 3410 2173 3483 caeteros,
2206 3406 2262 3470 si
2289 3413 2522 3488 agatur
2537 3404 2625 3472 de
2655 3406 2892 3473 modo

611 3518 976 3605 sepeliendi
1005 3517 1334 3584 ordinario
1379 3518 1471 3605 (id
1504 3528 1629 3597 est,
1667 3538 1796 3585 non
1826 3537 1975 3584 cum
2007 3518 2527 3586 extraordinaria
2556 3523 2885 3607 pompa),

611 3643 682 3700 et
710 3632 1151 3700 abstrahendo
1184 3652 1223 3698 a
1261 3632 1731 3699 consuetudine
1762 3634 1893 3698 vim
1921 3634 2086 3718 legis
2121 3632 2431 3712 habente,
2477 3637 2712 3719 nequit
2760 3657 2889 3723 pa·

609 3748 846 3814 rochus
877 3746 1235 3832 quidquam
1261 3748 1545 3831 exigere.
1603 3750 1761 3813 Nam
1802 3747 2165 3832 sepeliendi
2205 3748 2483 3816 officium
2532 3758 2633 3816 est
2685 3751 2892 3836 quid

607 3862 965 3946 spirituale,
989 3869 1058 3927 et
1080 3862 1146 3926 vi
1173 3862 1460 3927 muneris
1487 3864 1587 3928 sui
1608 3871 1877 3929 tenetur
1896 3862 2219 3946 parochus
2245 3863 2412 3930 illud
2440 3863 2900 3948 parochianis

608 3978 739 4041 suis
777 3986 1110 4059 praestare.
1156 3976 1347 4044 Unde
1401 3979 1456 4042 si
1506 3979 1788 4062 pretium
1831 3979 2147 4062 exigeret,
2193 3977 2544 4064 injustitiae,
2599 3979 2896 4061 cupidi-

607 4093 781 4170 tatiS,
817 4099 888 4157 et
916 4093 1201 4158 simonioe
1226 4112 1415 4159 reum
1448 4112 1517 4159 se
1555 4093 1827 4159 faceret.
1864 4097 1933 4158 30
1974 4095 2036 4158 Si
2068 4101 2288 4160 tamen
2317 4094 2615 4160 defuncti
2644 4094 2898 4165 haere-

607 4202 724 4271 des
753 4208 860 4272 vel
890 4209 1347 4291 consanguinei
1372 4208 1707 4290 postulent
1730 4208 2324 4275 extraordinarium
2344 4208 2634 4291 modum,
2655 4212 2892 4277 verbi

602 4325 831 4407 gratia,
876 4325 1129 4388 missam
1154 4325 1531 4389 solemniter
1560 4332 1909 4403 cantatam,
1951 4332 2023 4390 et
2050 4326 2171 4391 alia
2209 4324 2551 4410 ejusmodi,
2577 4325 2661 4393 ad
2689 4346 2892 4412 quae

601 4441 666 4505 vi
701 4438 888 4504 officii
914 4457 1042 4503 non
1070 4443 1337 4503 tenetur
1374 4439 1722 4522 parochuS,
1753 4443 1994 4523 poterit
2029 4443 2101 4519 is,
2129 4443 2194 4505 in
2226 4442 2620 4526 stipendium
2646 4442 2898 4528 hujus
