3146 4973
1251 366 1412 415 rus
1456 366 1685 415 rums.
2332 412 2341 419 ,
2451 351 2581 417 215

349 492 664 559 minatum
708 465 1061 573 vicarium3
1117 492 1186 557 2⁰
1219 497 1295 556 ut
1320 489 1448 558 iste
1476 490 1757 559 vicarius
1778 497 1973 573 possit
2009 491 2095 557 ah
2124 491 2443 577 Episcopo
2476 489 2584 559 de-

348 607 530 675 cerni
556 612 904 688 perpetuus.
937 606 974 669 J
977 623 1082 670 am
1117 623 1280 671 vero
1337 605 1458 671 hac
1487 606 1834 691 posteriori
1890 605 2309 691 dispositione
2338 626 2468 691 quo
2494 608 2584 672 in-

348 720 683 795 tenderint
718 719 1085 787 Tridentini
1105 728 1351 805 patres,
1386 721 1585 789 facile
1603 728 1787 806 patet
1818 743 1835 788 ε
1861 722 1985 791 iste
2012 740 2249 807 nempe
2272 724 2574 800 vicarius,

345 836 464 901 nisi
502 837 944 919 perpetuitate
972 832 1204 901 donari
1223 836 1546 920 potuisset
1582 854 1705 921 per
1732 835 2076 904 decretum
2113 837 2440 921 Episcopi,
2475 857 2583 904 re-

346 949 682 1019 musisset
713 947 970 1033 dejure
1014 950 1338 1017 communi
1378 951 1768 1018 revocabilis
1802 954 1887 1015 ad
1926 959 2140 1015 nutum
2188 955 2446 1032 capituli
2477 973 2579 1016 seu

345 1072 716 1130 monasterii.
796 1066 969 1133 Dum
1018 1084 1177 1149 ergo
1241 1066 1532 1150 synodus
1568 1069 1711 1133 vult
1755 1068 1837 1133 ab
1893 1067 2209 1152 Episcopo
2259 1075 2579 1148 perpetuas

344 1179 537 1247 reddi
563 1199 752 1266 posse
788 1179 1111 1266 ejusmodi
1149 1182 1441 1260 vicarias,
1493 1201 1625 1248 non
1669 1201 1748 1251 eo
1779 1180 1997 1248 tendit
2034 1186 2109 1247 ut
2147 1181 2580 1265 restringatur

343 1296 796 1365 revocabilitas
820 1300 905 1361 ad
920 1304 1136 1361 nutum
1147 1299 1452 1380 Episcopi,
1483 1295 1603 1364 sed
1622 1304 1697 1362 ut
1715 1303 2091 1364 coarctetur
2122 1295 2578 1363 revocabilitas

340 1417 425 1479 od
450 1421 664 1479 nutam
691 1416 977 1495 capituli,
1011 1419 1385 1493 monasterii,
1419 1414 1783 1481 aliorumve
1813 1413 2243 1498 praefatorum
2271 1413 2579 1497 parocho-

343 1549 490 1599 rum
525 1530 1006 1615 principalium.

427 1644 674 1713 Eadem
705 1665 848 1715 sese
880 1643 1105 1730 prodit
1127 1644 1364 1730 synodi
1391 1645 1729 1713 tendentia
1771 1646 2054 1715 sessione
2084 1649 2193 1726 21,
2233 1647 2449 1731 capite
2486 1651 2567 1714 6:

337 1762 430 1828 ihi
469 1779 706 1845 nempe
749 1761 1028 1831 facultas
1080 1760 1159 1829 fit
1196 1762 1530 1846 Episcopis
1587 1765 1960 1846 coadjutores
1994 1770 2107 1827 aut
2146 1767 2406 1835 vicarios
2459 1784 2572 1846 pro

339 1887 596 1961 tempore
623 1876 993 1962 deputandi
1019 1886 1090 1944 et
1118 1878 1497 1962 imponendi
1519 1877 1821 1962 parochis
1862 1878 2218 1945 illitteratis
2253 1886 2322 1944 et
2366 1881 2573 1964 impe-

335 1994 500 2059 ritis.
533 1992 832 2078 synodus
861 2012 1123 2078 nempe,
1163 1994 1232 2059 in
1266 1993 1390 2063 hoc
1418 1995 1872 2077 imperitorum
1910 1994 2345 2079 parochorum
2387 2015 2562 2073 casu,

333 2109 724 2194 derogatum
749 2110 955 2177 voluit
985 2110 1120 2194 juri
1144 2111 1490 2190 communi,
1524 2112 1590 2176 vi
1619 2109 1804 2195 cujus
1827 2108 1915 2176 ed
1943 2110 2260 2193 parochos
2282 2113 2570 2196 pertinet

333 2243 483 2291 suos
501 2225 772 2293 vicanos
803 2226 1076 2309 eligere,
1111 2234 1181 2293 et
1217 2224 1486 2293 eosdem
1513 2224 1658 2312 (sed
1693 2233 1949 2293 tantum
1980 2244 2061 2291 ex
2088 2245 2279 2293 causa
2310 2227 2394 2293 eb
2422 2227 2568 2312 Epi-

331 2358 531 2424 scopo
586 2339 1040 2426 approbanda,
1093 2348 1169 2407 ut
1232 2341 1405 2406 infra
1460 2335 1746 2424 dicetur)
1801 2358 2174 2408 removere.
2216 2342 2568 2427 Impositus

329 2463 550 2526 autem
570 2455 877 2539 imperito
901 2454 1211 2540 parocho,
1252 2454 1442 2541 juxta
1468 2454 1912 2523 Tfidentinam
1945 2459 2363 2536 sanctionem,
2396 2458 2564 2525 vica-

329 2575 486 2652 rius,
535 2572 693 2642 licet
724 2570 810 2639 ad
867 2580 1149 2655 tempus,
1204 2573 1477 2638 relative
1533 2571 1618 2638 ad
1662 2572 1913 2639 huncce
1959 2573 2315 2659 parochum
2340 2574 2564 2642 evadit

327 2695 712 2774 perpetuus,
743 2693 893 2754 cu'm
911 2687 1050 2773 jam
1069 2695 1353 2773 nequeat
1372 2688 1457 2754 ab
1485 2708 1566 2755 eo
1603 2690 1954 2756 removeri.
1986 2688 2178 2757 Unde
2215 2698 2283 2757 et
2326 2691 2419 2757 ihi
2457 2710 2562 2756 re·

326 2806 667 2891 stringitur
687 2825 726 2870 a
762 2803 1014 2889 synodo
1045 2807 1464 2870 revocabilitas
1492 2809 1578 2869 ad
1611 2813 1825 2870 nutum
1845 2807 2271 2895 parochorum.

413 2921 579 2986 Item
621 2917 885 3005 quando
913 2918 1224 3003 synodus,
1264 2921 1562 2987 sessionis
1592 2922 1671 2988 24
1713 2922 1926 3005 capite
1970 2923 2075 3001 13,
2111 2921 2377 2988 mandat
2407 2924 2557 3008 Epi-

323 3039 533 3121 scopis
558 3044 654 3114 ut,
696 3042 761 3100 in
797 3042 879 3100 iis
920 3038 1272 3100 civitatibus
1302 3056 1374 3100 ac
1400 3039 1566 3116 locis,
1606 3040 1712 3101 ubi
1735 3040 2114 3120 parochiales
2141 3043 2397 3104 ecclcsioe
2429 3060 2553 3103 ccr-

325 3162 415 3218 tos
442 3173 562 3218 non
592 3154 810 3217 habent
843 3152 1019 3231 fines,
1056 3171 1162 3216 noc
1186 3171 1393 3215 earum
1423 3159 1682 3216 rectores
1705 3160 2028 3235 pron
2054 3158 2349 3238 poptdum
2382 3176 2554 3240 quem

323 3277 558 3351 repant,
611 3271 717 3332 sed
758 3272 1100 3350 promiscue
1135 3270 1475 3349 petentibus
1513 3275 1893 3334 sacramenta
1937 3272 2409 3350 administrant,·
2455 3275 2553 3336 di-

319 3391 539 3452 stincto
565 3385 792 3466 populo
850 3389 918 3447 in
958 3390 1153 3448 certas
1187 3390 1588 3465 propriasque
1616 3385 1964 3466 parochias,
2009 3391 2329 3468 unicuique
2377 3407 2550 3450 suum

319 3517 716 3570 parm-unu
736 3502 1216 3582 peculiaremque
1251 3502 1591 3582 par-ochum
1623 3508 1965 3584 assiqua&
2014 3510 2124 3566 αυτ
2154 3505 2279 3567 alio
2313 3506 2552 3568 utiliori

319 3619 519 3696 modo,
573 3622 762 3699 prout
808 3617 923 3677 loci
966 3618 1233 3697 qualitas
1263 3621 1529 3697 exeqcrit
1546 3665 1569 3696 ,
1610 3620 1978 3698 provideant
1992 3641 2024 3697 ,·
2077 3624 2379 3701 putarem
2420 3637 2543 3702 ego

317 3728 467 3797 ideo
497 3731 825 3814 praecipue
867 3730 1143 3812 positam
1182 3729 1382 3796 fuisse
1428 3750 1661 3797 vocem
1695 3740 2072 3814 perpetuum,
2115 3739 2188 3797 ut
2238 3732 2548 3800 exclude-

317 3854 550 3912 rentur
566 3846 613 3910 ii
641 3845 863 3911 vicarii
887 3847 1121 3924 curati,
1155 3849 1240 3910 ad
1267 3854 1482 3910 nutum
1510 3847 1962 3932 principalium
1986 3848 2419 3932 parochorum
2459 3871 2546 3914 re-

317 3967 629 4028 vocabiles.
1053 3961 1061 3968 ’

403 4082 566 4147 Hinc
593 4079 1116 4148 concludendum
1139 4078 1408 4147 videtur
1432 4083 1943 4146 revocabilitatem
1972 4086 2055 4148 ad
2090 4092 2323 4164 nutum,
2352 4103 2544 4171 quam

315 4202 701 4263 aversantur
756 4214 1057 4276 canones,
1113 4195 1609 4281 intelligendam
1661 4217 1804 4263 eam
1866 4218 2030 4279 esse,
2076 4219 2224 4286 qua,
2277 4200 2362 4269 de
2393 4200 2541 4286 jure

312 4315 660 4391 communi,
696 4314 920 4381 vicarii
966 4313 1052 4379 ed
1089 4333 1312 4380 curam
1348 4311 1649 4399 deputati
1677 4316 2082 4383 revocabiles
2111 4324 2301 4383 erant
2329 4321 2413 4382 ad
2434 4339 2542 4382 mz-

313 4438 440 4495 tum
452 4432 852 4515 parochorum
870 4434 1304 4515 principalium
1332 4449 1447 4497 seu
1482 4431 1982 4516 primitivorum,
2021 4434 2132 4518 qui
2165 4451 2388 4498 curam
2422 4451 2543 4516 per
