3146 4973
598 421 729 489 682
1270 428 1647 478 moruus
1692 430 1780 495 m}
1825 428 2149 478 mnocuo.

1643 705 1784 771 ΧΠ.

598 978 907 1028 romaum
955 976 1381 1027 com-Anoms
1429 976 1754 1025 EGCLESIAE
1790 976 2227 1027 mnocmaus
2255 976 2382 1027 PER
2410 978 2811 1027 conmmsnu.

688 1254 749 1314 N
754 1297 798 1328 .‚
832 1252 1160 1331 Episcopus
1190 1251 1267 1313 N.
1290 1283 1382 1295 -
1402 1250 1661 1328 Dilecto,
1688 1256 1802 1312 etc.
1825 1286 1916 1298 -
1945 1253 2118 1314 Inter
2142 1256 2378 1329 coetern,
2416 1269 2548 1331 quoe
2572 1270 2693 1333 pro
2713 1271 2822 1332 pa·

598 1368 845 1430 storalis
871 1366 1054 1445 officii
1088 1366 1286 1428 debito
1314 1370 1610 1445 prcestare
1652 1370 1946 1446 cupimus,
1978 1367 2138 1429 illud
2163 1372 2469 1447 proecipue
2503 1369 2676 1430 cordi
2709 1376 2815 1446 est,

598 1490 669 1545 ut
699 1481 1150 1563 parochialibus
1185 1482 1469 1558 ecclesiis,
1509 1481 1724 1561 quibus
1764 1482 1840 1544 de
1877 1484 2204 1544 rectoribus
2238 1483 2688 1562 providendum
2715 1490 2818 1559 est,

601 1600 752 1660 tales
795 1596 1225 1677 proeflciamus,
1256 1599 1360 1676 qui
1397 1600 1735 1658 ministerio
1769 1616 1928 1660 curce
1964 1603 2328 1676 animarum,
2364 1601 2522 1678 quod
2566 1604 2826 1662 omnium

598 1717 1024 1794 pravissimum
1080 1718 1201 1788 est,
1253 1714 1646 1775 laudabiliter
1700 1717 2105 1793 satisfaciant.
2163 1717 2423 1776 Vacante
2481 1719 2702 1795 iyitur,
2750 1718 2819 1777 de

598 1847 795 1909 mense
829 1831 912 1893 N.
941 1833 1223 1908 proxime
1261 1832 1601 1908 praeterito,
1638 1828 1975 1909 parochiali
2016 1830 2258 1892 ecclesia
2307 1831 2415 1892 sub
2456 1834 2830 1895 invocatione

558 1926 668 2008 ἐ.
692 1947 771 2007 Ν.
802 1947 1013 2025 appula·
1040 1947 1121 2008 N.
1149 1944 1328 2025 unqu-s
1363 1950 1584 2009 nostrae
1614 1946 1905 2024 dioecesis,
1941 1964 2051 2026 per
2082 1946 2334 2025 obitum,
2366 1949 2447 2011 Ν.
2472 1948 2675 2027 iltius,
2696 1949 2834 2011 aum

599 2063 847 2137 viveret,
882 2061 1089 2129 ultimi
1113 2063 1491 2140 possessoris,
1526 2062 1775 2139 suerunt
1803 2080 1920 2142 per
1948 2064 2181 2123 curiam
2213 2069 2510 2141 nostram,
2532 2065 2834 2129 mediante

596 2177 835 2257 publico
883 2177 1111 2254 edicto,
1137 2181 1329 2258 juxta
1371 2178 1628 2256 formam
1666 2183 1725 2239 et
1757 2183 2180 2259 praescriptum
2218 2183 2378 2241 sacri
2413 2181 2663 2243 concilii
2705 2184 2836 2243 Tri-

599 2293 836 2355 dentini
883 2299 941 2354 et
984 2297 1433 2357 constitutionis
1484 2297 1682 2355 sancti
1722 2296 1829 2357 Pii
1862 2297 1934 2370 V,
1990 2300 2188 2358 vocati
2230 2314 2430 2357 omnes
2474 2297 2550 2359 de
2601 2300 2692 2359 sic
2740 2316 2836 2358 va-

602 2414 776 2473 cante
816 2406 1063 2471 ecclesia
1096 2408 1416 2488 provideri
1459 2413 1785 2490 cupientes,
1828 2415 2123 2489 quatenus
2168 2414 2336 2473 intra
2376 2413 2704 2475 terminum
2742 2414 2834 2473 de·

600 2542 724 2592 cem
762 2526 999 2596 clientum
1032 2533 1441 2606 comparerent
1478 2531 1549 2589 in
1588 2528 1794 2590 eadem
1828 2533 2022 2606 curia,
2062 2529 2147 2592 ad
2185 2530 2528 2608 faciendum
2573 2531 2832 2596 describi

601 2648 661 2715 ᾳί
711 2642 1001 2714 adnotari
1046 2646 1293 2708 nomina
1332 2647 1600 2722 ipsomm
1633 2662 1654 2703 .·
1698 2649 1756 2704 et
1799 2661 1932 2706 cum
1979 2647 2047 2705 in
2090 2644 2290 2707 eodem
2325 2648 2582 2706 termino
2630 2646 2834 2726 plures

600 2761 1092 2837 comparuissent,
1137 2757 1379 2820 tandem
1429 2757 1646 2820 iisdem
1683 2757 1947 2837 legitime
1990 2762 2217 2820 vocatis
2249 2759 2356 2821 sub
2381 2761 2601 2843 die...‚
2636 2778 2832 2822 coram

602 2870 809 2947 Nobis,
847 2875 1113 2951 riqoroso
1139 2875 1371 2952 proevio
1401 2876 1680 2933 examine
1706 2891 1819 2954 per
1853 2878 1974 2935 tres
2009 2877 2452 2936 examinatores
2485 2877 2824 2957 synodales,

600 2988 765 3066 facta
806 2989 928 3066 suit
976 2991 1349 3068 experientia
1400 2990 1474 3051 de
1519 2992 1770 3051 scientia
1818 2996 1878 3051 et
1919 2989 2285 3069 sufficientia
2324 2992 2708 3072 singulorum
2742 2993 2837 3054 de·

601 3106 959 3185 scriptorum
981 3125 1007 3181 ,·
1052 3123 1124 3166 ac
1188 3105 1425 3168 clemum
1486 3109 1744 3167 servatis
1796 3107 1870 3168 de
1924 3110 2071 3186 jure
2128 3108 2471 3184 servandis,
2510 3108 2698 3185 fuisti
2727 3125 2837 3189 per

601 3221 794 3290 dictos
836 3227 957 3282 tres
1000 3225 1442 3286 examinatores
1484 3228 1783 3302 repertus,
1823 3221 2099 3301 habitus,
2144 3230 2202 3286 et
2261 3227 2656 3286 existimatus
2708 3226 2830 3287 ido·

602 3355 746 3400 neus
796 3340 961 3416 vita,
997 3338 1295 3415 moribus,
1334 3342 1512 3399 oetate
1550 3344 1612 3399 et
1652 3341 1936 3418 scientia,
1971 3345 2030 3401 et
2076 3340 2220 3402 aliis
2266 3358 2306 3400 a
2344 3343 2489 3421 jure
2526 3345 2832 3421 requisitis

595 3455 927 3534 proeditus,·
954 3458 1013 3515 et
1071 3458 1140 3515 ut
1192 3454 1339 3515 talis
1387 3453 1470 3515 ad
1515 3454 1746 3516 dictam
1779 3454 2192 3534 parochialem
2236 3455 2544 3516 ecclesiam
2597 3459 2832 3537 ejusque

601 3587 815 3636 curam
830 3588 946 3649 per
978 3575 1034 3631 te
1064 3573 1258 3651 ipsum
1289 3572 1610 3649 reqenclam
1641 3571 1718 3632 ab
1743 3571 1964 3632 eisdem
1997 3571 2181 3634 Nobis
2207 3576 2588 3634 renuntiatus
2617 3573 2823 3650 fuisti,

601 3693 661 3752 et
695 3692 1018 3750 successive
1053 3705 1091 3747 a
1126 3689 1310 3753 Nobis
1354 3691 1545 3766 maqis
1595 3687 1842 3752 idoneus
1884 3692 2196 3767 reputatus
2237 3693 2296 3749 et
2320 3688 2661 3768 judicatus.
2712 3689 2831 3751 Nos

605 3806 799 3883 igitur
833 3803 1025 3864 eidem
1055 3804 1332 3877 ecelesioe,
1361 3820 1432 3863 ac
1466 3802 1783 3866 animabus
1821 3802 1922 3864 illi
1958 3804 2218 3864 subditis
2259 3804 2334 3866 de
2376 3808 2603 3864 rectore
2619 3805 2831 3883 provi-

602 3919 745 3984 dere
787 3918 1070 3996 volentes,
1115 3918 1251 3996 tibi,
1284 3935 1459 3997 quem
1484 3936 1620 3997 prae
1663 3921 1893 3979 coeteris
1930 3918 2266 3997 diqniorem
2302 3918 2648 3998 deleqimus‚
2671 3936 2832 3980 eam-

601 4034 737 4095 dem
763 4032 1201 4113 parochialem,
1243 4051 1377 4098 cum
1415 4033 1514 4094 illi
1551 4007 1831 4108 annexis,
1875 4050 1944 4094 ac
1989 4034 2259 4094 omnibus
2282 4035 2550 4114 juribus,
2592 4039 2650 4095 et
2688 4051 2830 4113 per-

607 4154 880 4212 tinentiis
926 4155 1052 4212 suis
1088 4153 1412 4227 universis,
1440 4151 1822 4228 conserimus,
1856 4154 1913 4210 et
1941 4153 2344 4228 assiqnamus,
2382 4151 2458 4212 de
2487 4151 2712 4230 illaque
2744 4156 2821 4226 te,

602 4285 802 4330 coram
834 4270 1013 4331 Nobis
1044 4267 1226 4344 flexis
1252 4266 1498 4346 qenibus
1538 4270 1929 4327 constitutum
1967 4271 2027 4327 et
2056 4271 2480 4347 acceptantem,
2515 4284 2622 4347 per
2649 4266 2832 4327 bireti

602 4388 793 4464 capiti
840 4389 941 4445 tuo
998 4387 1432 4463 impositionem
1483 4386 1855 4444 investimus.
1915 4385 2204 4461 Quocirca
2244 4383 2515 4445 omnibus
2571 4386 2826 4445 notariis

598 4501 892 4581 publicis,
943 4505 1001 4561 et
1037 4503 1307 4579 personis
1354 4499 1770 4560 ecclesiasticis
1821 4502 2093 4559 civitatis
2147 4505 2203 4560 et
2249 4500 2513 4560 dioecesis
2561 4504 2816 4572 nostroe,
