<?xml version="1.0" encoding="UTF-8"?>
<!DOCTYPE html PUBLIC "-//W3C//DTD XHTML 1.0 Transitional//EN"
    "http://www.w3.org/TR/xhtml1/DTD/xhtml1-transitional.dtd">
<html xmlns="http://www.w3.org/1999/xhtml" xml:lang="en" lang="en">
 <head>
  <title>
</title>
<meta http-equiv="Content-Type" content="text/html;charset=utf-8" />
  <meta name='ocr-system' content='tesseract 3.04.00' />
  <meta name='ocr-capabilities' content='ocr_page ocr_carea ocr_par ocr_line ocrx_word'/>
</head>
<body>
  <div class='ocr_page' id='page_1' title='image "./tractatusdeparo00bouigoog_0695.png"; bbox 0 0 3146 4973; ppageno 0'>
   <div class='ocr_carea' id='block_1_1' title="bbox 1186 424 2532 495">
    <p class='ocr_par' dir='ltr' id='par_1_1' title="bbox 1186 424 2532 495">
     <span class='ocr_line' id='line_1_1' title="bbox 1186 424 2532 495; baseline -0.007 -6"><span class='ocrx_word' id='word_1_1' title='bbox 1186 436 1515 489; x_wconf 61' lang='lat' dir='ltr'><strong>⁴91·me</strong></span> <span class='ocrx_word' id='word_1_2' title='bbox 1564 439 1639 485; x_wconf 88' lang='lat' dir='ltr'><strong><em>n.</em></strong></span> <span class='ocrx_word' id='word_1_3' title='bbox 2404 424 2532 495; x_wconf 74' lang='lat'><strong><em>683</em></strong></span> 
     </span>
    </p>
   </div>
   <div class='ocr_carea' id='block_1_2' title="bbox 286 563 2546 2506">
    <p class='ocr_par' dir='ltr' id='par_1_2' title="bbox 286 563 2546 2506">
     <span class='ocr_line' id='line_1_2' title="bbox 292 563 2541 647; baseline 0 -20"><span class='ocrx_word' id='word_1_4' title='bbox 292 582 405 645; x_wconf 84' lang='lat' dir='ltr'><strong><em>per</em></strong></span> <span class='ocrx_word' id='word_1_5' title='bbox 437 569 761 646; x_wconf 62' lang='lat' dir='ltr'><strong><em>proamitae</em></strong></span> <span class='ocrx_word' id='word_1_6' title='bbox 796 563 1157 633; x_wconf 67' lang='lat' dir='ltr'><strong><em>maanus</em></strong></span> <span class='ocrx_word' id='word_1_7' title='bbox 1187 570 1251 627; x_wconf 84' lang='lat' dir='ltr'><strong><em>et</em></strong></span> <span class='ocrx_word' id='word_1_8' title='bbox 1282 569 1749 643; x_wconf 60' lang='lat' dir='ltr'><strong><em>commitam,</em></strong></span> <span class='ocrx_word' id='word_1_9' title='bbox 1785 569 1856 639; x_wconf 74' lang='lat' dir='ltr'><strong><em>ut</em></strong></span> <span class='ocrx_word' id='word_1_10' title='bbox 1894 581 2028 631; x_wconf 70' lang='lat' dir='ltr'><strong><em>oum</em></strong></span> <span class='ocrx_word' id='word_1_11' title='bbox 2068 582 2182 647; x_wconf 71' lang='lat' dir='ltr'><strong><em>pro</em></strong></span> <span class='ocrx_word' id='word_1_12' title='bbox 2214 571 2397 647; x_wconf 72' lang='lat' dir='ltr'><strong><em>parte</em></strong></span> <span class='ocrx_word' id='word_1_13' title='bbox 2435 572 2541 629; x_wconf 84' lang='lat' dir='ltr'><strong><em>tua</em></strong></span> 
     </span>
     <span class='ocr_line' id='line_1_3' title="bbox 297 679 2542 765; baseline 0.002 -24"><span class='ocrx_word' id='word_1_14' title='bbox 297 682 531 759; x_wconf 78' lang='lat' dir='ltr'><strong><em>fuerint</em></strong></span> <span class='ocrx_word' id='word_1_15' title='bbox 560 683 863 761; x_wconf 73' lang='lat' dir='ltr'><strong><em>requisiti,</em></strong></span> <span class='ocrx_word' id='word_1_16' title='bbox 904 681 1000 743; x_wconf 87' lang='lat' dir='ltr'><strong><em>vel</em></strong></span> <span class='ocrx_word' id='word_1_17' title='bbox 1028 698 1235 743; x_wconf 84' lang='lat' dir='ltr'><strong><em>eorum</em></strong></span> <span class='ocrx_word' id='word_1_18' title='bbox 1263 682 1489 762; x_wconf 73' lang='lat' dir='ltr'><strong><em>aliquis</em></strong></span> <span class='ocrx_word' id='word_1_19' title='bbox 1518 685 1847 762; x_wconf 79' lang='lat' dir='ltr'><strong><em>requisitus</em></strong></span> <span class='ocrx_word' id='word_1_20' title='bbox 1878 679 2116 765; x_wconf 89' lang='lat' dir='ltr'><strong><em>(emissa</em></strong></span> <span class='ocrx_word' id='word_1_21' title='bbox 2142 699 2252 762; x_wconf 85' lang='lat' dir='ltr'><strong><em>per</em></strong></span> <span class='ocrx_word' id='word_1_22' title='bbox 2283 688 2340 743; x_wconf 90' lang='lat' dir='ltr'><strong><em>te</em></strong></span> <span class='ocrx_word' id='word_1_23' title='bbox 2365 686 2542 763; x_wconf 85' lang='lat' dir='ltr'><strong><em>prius</em></strong></span> 
     </span>
     <span class='ocr_line' id='line_1_4' title="bbox 295 793 2545 879; baseline 0 -21"><span class='ocrx_word' id='word_1_24' title='bbox 295 814 499 859; x_wconf 78' lang='lat' dir='ltr'><strong><em>coram</em></strong></span> <span class='ocrx_word' id='word_1_25' title='bbox 545 800 777 859; x_wconf 81' lang='lat' dir='ltr'><strong><em>vicario</em></strong></span> <span class='ocrx_word' id='word_1_26' title='bbox 821 802 1028 859; x_wconf 86' lang='lat' dir='ltr'><strong><em>nostro</em></strong></span> <span class='ocrx_word' id='word_1_27' title='bbox 1058 798 1328 876; x_wconf 75' lang='lat' dir='ltr'><strong><em>qenerali</em></strong></span> <span class='ocrx_word' id='word_1_28' title='bbox 1371 798 1741 877; x_wconf 76' lang='lat' dir='ltr'><strong><em>professione</em></strong></span> <span class='ocrx_word' id='word_1_29' title='bbox 1780 793 1950 879; x_wconf 77' lang='lat' dir='ltr'><strong><em>fidei)</em></strong></span> <span class='ocrx_word' id='word_1_30' title='bbox 1997 797 2082 859; x_wconf 86' lang='lat' dir='ltr'><strong><em>ad</em></strong></span> <span class='ocrx_word' id='word_1_31' title='bbox 2123 800 2322 877; x_wconf 86' lang='lat' dir='ltr'><strong><em>ipsam</em></strong></span> <span class='ocrx_word' id='word_1_32' title='bbox 2354 816 2545 878; x_wconf 83' lang='lat' dir='ltr'><strong><em>poro·</em></strong></span> 
     </span>
     <span class='ocr_line' id='line_1_5' title="bbox 294 913 2543 996; baseline 0.002 -22"><span class='ocrx_word' id='word_1_33' title='bbox 294 913 550 975; x_wconf 74' lang='lat' dir='ltr'><strong><em>chialem</em></strong></span> <span class='ocrx_word' id='word_1_34' title='bbox 595 914 901 976; x_wconf 78' lang='lat' dir='ltr'><strong><em>ecclesiam</em></strong></span> <span class='ocrx_word' id='word_1_35' title='bbox 930 915 1086 977; x_wconf 84' lang='lat' dir='ltr'><strong><em>dicti</em></strong></span> <span class='ocrx_word' id='word_1_36' title='bbox 1114 915 1229 977; x_wconf 86' lang='lat' dir='ltr'><strong><em>loci</em></strong></span> <span class='ocrx_word' id='word_1_37' title='bbox 1260 918 1340 979; x_wconf 90' lang='lat' dir='ltr'><strong><em>N.</em></strong></span> <span class='ocrx_word' id='word_1_38' title='bbox 1379 916 1690 992; x_wconf 73' lang='lat' dir='ltr'><strong><em>accedant,</em></strong></span> <span class='ocrx_word' id='word_1_39' title='bbox 1748 921 1934 996; x_wconf 80' lang='lat' dir='ltr'><strong><em>teque,</em></strong></span> <span class='ocrx_word' id='word_1_40' title='bbox 1973 915 2070 981; x_wconf 77' lang='lat' dir='ltr'><strong><em>vel</em></strong></span> <span class='ocrx_word' id='word_1_41' title='bbox 2091 920 2543 995; x_wconf 82' lang='lat' dir='ltr'><strong><em>procuratorem</em></strong></span> 
     </span>
     <span class='ocr_line' id='line_1_6' title="bbox 298 1030 2546 1109; baseline 0.001 -19"><span class='ocrx_word' id='word_1_42' title='bbox 298 1035 490 1107; x_wconf 78' lang='lat' dir='ltr'><strong><em>tuum,</em></strong></span> <span class='ocrx_word' id='word_1_43' title='bbox 535 1032 602 1090; x_wconf 83' lang='lat' dir='ltr'><strong><em>in</em></strong></span> <span class='ocrx_word' id='word_1_44' title='bbox 629 1030 1021 1109; x_wconf 80' lang='lat' dir='ltr'><strong><em>corporalem,</em></strong></span> <span class='ocrx_word' id='word_1_45' title='bbox 1064 1031 1307 1105; x_wconf 84' lang='lat' dir='ltr'><strong><em>realem,</em></strong></span> <span class='ocrx_word' id='word_1_46' title='bbox 1341 1036 1401 1092; x_wconf 80' lang='lat' dir='ltr'><strong><em>et</em></strong></span> <span class='ocrx_word' id='word_1_47' title='bbox 1446 1031 1742 1093; x_wconf 73' lang='lat' dir='ltr'><strong><em>actualem</em></strong></span> <span class='ocrx_word' id='word_1_48' title='bbox 1777 1033 2204 1109; x_wconf 81' lang='lat' dir='ltr'><strong><em>possessionem</em></strong></span> <span class='ocrx_word' id='word_1_49' title='bbox 2233 1031 2546 1109; x_wconf 79' lang='lat' dir='ltr'><strong><em>proedictoe</em></strong></span> 
     </span>
     <span class='ocr_line' id='line_1_7' title="bbox 286 1144 2532 1226; baseline 0.001 -20"><span class='ocrx_word' id='word_1_50' title='bbox 286 1144 663 1226; x_wconf 77' lang='lat' dir='ltr'><strong><em>parochialis</em></strong></span> <span class='ocrx_word' id='word_1_51' title='bbox 715 1146 997 1224; x_wconf 69' lang='lat' dir='ltr'><strong><em>ecclesia,</em></strong></span> <span class='ocrx_word' id='word_1_52' title='bbox 1029 1165 1101 1208; x_wconf 90' lang='lat' dir='ltr'><strong><em>ac</em></strong></span> <span class='ocrx_word' id='word_1_53' title='bbox 1127 1150 1391 1209; x_wconf 85' lang='lat' dir='ltr'><strong><em>omnium</em></strong></span> <span class='ocrx_word' id='word_1_54' title='bbox 1422 1147 1525 1209; x_wconf 84' lang='lat' dir='ltr'><strong><em>illi</em></strong></span> <span class='ocrx_word' id='word_1_55' title='bbox 1559 1163 1934 1209; x_wconf 74' lang='lat' dir='ltr'><strong><em>annexorum</em></strong></span> <span class='ocrx_word' id='word_1_56' title='bbox 1976 1152 2035 1207; x_wconf 90' lang='lat' dir='ltr'><strong><em>et</em></strong></span> <span class='ocrx_word' id='word_1_57' title='bbox 2073 1149 2532 1226; x_wconf 77' lang='lat' dir='ltr'><strong><em>pertinentium,</em></strong></span> 
     </span>
     <span class='ocr_line' id='line_1_8' title="bbox 296 1262 2544 1342; baseline 0.002 -20"><span class='ocrx_word' id='word_1_58' title='bbox 296 1262 587 1323; x_wconf 79' lang='lat' dir='ltr'><strong><em>inducant</em></strong></span> <span class='ocrx_word' id='word_1_59' title='bbox 611 1266 973 1324; x_wconf 79' lang='lat' dir='ltr'><strong><em>auctoritate</em></strong></span> <span class='ocrx_word' id='word_1_60' title='bbox 995 1265 1247 1342; x_wconf 87' lang='lat' dir='ltr'><strong><em>Nostra,</em></strong></span> <span class='ocrx_word' id='word_1_61' title='bbox 1288 1269 1347 1325; x_wconf 78' lang='lat' dir='ltr'><strong><em>et</em></strong></span> <span class='ocrx_word' id='word_1_62' title='bbox 1372 1264 1682 1327; x_wconf 71' lang='lat' dir='ltr'><strong><em>inductum</em></strong></span> <span class='ocrx_word' id='word_1_63' title='bbox 1712 1263 2063 1342; x_wconf 71' lang='lat' dir='ltr'><strong><em>defendent,</em></strong></span> <span class='ocrx_word' id='word_1_64' title='bbox 2098 1268 2296 1327; x_wconf 78' lang='lat' dir='ltr'><strong><em>amoto</em></strong></span> <span class='ocrx_word' id='word_1_65' title='bbox 2323 1265 2544 1327; x_wconf 73' lang='lat' dir='ltr'><strong><em>exinde</em></strong></span> 
     </span>
     <span class='ocr_line' id='line_1_9' title="bbox 294 1367 2542 1459; baseline 0.004 -22"><span class='ocrx_word' id='word_1_66' title='bbox 294 1377 555 1456; x_wconf 75' lang='lat' dir='ltr'><strong><em>quolibet</em></strong></span> <span class='ocrx_word' id='word_1_67' title='bbox 599 1377 820 1439; x_wconf 86' lang='lat' dir='ltr'><strong><em>illicito</em></strong></span> <span class='ocrx_word' id='word_1_68' title='bbox 867 1378 1198 1455; x_wconf 74' lang='lat' dir='ltr'><strong><em>detentore,</em></strong></span> <span class='ocrx_word' id='word_1_69' title='bbox 1250 1397 1423 1459; x_wconf 79' lang='lat' dir='ltr'><strong><em>quem</em></strong></span> <span class='ocrx_word' id='word_1_70' title='bbox 1472 1397 1582 1440; x_wconf 85' lang='lat' dir='ltr'><strong><em>nos</em></strong></span> <span class='ocrx_word' id='word_1_71' title='bbox 1625 1377 1842 1443; x_wconf 63' lang='lat' dir='ltr'><strong><em>aarum</em></strong></span> <span class='ocrx_word' id='word_1_72' title='bbox 1890 1383 2044 1441; x_wconf 89' lang='lat' dir='ltr'><strong><em>serie</em></strong></span> <span class='ocrx_word' id='word_1_73' title='bbox 2083 1396 2443 1455; x_wconf 78' lang='lat' dir='ltr'><strong><em>amovemus,</em></strong></span> <span class='ocrx_word' id='word_1_74' title='bbox 2459 1367 2542 1445; x_wconf 77' lang='lat' dir='ltr'><strong><em>&#39;et</em></strong></span> 
     </span>
     <span class='ocr_line' id='line_1_10' title="bbox 297 1495 2542 1576; baseline 0 -18"><span class='ocrx_word' id='word_1_75' title='bbox 297 1495 721 1558; x_wconf 73' lang='lat' dir='ltr'><strong><em>denuntiamus</em></strong></span> <span class='ocrx_word' id='word_1_76' title='bbox 756 1500 1043 1572; x_wconf 77' lang='lat' dir='ltr'><strong><em>amotum,</em></strong></span> <span class='ocrx_word' id='word_1_77' title='bbox 1088 1513 1160 1556; x_wconf 92' lang='lat' dir='ltr'><strong><em>ac</em></strong></span> <span class='ocrx_word' id='word_1_78' title='bbox 1184 1496 1259 1558; x_wconf 90' lang='lat' dir='ltr'><strong><em>de</em></strong></span> <span class='ocrx_word' id='word_1_79' title='bbox 1287 1496 1610 1575; x_wconf 64' lang='lat' dir='ltr'><strong><em>fiuctibus,</em></strong></span> <span class='ocrx_word' id='word_1_80' title='bbox 1648 1496 2009 1573; x_wconf 73' lang='lat' dir='ltr'><strong><em>redditibus,</em></strong></span> <span class='ocrx_word' id='word_1_81' title='bbox 2036 1496 2445 1576; x_wconf 71' lang='lat' dir='ltr'><strong><em>proventibus,</em></strong></span> <span class='ocrx_word' id='word_1_82' title='bbox 2483 1502 2542 1558; x_wconf 81' lang='lat' dir='ltr'><strong><em>et</em></strong></span> 
     </span>
     <span class='ocr_line' id='line_1_11' title="bbox 296 1609 2532 1690; baseline 0.001 -20"><span class='ocrx_word' id='word_1_83' title='bbox 296 1609 749 1671; x_wconf 72' lang='lat' dir='ltr'><strong><em>obventionibus</em></strong></span> <span class='ocrx_word' id='word_1_84' title='bbox 792 1613 1115 1688; x_wconf 84' lang='lat' dir='ltr'><strong><em>universis,</em></strong></span> <span class='ocrx_word' id='word_1_85' title='bbox 1172 1612 1287 1673; x_wconf 91' lang='lat' dir='ltr'><strong><em>tibi</em></strong></span> <span class='ocrx_word' id='word_1_86' title='bbox 1335 1613 1570 1690; x_wconf 82' lang='lat' dir='ltr'><strong><em>saciant</em></strong></span> <span class='ocrx_word' id='word_1_87' title='bbox 1621 1611 1821 1673; x_wconf 86' lang='lat' dir='ltr'><strong><em>debito</em></strong></span> <span class='ocrx_word' id='word_1_88' title='bbox 1868 1615 2130 1690; x_wconf 88' lang='lat' dir='ltr'><strong><em>tempore</em></strong></span> <span class='ocrx_word' id='word_1_89' title='bbox 2163 1611 2532 1690; x_wconf 81' lang='lat' dir='ltr'><strong><em>responderi.</em></strong></span> 
     </span>
     <span class='ocr_line' id='line_1_12' title="bbox 302 1721 2542 1809; baseline 0.003 -22"><span class='ocrx_word' id='word_1_90' title='bbox 302 1722 388 1809; x_wconf 89' lang='lat' dir='ltr'><strong><em>(Si</em></strong></span> <span class='ocrx_word' id='word_1_91' title='bbox 422 1722 756 1806; x_wconf 77' lang='lat' dir='ltr'><strong><em>contingat</em></strong></span> <span class='ocrx_word' id='word_1_92' title='bbox 794 1742 979 1800; x_wconf 84' lang='lat' dir='ltr'><strong><em>eum,</em></strong></span> <span class='ocrx_word' id='word_1_93' title='bbox 1022 1723 1128 1788; x_wconf 84' lang='lat' dir='ltr'><strong><em>cui</em></strong></span> <span class='ocrx_word' id='word_1_94' title='bbox 1168 1722 1255 1789; x_wconf 82' lang='lat' dir='ltr'><strong><em>de</em></strong></span> <span class='ocrx_word' id='word_1_95' title='bbox 1293 1722 1616 1789; x_wconf 83' lang='lat' dir='ltr'><strong><em>beneficio</em></strong></span> <span class='ocrx_word' id='word_1_96' title='bbox 1653 1722 2060 1806; x_wconf 83' lang='lat' dir='ltr'><strong><em>providetur,</em></strong></span> <span class='ocrx_word' id='word_1_97' title='bbox 2093 1721 2271 1790; x_wconf 78' lang='lat' dir='ltr'><strong><em>aliud</em></strong></span> <span class='ocrx_word' id='word_1_98' title='bbox 2303 1723 2542 1793; x_wconf 77' lang='lat' dir='ltr'><strong><em>incom-</em></strong></span> 
     </span>
     <span class='ocr_line' id='line_1_13' title="bbox 296 1836 2539 1924; baseline 0.001 -22"><span class='ocrx_word' id='word_1_99' title='bbox 296 1837 565 1924; x_wconf 67' lang='lat' dir='ltr'><strong><em>pathile</em></strong></span> <span class='ocrx_word' id='word_1_100' title='bbox 597 1836 920 1915; x_wconf 79' lang='lat' dir='ltr'><strong><em>obtinere,</em></strong></span> <span class='ocrx_word' id='word_1_101' title='bbox 959 1845 1116 1903; x_wconf 83' lang='lat' dir='ltr'><strong><em>tunc</em></strong></span> <span class='ocrx_word' id='word_1_102' title='bbox 1154 1836 1445 1922; x_wconf 81' lang='lat' dir='ltr'><strong><em>additur)</em></strong></span> <span class='ocrx_word' id='word_1_103' title='bbox 1478 1842 1752 1903; x_wconf 82' lang='lat' dir='ltr'><strong><em>volumus</em></strong></span> <span class='ocrx_word' id='word_1_104' title='bbox 1799 1847 2024 1919; x_wconf 87' lang='lat' dir='ltr'><strong><em>autem,</em></strong></span> <span class='ocrx_word' id='word_1_105' title='bbox 2050 1859 2121 1902; x_wconf 89' lang='lat' dir='ltr'><strong><em>ac</em></strong></span> <span class='ocrx_word' id='word_1_106' title='bbox 2147 1847 2539 1922; x_wconf 85' lang='lat' dir='ltr'><strong><em>proesentium</em></strong></span> 
     </span>
     <span class='ocr_line' id='line_1_14' title="bbox 300 1955 2538 2038; baseline 0.001 -22"><span class='ocrx_word' id='word_1_107' title='bbox 300 1962 499 2017; x_wconf 83' lang='lat' dir='ltr'><strong><em>tenore</em></strong></span> <span class='ocrx_word' id='word_1_108' title='bbox 530 1957 932 2033; x_wconf 77' lang='lat' dir='ltr'><strong><em>declaramus,</em></strong></span> <span class='ocrx_word' id='word_1_109' title='bbox 964 1974 1079 2036; x_wconf 89' lang='lat' dir='ltr'><strong><em>per</em></strong></span> <span class='ocrx_word' id='word_1_110' title='bbox 1113 1956 1455 2037; x_wconf 74' lang='lat' dir='ltr'><strong><em>hujusmodi</em></strong></span> <span class='ocrx_word' id='word_1_111' title='bbox 1476 1956 1854 2038; x_wconf 80' lang='lat' dir='ltr'><strong><em>parochialis</em></strong></span> <span class='ocrx_word' id='word_1_112' title='bbox 1878 1955 2192 2038; x_wconf 78' lang='lat' dir='ltr'><strong><em>pacificam</em></strong></span> <span class='ocrx_word' id='word_1_113' title='bbox 2217 1960 2538 2038; x_wconf 83' lang='lat' dir='ltr'><strong><em>possessio-</em></strong></span> 
     </span>
     <span class='ocr_line' id='line_1_15' title="bbox 294 2071 2539 2157; baseline 0 -23"><span class='ocrx_word' id='word_1_114' title='bbox 294 2090 429 2134; x_wconf 85' lang='lat' dir='ltr'><strong><em>nem</em></strong></span> <span class='ocrx_word' id='word_1_115' title='bbox 441 2118 462 2150; x_wconf 91' lang='lat'><em>‚</em></span> <span class='ocrx_word' id='word_1_116' title='bbox 517 2073 774 2134; x_wconf 86' lang='lat' dir='ltr'><strong><em>alteram</em></strong></span> <span class='ocrx_word' id='word_1_117' title='bbox 833 2072 1239 2151; x_wconf 78' lang='lat' dir='ltr'><strong><em>parochialem</em></strong></span> <span class='ocrx_word' id='word_1_118' title='bbox 1291 2073 1600 2135; x_wconf 85' lang='lat' dir='ltr'><strong><em>ecclesiam</em></strong></span> <span class='ocrx_word' id='word_1_119' title='bbox 1652 2074 1769 2134; x_wconf 91' lang='lat' dir='ltr'><strong><em>loci</em></strong></span> <span class='ocrx_word' id='word_1_120' title='bbox 1828 2076 1907 2138; x_wconf 84' lang='lat' dir='ltr'><strong><em>N.</em></strong></span> <span class='ocrx_word' id='word_1_121' title='bbox 1969 2071 2101 2157; x_wconf 86' lang='lat' dir='ltr'><strong><em>(vel</em></strong></span> <span class='ocrx_word' id='word_1_122' title='bbox 2158 2073 2539 2152; x_wconf 85' lang='lat' dir='ltr'><strong><em>proebendam</em></strong></span> 
     </span>
     <span class='ocr_line' id='line_1_16' title="bbox 293 2185 2526 2270; baseline 0.001 -21"><span class='ocrx_word' id='word_1_123' title='bbox 293 2185 717 2269; x_wconf 78' lang='lat' dir='ltr'><strong><em>canonicalem)</em></strong></span> <span class='ocrx_word' id='word_1_124' title='bbox 756 2207 936 2269; x_wconf 79' lang='lat' dir='ltr'><strong><em>quam</em></strong></span> <span class='ocrx_word' id='word_1_125' title='bbox 977 2189 1237 2267; x_wconf 87' lang='lat' dir='ltr'><strong><em>obtines,</em></strong></span> <span class='ocrx_word' id='word_1_126' title='bbox 1282 2207 1349 2251; x_wconf 91' lang='lat' dir='ltr'><strong><em>eo</em></strong></span> <span class='ocrx_word' id='word_1_127' title='bbox 1387 2193 1515 2269; x_wconf 86' lang='lat' dir='ltr'><strong><em>ipso</em></strong></span> <span class='ocrx_word' id='word_1_128' title='bbox 1558 2208 1796 2253; x_wconf 84' lang='lat' dir='ltr'><strong><em>vacare.</em></strong></span> <span class='ocrx_word' id='word_1_129' title='bbox 1843 2224 1924 2235; x_wconf 95' lang='lat'><strong>—</strong></span> <span class='ocrx_word' id='word_1_130' title='bbox 1959 2191 2037 2252; x_wconf 87' lang='lat' dir='ltr'><strong><em>In</em></strong></span> <span class='ocrx_word' id='word_1_131' title='bbox 2082 2207 2368 2270; x_wconf 77' lang='lat' dir='ltr'><strong><em>quorum,</em></strong></span> <span class='ocrx_word' id='word_1_132' title='bbox 2411 2195 2526 2253; x_wconf 91' lang='lat' dir='ltr'><strong><em>etc.</em></strong></span> 
     </span>
     <span class='ocr_line' id='line_1_17' title="bbox 294 2304 2538 2388; baseline -0.001 -20"><span class='ocrx_word' id='word_1_133' title='bbox 294 2338 382 2350; x_wconf 89' lang='lat'>—</span> <span class='ocrx_word' id='word_1_134' title='bbox 416 2308 495 2368; x_wconf 93' lang='lat' dir='ltr'><strong><em>N.</em></strong></span> <span class='ocrx_word' id='word_1_135' title='bbox 503 2352 527 2384; x_wconf 91' lang='lat'><strong><em>,</em></strong></span> <span class='ocrx_word' id='word_1_136' title='bbox 569 2307 896 2386; x_wconf 81' lang='lat' dir='ltr'><strong><em>Episcopus</em></strong></span> <span class='ocrx_word' id='word_1_137' title='bbox 926 2308 1005 2369; x_wconf 87' lang='grc' dir='ltr'><strong><em>Ν.</em></strong></span> <span class='ocrx_word' id='word_1_138' title='bbox 1042 2339 1131 2352; x_wconf 92' lang='grc'>-</span> <span class='ocrx_word' id='word_1_139' title='bbox 1161 2307 1241 2368; x_wconf 88' lang='lat' dir='ltr'><strong><em>N.</em></strong></span> <span class='ocrx_word' id='word_1_140' title='bbox 1254 2352 1273 2383; x_wconf 92' lang='lat'><strong><em>,</em></strong></span> <span class='ocrx_word' id='word_1_141' title='bbox 1309 2307 1706 2368; x_wconf 81' lang='lat' dir='ltr'><strong><em>cancellarius</em></strong></span> <span class='ocrx_word' id='word_1_142' title='bbox 1744 2306 2125 2388; x_wconf 83' lang='lat' dir='ltr'><strong><em>episcopalis.</em></strong></span> <span class='ocrx_word' id='word_1_143' title='bbox 2170 2339 2252 2351; x_wconf 88' lang='lat'>—</span> <span class='ocrx_word' id='word_1_144' title='bbox 2289 2304 2370 2367; x_wconf 89' lang='lat' dir='ltr'><strong><em>Et</em></strong></span> <span class='ocrx_word' id='word_1_145' title='bbox 2422 2321 2538 2386; x_wconf 90' lang='lat' dir='ltr'><strong><em>po-</em></strong></span> 
     </span>
     <span class='ocr_line' id='line_1_18' title="bbox 293 2419 1368 2506; baseline -0.002 -21"><span class='ocrx_word' id='word_1_146' title='bbox 293 2428 491 2486; x_wconf 68' lang='lat' dir='ltr'><strong><em>natur</em></strong></span> <span class='ocrx_word' id='word_1_147' title='bbox 534 2420 819 2506; x_wconf 80' lang='lat' dir='ltr'><strong><em>sigillum</em></strong></span> <span class='ocrx_word' id='word_1_148' title='bbox 852 2426 1166 2488; x_wconf 79' lang='lat' dir='ltr'><strong><em>consueto</em></strong></span> <span class='ocrx_word' id='word_1_149' title='bbox 1202 2419 1368 2488; x_wconf 87' lang='lat' dir='ltr'><strong><em>loco.</em></strong></span> 
     </span>
    </p>
   </div>
   <div class='ocr_carea' id='block_1_3' title="bbox 1321 2698 1492 2762">
    <p class='ocr_par' dir='ltr' id='par_1_3' title="bbox 1321 2698 1492 2762">
     <span class='ocr_line' id='line_1_19' title="bbox 1321 2698 1492 2762; baseline 0.006 -1"><span class='ocrx_word' id='word_1_150' title='bbox 1321 2698 1492 2762; x_wconf 82' lang='lat' dir='ltr'><strong>XIII.</strong></span> 
     </span>
    </p>
   </div>
   <div class='ocr_carea' id='block_1_4' title="bbox 552 2963 2277 3016">
    <p class='ocr_par' dir='ltr' id='par_1_4' title="bbox 552 2963 2277 3016">
     <span class='ocr_line' id='line_1_20' title="bbox 552 2963 2277 3016; baseline -0.003 0"><span class='ocrx_word' id='word_1_151' title='bbox 552 2965 862 3016; x_wconf 68' lang='lat' dir='ltr'><strong><em>romum</em></strong></span> <span class='ocrx_word' id='word_1_152' title='bbox 908 2963 1402 3014; x_wconf 67' lang='lat' dir='ltr'><strong><em>naslemnoms</em></strong></span> <span class='ocrx_word' id='word_1_153' title='bbox 1454 2964 1775 3014; x_wconf 68' lang='lat' dir='ltr'><strong><em>EchEsm</em></strong></span> <span class='ocrx_word' id='word_1_154' title='bbox 1821 2963 2277 3014; x_wconf 74' lang='lat' dir='ltr'><strong><em>PAROGfflAus.</em></strong></span> 
     </span>
    </p>
   </div>
   <div class='ocr_carea' id='block_1_5' title="bbox 286 3228 2535 4590">
    <p class='ocr_par' dir='ltr' id='par_1_5' title="bbox 286 3228 2535 4590">
     <span class='ocr_line' id='line_1_21' title="bbox 382 3228 2535 3311; baseline 0 -17"><span class='ocrx_word' id='word_1_155' title='bbox 382 3234 461 3294; x_wconf 86' lang='lat' dir='ltr'><strong><em>In</em></strong></span> <span class='ocrx_word' id='word_1_156' title='bbox 479 3233 653 3292; x_wconf 82' lang='lat' dir='ltr'><strong><em>curia</em></strong></span> <span class='ocrx_word' id='word_1_157' title='bbox 682 3231 1006 3311; x_wconf 79' lang='lat' dir='ltr'><strong><em>episcopali</em></strong></span> <span class='ocrx_word' id='word_1_158' title='bbox 1022 3233 1101 3294; x_wconf 87' lang='grc' dir='ltr'><strong><em>Ν.</em></strong></span> <span class='ocrx_word' id='word_1_159' title='bbox 1120 3233 1458 3311; x_wconf 80' lang='lat' dir='ltr'><strong><em>comparuit</em></strong></span> <span class='ocrx_word' id='word_1_160' title='bbox 1488 3228 2013 3309; x_wconf 58' lang='lat' dir='ltr'><strong><em>permitiali„</em></strong></span> <span class='ocrx_word' id='word_1_161' title='bbox 2037 3234 2097 3292; x_wconf 81' lang='lat' dir='ltr'><strong><em>et</em></strong></span> <span class='ocrx_word' id='word_1_162' title='bbox 2120 3230 2400 3308; x_wconf 52' lang='lat' dir='ltr'><strong><em>diuinae</em></strong></span> <span class='ocrx_word' id='word_1_163' title='bbox 2430 3250 2535 3294; x_wconf 69' lang='lat' dir='ltr'><strong><em>ex·</em></strong></span> 
     </span>
     <span class='ocr_line' id='line_1_22' title="bbox 286 3345 2534 3429; baseline 0 -20"><span class='ocrx_word' id='word_1_164' title='bbox 286 3350 495 3429; x_wconf 80' lang='lat' dir='ltr'><strong><em>posuit</em></strong></span> <span class='ocrx_word' id='word_1_165' title='bbox 519 3364 583 3408; x_wconf 85' lang='lat' dir='ltr'><strong><em>se</em></strong></span> <span class='ocrx_word' id='word_1_166' title='bbox 609 3363 732 3407; x_wconf 82' lang='lat' dir='ltr'><strong><em>esse</em></strong></span> <span class='ocrx_word' id='word_1_167' title='bbox 749 3348 915 3407; x_wconf 88' lang='lat' dir='ltr'><strong><em>senio</em></strong></span> <span class='ocrx_word' id='word_1_168' title='bbox 945 3346 1298 3424; x_wconf 84' lang='lat' dir='ltr'><strong><em>confectum,</em></strong></span> <span class='ocrx_word' id='word_1_169' title='bbox 1334 3350 1393 3406; x_wconf 90' lang='lat' dir='ltr'><strong><em>et</em></strong></span> <span class='ocrx_word' id='word_1_170' title='bbox 1419 3345 1539 3407; x_wconf 86' lang='lat' dir='ltr'><strong><em>sibi</em></strong></span> <span class='ocrx_word' id='word_1_171' title='bbox 1579 3347 1766 3407; x_wconf 86' lang='lat' dir='ltr'><strong><em>etiam</em></strong></span> <span class='ocrx_word' id='word_1_172' title='bbox 1791 3361 1871 3406; x_wconf 78' lang='lat' dir='ltr'><strong><em>ex</em></strong></span> <span class='ocrx_word' id='word_1_173' title='bbox 1900 3345 2046 3407; x_wconf 81' lang='lat' dir='ltr'><strong><em>aliis</em></strong></span> <span class='ocrx_word' id='word_1_174' title='bbox 2073 3345 2534 3410; x_wconf 73' lang='lat' dir='ltr'><strong><em>rationabilibus</em></strong></span> 
     </span>
     <span class='ocr_line' id='line_1_23' title="bbox 292 3461 2532 3540; baseline 0.002 -16"><span class='ocrx_word' id='word_1_175' title='bbox 292 3467 494 3524; x_wconf 84' lang='lat' dir='ltr'><strong><em>causis</em></strong></span> <span class='ocrx_word' id='word_1_176' title='bbox 513 3462 773 3524; x_wconf 78' lang='lat' dir='ltr'><strong><em>arduum</em></strong></span> <span class='ocrx_word' id='word_1_177' title='bbox 804 3479 927 3523; x_wconf 81' lang='lat' dir='ltr'><strong><em>esse</em></strong></span> <span class='ocrx_word' id='word_1_178' title='bbox 947 3479 1108 3523; x_wconf 85' lang='lat' dir='ltr'><strong><em>curoe</em></strong></span> <span class='ocrx_word' id='word_1_179' title='bbox 1135 3465 1479 3524; x_wconf 77' lang='lat' dir='ltr'><strong><em>animarum</em></strong></span> <span class='ocrx_word' id='word_1_180' title='bbox 1510 3463 1718 3524; x_wconf 81' lang='lat' dir='ltr'><strong><em>sedulo</em></strong></span> <span class='ocrx_word' id='word_1_181' title='bbox 1747 3462 2102 3540; x_wconf 77' lang='lat' dir='ltr'><strong><em>incumbere,</em></strong></span> <span class='ocrx_word' id='word_1_182' title='bbox 2131 3467 2191 3523; x_wconf 90' lang='lat' dir='ltr'><strong><em>et</em></strong></span> <span class='ocrx_word' id='word_1_183' title='bbox 2215 3461 2287 3524; x_wconf 85' lang='lat' dir='ltr'><strong><em>ob</em></strong></span> <span class='ocrx_word' id='word_1_184' title='bbox 2303 3462 2532 3528; x_wconf 79' lang='lat' dir='ltr'><strong><em>dictam</em></strong></span> 
     </span>
     <span class='ocr_line' id='line_1_24' title="bbox 293 3578 2531 3658; baseline 0 -17"><span class='ocrx_word' id='word_1_185' title='bbox 293 3597 469 3641; x_wconf 81' lang='lat' dir='ltr'><strong><em>suam</em></strong></span> <span class='ocrx_word' id='word_1_186' title='bbox 499 3584 735 3640; x_wconf 86' lang='lat' dir='ltr'><strong><em>oetatem</em></strong></span> <span class='ocrx_word' id='word_1_187' title='bbox 764 3595 857 3656; x_wconf 89' lang='lat' dir='ltr'><strong><em>ea,</em></strong></span> <span class='ocrx_word' id='word_1_188' title='bbox 888 3579 973 3639; x_wconf 85' lang='lat' dir='ltr'><strong><em>ad</em></strong></span> <span class='ocrx_word' id='word_1_189' title='bbox 1006 3595 1138 3658; x_wconf 66' lang='lat' dir='ltr'><strong><em>quai</em></strong></span> <span class='ocrx_word' id='word_1_190' title='bbox 1167 3584 1424 3655; x_wconf 81' lang='lat' dir='ltr'><strong><em>tenetur,</em></strong></span> <span class='ocrx_word' id='word_1_191' title='bbox 1462 3578 1790 3657; x_wconf 76' lang='lat' dir='ltr'><strong><em>diliqenter</em></strong></span> <span class='ocrx_word' id='word_1_192' title='bbox 1824 3578 2153 3658; x_wconf 64' lang='lat' dir='ltr'><strong><em>adimploee</em></strong></span> <span class='ocrx_word' id='word_1_193' title='bbox 2180 3595 2304 3640; x_wconf 83' lang='lat' dir='ltr'><strong><em>non</em></strong></span> <span class='ocrx_word' id='word_1_194' title='bbox 2329 3594 2531 3656; x_wconf 78' lang='lat' dir='ltr'><strong><em>posse,-</em></strong></span> 
     </span>
     <span class='ocr_line' id='line_1_25' title="bbox 295 3694 2531 3776; baseline 0.003 -18"><span class='ocrx_word' id='word_1_195' title='bbox 295 3697 541 3776; x_wconf 78' lang='lat' dir='ltr'><strong><em>ideoque</em></strong></span> <span class='ocrx_word' id='word_1_196' title='bbox 585 3696 791 3771; x_wconf 86' lang='lat' dir='ltr'><strong><em>libere,</em></strong></span> <span class='ocrx_word' id='word_1_197' title='bbox 838 3712 910 3756; x_wconf 90' lang='lat' dir='ltr'><strong><em>ac</em></strong></span> <span class='ocrx_word' id='word_1_198' title='bbox 958 3700 1187 3775; x_wconf 79' lang='lat' dir='ltr'><strong><em>sponte,</em></strong></span> <span class='ocrx_word' id='word_1_199' title='bbox 1226 3713 1298 3756; x_wconf 90' lang='lat' dir='ltr'><strong><em>ac</em></strong></span> <span class='ocrx_word' id='word_1_200' title='bbox 1344 3698 1530 3773; x_wconf 77' lang='lat' dir='ltr'><strong><em>omni,</em></strong></span> <span class='ocrx_word' id='word_1_201' title='bbox 1586 3700 1730 3773; x_wconf 70' lang='lat' dir='ltr'><strong><em>etc„</em></strong></span> <span class='ocrx_word' id='word_1_202' title='bbox 1767 3694 2175 3776; x_wconf 77' lang='lat' dir='ltr'><strong><em>parochialem</em></strong></span> <span class='ocrx_word' id='word_1_203' title='bbox 2226 3695 2531 3764; x_wconf 75' lang='lat' dir='ltr'><strong><em>ecclesiam</em></strong></span> 
     </span>
     <span class='ocr_line' id='line_1_26' title="bbox 296 3811 2524 3892; baseline -0.001 -15"><span class='ocrx_word' id='word_1_204' title='bbox 296 3815 380 3877; x_wconf 88' lang='lat' dir='ltr'><strong><em>N.</em></strong></span> <span class='ocrx_word' id='word_1_205' title='bbox 428 3813 544 3873; x_wconf 90' lang='lat' dir='ltr'><strong><em>loci</em></strong></span> <span class='ocrx_word' id='word_1_206' title='bbox 595 3813 674 3873; x_wconf 90' lang='lat' dir='ltr'><strong><em>N.</em></strong></span> <span class='ocrx_word' id='word_1_207' title='bbox 735 3828 869 3872; x_wconf 87' lang='lat' dir='ltr'><strong><em>cum</em></strong></span> <span class='ocrx_word' id='word_1_208' title='bbox 912 3811 1185 3874; x_wconf 84' lang='lat' dir='ltr'><strong><em>omnibus</em></strong></span> <span class='ocrx_word' id='word_1_209' title='bbox 1231 3816 1291 3871; x_wconf 87' lang='lat' dir='ltr'><strong><em>et</em></strong></span> <span class='ocrx_word' id='word_1_210' title='bbox 1333 3811 1595 3891; x_wconf 75' lang='lat' dir='ltr'><strong><em>sinyulis</em></strong></span> <span class='ocrx_word' id='word_1_211' title='bbox 1644 3814 1771 3871; x_wconf 80' lang='lat' dir='ltr'><strong><em>suis</em></strong></span> <span class='ocrx_word' id='word_1_212' title='bbox 1809 3811 2081 3892; x_wconf 80' lang='lat' dir='ltr'><strong><em>juribus,</em></strong></span> <span class='ocrx_word' id='word_1_213' title='bbox 2108 3814 2524 3890; x_wconf 73' lang='lat' dir='ltr'><strong><em>pertinentiis,</em></strong></span> 
     </span>
     <span class='ocr_line' id='line_1_27' title="bbox 296 3927 2533 4007; baseline -0.003 -14"><span class='ocrx_word' id='word_1_214' title='bbox 296 3929 619 3993; x_wconf 75' lang='lat' dir='ltr'><strong><em>honoribus</em></strong></span> <span class='ocrx_word' id='word_1_215' title='bbox 646 3932 707 3989; x_wconf 90' lang='lat' dir='ltr'><strong><em>et</em></strong></span> <span class='ocrx_word' id='word_1_216' title='bbox 734 3927 1011 3990; x_wconf 86' lang='lat' dir='ltr'><strong><em>oneribus</em></strong></span> <span class='ocrx_word' id='word_1_217' title='bbox 1045 3932 1344 3989; x_wconf 80' lang='lat' dir='ltr'><strong><em>universis</em></strong></span> <span class='ocrx_word' id='word_1_218' title='bbox 1375 3930 1732 4007; x_wconf 77' lang='lat' dir='ltr'><strong><em>resiqnavit,</em></strong></span> <span class='ocrx_word' id='word_1_219' title='bbox 1767 3932 1827 3988; x_wconf 90' lang='lat' dir='ltr'><strong><em>et</em></strong></span> <span class='ocrx_word' id='word_1_220' title='bbox 1850 3929 2246 4003; x_wconf 78' lang='lat' dir='ltr'><strong><em>renuntiavit,</em></strong></span> <span class='ocrx_word' id='word_1_221' title='bbox 2290 3942 2533 4006; x_wconf 66' lang='lat' dir='ltr'><strong><em>expres-</em></strong></span> 
     </span>
     <span class='ocr_line' id='line_1_28' title="bbox 295 4043 2534 4126; baseline -0.001 -20"><span class='ocrx_word' id='word_1_222' title='bbox 295 4063 470 4126; x_wconf 79' lang='lat' dir='ltr'><strong><em>seque</em></strong></span> <span class='ocrx_word' id='word_1_223' title='bbox 506 4047 819 4106; x_wconf 81' lang='lat' dir='ltr'><strong><em>renuntiat</em></strong></span> <span class='ocrx_word' id='word_1_224' title='bbox 854 4049 1035 4123; x_wconf 76' lang='lat' dir='ltr'><strong><em>atque</em></strong></span> <span class='ocrx_word' id='word_1_225' title='bbox 1070 4046 1339 4124; x_wconf 66' lang='lat' dir='ltr'><strong><em>resiqnat</em></strong></span> <span class='ocrx_word' id='word_1_226' title='bbox 1387 4047 1455 4105; x_wconf 88' lang='lat' dir='ltr'><strong><em>in</em></strong></span> <span class='ocrx_word' id='word_1_227' title='bbox 1490 4044 1766 4106; x_wconf 80' lang='lat' dir='ltr'><strong><em>manibus</em></strong></span> <span class='ocrx_word' id='word_1_228' title='bbox 1809 4043 2242 4117; x_wconf 80' lang='lat' dir='ltr'><strong><em>illustrissimi,</em></strong></span> <span class='ocrx_word' id='word_1_229' title='bbox 2279 4045 2338 4103; x_wconf 91' lang='lat' dir='ltr'><strong><em>et</em></strong></span> <span class='ocrx_word' id='word_1_230' title='bbox 2374 4058 2534 4104; x_wconf 77' lang='lat' dir='ltr'><strong><em>reve·</em></strong></span> 
     </span>
     <span class='ocr_line' id='line_1_29' title="bbox 297 4156 2534 4239; baseline -0.002 -18"><span class='ocrx_word' id='word_1_231' title='bbox 297 4161 647 4223; x_wconf 82' lang='lat' dir='ltr'><strong><em>rendissimi</em></strong></span> <span class='ocrx_word' id='word_1_232' title='bbox 690 4161 769 4223; x_wconf 92' lang='lat' dir='ltr'><strong><em>D.</em></strong></span> <span class='ocrx_word' id='word_1_233' title='bbox 808 4160 888 4221; x_wconf 90' lang='lat' dir='ltr'><strong><em>N.</em></strong></span> <span class='ocrx_word' id='word_1_234' title='bbox 940 4160 1221 4239; x_wconf 85' lang='lat' dir='ltr'><strong><em>Episcopi</em></strong></span> <span class='ocrx_word' id='word_1_235' title='bbox 1267 4177 1289 4219; x_wconf 89' lang='lat'><em>:</em></span> <span class='ocrx_word' id='word_1_236' title='bbox 1338 4163 1399 4220; x_wconf 87' lang='lat' dir='ltr'><strong><em>et</em></strong></span> <span class='ocrx_word' id='word_1_237' title='bbox 1421 4163 1567 4238; x_wconf 71' lang='lat' dir='ltr'><strong><em>quia</em></strong></span> <span class='ocrx_word' id='word_1_238' title='bbox 1613 4158 1863 4220; x_wconf 83' lang='lat' dir='ltr'><strong><em>aliunde</em></strong></span> <span class='ocrx_word' id='word_1_239' title='bbox 1891 4157 2087 4233; x_wconf 75' lang='lat' dir='ltr'><strong><em>habet,</em></strong></span> <span class='ocrx_word' id='word_1_240' title='bbox 2139 4156 2300 4220; x_wconf 78' lang='lat' dir='ltr'><strong><em>unde</em></strong></span> <span class='ocrx_word' id='word_1_241' title='bbox 2333 4159 2534 4218; x_wconf 84' lang='lat' dir='ltr'><strong><em>vivere</em></strong></span> 
     </span>
     <span class='ocr_line' id='line_1_30' title="bbox 288 4272 2532 4359; baseline -0 -22"><span class='ocrx_word' id='word_1_242' title='bbox 288 4280 485 4359; x_wconf 80' lang='lat' dir='ltr'><strong><em>possit</em></strong></span> <span class='ocrx_word' id='word_1_243' title='bbox 537 4281 595 4337; x_wconf 87' lang='lat' dir='ltr'><strong><em>et</em></strong></span> <span class='ocrx_word' id='word_1_244' title='bbox 639 4276 937 4339; x_wconf 88' lang='lat' dir='ltr'><strong><em>commode</em></strong></span> <span class='ocrx_word' id='word_1_245' title='bbox 976 4278 1329 4351; x_wconf 80' lang='lat' dir='ltr'><strong><em>sustentari,</em></strong></span> <span class='ocrx_word' id='word_1_246' title='bbox 1356 4279 1516 4356; x_wconf 86' lang='lat' dir='ltr'><strong><em>petit</em></strong></span> <span class='ocrx_word' id='word_1_247' title='bbox 1554 4278 2014 4355; x_wconf 75' lang='lat' dir='ltr'><strong><em>resiynationem</em></strong></span> <span class='ocrx_word' id='word_1_248' title='bbox 2060 4272 2214 4334; x_wconf 76' lang='lat' dir='ltr'><strong><em>lianc</em></strong></span> <span class='ocrx_word' id='word_1_249' title='bbox 2249 4276 2436 4352; x_wconf 77' lang='lat' dir='ltr'><strong><em>recipi</em></strong></span> <span class='ocrx_word' id='word_1_250' title='bbox 2474 4277 2532 4336; x_wconf 83' lang='lat' dir='ltr'><strong><em>et</em></strong></span> 
     </span>
     <span class='ocr_line' id='line_1_31' title="bbox 294 4392 2531 4473; baseline -0.003 -17"><span class='ocrx_word' id='word_1_251' title='bbox 294 4394 573 4469; x_wconf 88' lang='lat' dir='ltr'><strong><em>admitti,</em></strong></span> <span class='ocrx_word' id='word_1_252' title='bbox 606 4411 878 4455; x_wconf 86' lang='lat' dir='ltr'><strong><em>asserens</em></strong></span> <span class='ocrx_word' id='word_1_253' title='bbox 907 4395 975 4454; x_wconf 90' lang='lat' dir='ltr'><strong><em>in</em></strong></span> <span class='ocrx_word' id='word_1_254' title='bbox 991 4394 1284 4473; x_wconf 84' lang='lat' dir='ltr'><strong><em>proesenti</em></strong></span> <span class='ocrx_word' id='word_1_255' title='bbox 1310 4394 1714 4471; x_wconf 74' lang='lat' dir='ltr'><strong><em>resiqnatione</em></strong></span> <span class='ocrx_word' id='word_1_256' title='bbox 1742 4409 1862 4452; x_wconf 87' lang='lat' dir='ltr'><strong><em>non</em></strong></span> <span class='ocrx_word' id='word_1_257' title='bbox 1892 4392 2304 4467; x_wconf 83' lang='lat' dir='ltr'><strong><em>intervenisse,</em></strong></span> <span class='ocrx_word' id='word_1_258' title='bbox 2345 4406 2531 4468; x_wconf 82' lang='lat' dir='ltr'><strong><em>neque</em></strong></span> 
     </span>
     <span class='ocr_line' id='line_1_32' title="bbox 299 4507 2254 4590; baseline -0.002 -19"><span class='ocrx_word' id='word_1_259' title='bbox 299 4513 686 4586; x_wconf 85' lang='lat' dir='ltr'><strong><em>intervenire,</em></strong></span> <span class='ocrx_word' id='word_1_260' title='bbox 723 4510 988 4590; x_wconf 77' lang='lat' dir='ltr'><strong><em>aliquam</em></strong></span> <span class='ocrx_word' id='word_1_261' title='bbox 1016 4510 1315 4588; x_wconf 80' lang='lat' dir='ltr'><strong><em>fraudem,</em></strong></span> <span class='ocrx_word' id='word_1_262' title='bbox 1348 4510 1577 4586; x_wconf 83' lang='lat' dir='ltr'><strong><em>dolum,</em></strong></span> <span class='ocrx_word' id='word_1_263' title='bbox 1610 4527 1715 4571; x_wconf 88' lang='lat' dir='ltr'><strong><em>nec</em></strong></span> <span class='ocrx_word' id='word_1_264' title='bbox 1746 4509 2016 4570; x_wconf 83' lang='lat' dir='ltr'><strong><em>simoniae</em></strong></span> <span class='ocrx_word' id='word_1_265' title='bbox 2043 4507 2254 4568; x_wconf 86' lang='lat' dir='ltr'><strong><em>labem.</em></strong></span> 
     </span>
    </p>
   </div>
  </div>
 </body>
</html>
