3146 4973
1174 368 1332 416 mus
1381 367 1669 429 omnm.
2418 355 2541 424 507

314 517 351 556 ει
386 494 553 559 rium
610 513 650 558 a
698 491 981 577 parocho
1009 541 1024 571 ,
1067 494 1131 558 in
1176 491 1366 578 cujus
1408 493 1746 559 territorio
1783 499 1940 558 sunt
1980 494 2118 560 sitae
2187 492 2380 562 dictae
2441 516 2550 562 ec-

311 631 347 670 σ
389 607 596 674 clesioe
627 607 662 673 ’ἶ

402 746 435 784 α
470 726 585 788 250
636 721 733 787 An
779 720 1162 788 earumdem
1208 723 1632 789 ecclesiarum
1678 730 1748 789 et
1795 721 2407 790 confraternitatum
2450 744 2549 792 re·

312 862 345 900 α
378 845 621 916 omres,
665 844 734 902 et
764 837 1181 920 cappellanos
1236 839 1436 920 possit
1461 839 1807 922 parochus,
1844 846 2137 904 cessante
2169 839 2436 923 speciali
2471 861 2546 907 ac
2645 859 2650 864 ·

311 977 345 1015 α
384 954 676 1038 legitimo
704 952 921 1029 titulo,
950 959 1022 1017 et
1063 971 1147 1018 ex
1194 953 1330 1019 solo
1376 953 1525 1039 J'ure
1578 953 2106 1037 parochialitatis,
2147 956 2545 1038 compellere

312 1093 343 1130 α
380 1070 617 1134 invitos
642 1067 729 1134 ad
759 1066 1191 1133 assistendum
1235 1069 1677 1134 functionibus
1723 1069 2009 1136 ecclesiae
2047 1070 2481 1153 parochialis?

400 1207 432 1244 α
481 1187 595 1250 260
642 1183 740 1249 An
793 1185 862 1248 in
918 1182 1288 1267 saepedictis
1334 1184 1620 1252 ecclesiis
1675 1184 2284 1252 confraternitatum
2331 1202 2544 1271 neque

311 1322 346 1360 α
378 1297 854 1382 parochialibus
917 1316 1129 1382 neque
1179 1298 1612 1382 regularibuS‚
1665 1299 1934 1364 retineri
1979 1298 2182 1382 possit
2236 1299 2548 1365 sanctissi-

310 1439 344 1477 «
380 1433 555 1480 mum
600 1414 1019 1480 Eucharistiae
1066 1423 1544 1481 sacramentum
1584 1416 1722 1482 sine
1765 1413 2030 1500 speciali
2070 1414 2328 1481 indulto
2363 1413 2547 1481 Sedis

315 1555 346 1592 (ι
382 1530 767 1615 Apostolicae
794 1531 829 1595 ’ἶ
1900 1593 1919 1612 ,

397 1669 430 1708 α
466 1649 579 1713 270
608 1647 1086 1729 Praesupposita
1122 1645 1435 1712 facultate
1466 1644 1820 1724 retinendi,
1862 1665 1944 1712 an
1985 1645 2187 1729 possit
2231 1643 2403 1710 infra
2441 1663 2547 1710 an-

316 1785 349 1822 «
389 1780 544 1826 num
576 1761 836 1845 publice
866 1761 1126 1846 exponi,
1152 1761 1289 1826 sine
1321 1759 1588 1827 licentia
1614 1759 1940 1828 ordinarii
1963 1761 1999 1825 ’ἲ

401 1901 434 1938 «
477 1879 588 1943 280
637 1878 734 1942 An
788 1877 989 1960 possit
1030 1873 1353 1959 parochus
1395 1894 1466 1940 se
1518 1877 1820 1959 ingerere
1871 1875 1939 1939 in
1984 1873 2545 1940 administratione

318 2017 349 2054 ι
380 1991 805 2068 oblationum,
849 1992 1415 2075 eleemosynarum
1462 1990 1527 2055 in
1575 1988 1945 2075 saepedictis
1998 1989 2289 2055 ecclesiis
2339 1990 2547 2055 recol-

312 2130 346 2168 «
389 2106 732 2182 lectarum,
768 2106 876 2171 vel
903 2105 1179 2190 capsulae
1209 2123 1329 2188 pro
1359 2105 1485 2171 illis
1520 2102 1914 2190 recipiendis
1950 2103 2256 2188 expositae
2297 2103 2545 2171 clavem

324 2245 354 2282 r<
389 2223 677 2289 retinere
701 2223 737 2287 ⁴?

398 2361 433 2400 α
464 2340 583 2405 290
609 2337 705 2403 An
752 2338 818 2403 in
863 2338 1142 2405 ecclesia
1187 2336 1537 2422 parochiali
1579 2336 1968 2415 confratres,
2006 2338 2116 2403 vel
2138 2353 2367 2403 eorum
2396 2354 2549 2421 cap-

314 2477 349 2515 «
384 2453 624 2540 pellani
674 2454 1041 2521 immiscere
1087 2472 1159 2520 se
1195 2453 1477 2532 valeant,
1521 2454 1728 2519 invito
1776 2451 2083 2539 parocho,
2139 2452 2210 2517 in
2250 2449 2546 2538 ejusdem

316 2598 342 2629 α
373 2572 664 2638 ecclesiae
701 2570 1164 2650 functionibus,
1186 2571 1321 2637 sive
1352 2569 1852 2655 parochialibus,
1885 2571 2021 2636 sive
2056 2587 2188 2636 non
2211 2568 2546 2654 parochia-

315 2710 350 2748 α
382 2687 555 2754 libus
585 2687 621 2753 ⁴?

407 2825 440 2863 α
481 2805 599 2869 300
627 2802 726 2868 An
762 2801 1360 2880 confraternitates
1398 2803 1537 2869 sive
1587 2804 1716 2869 sint
1768 2808 2003 2871 erectoe
2041 2803 2110 2868 in
2134 2802 2410 2870 ecclesia
2441 2822 2548 2888 pa-

316 2940 349 2977 «
387 2917 671 2997 rochiali,
723 2920 860 2984 sive
907 2923 1095 2983 extra
1127 2917 1322 2995 illam,
1362 2919 1610 3001 possint
1632 2938 1753 3002 pro
1783 2918 1998 2997 libitu,
2035 2926 2108 2984 et
2134 2917 2321 3004 juxta
2358 2921 2548 2985 unius

316 3056 352 3095 «
393 3031 706 3117 cujusque
736 3033 1090 3117 peculiaria
1116 3037 1362 3098 statuta
1392 3032 1933 3116 congregationes
1957 3051 2106 3099 suas
2130 3032 2373 3111 facere,
2402 3032 2547 3099 abs-

318 3173 349 3208 «
393 3167 522 3233 que
556 3147 932 3214 interventu
968 3146 1073 3212 vel
1103 3146 1367 3213 licentia
1400 3146 1726 3230 parochi?

409 3288 436 3319 α
484 3265 599 3327 31⁰
625 3262 719 3327 An
757 3263 1002 3345 possint
1030 3261 1298 3345 propria
1319 3260 1490 3328 bona
1516 3259 1997 3337 administrare,
2028 3279 2107 3326 ac
2143 3259 2229 3326 de
2275 3260 2403 3326 illis
2424 3258 2546 3326 dis-

316 3402 348 3436 «
396 3394 662 3461 ponere,
709 3375 952 3460 absque
982 3377 1115 3441 ulla
1143 3375 1588 3460 dependent-ia
1619 3394 1658 3439 a
1692 3374 1975 3458 parocho
1997 3376 2032 3441 ‘2

405 3516 439 3552 α
472 3494 586 3558 320
609 3491 885 3573 Quando
914 3493 1237 3575 parochus
1261 3490 1503 3557 eisdem
1538 3490 2147 3576 congregationibus
2175 3491 2434 3557 intersit
2461 3489 2547 3556 de

314 3635 347 3663 «ι
386 3605 691 3673 mandato
741 3606 1092 3683 ordinarii,
1129 3614 1200 3672 et
1251 3613 1560 3691 tanquam
1614 3605 1757 3692 ejus
1798 3605 2137 3691 delegatus
2158 3655 2175 3685 ,
2211 3626 2294 3672 an
2347 3606 2550 3689 possit

316 3748 344 3782 α
378 3722 753 3806 suffragium
794 3721 1151 3789 decisivum
1191 3722 1412 3787 ferre?
1449 3724 1533 3788 Et
1572 3728 1894 3806 quatenus
1922 3720 2331 3788 affirmative.

398 3862 435 3899 «
467 3842 582 3905 330
611 3839 707 3903 An
743 3839 942 3904 etiam
970 3836 1349 3921 suffragium
1389 3835 1685 3921 duplex?

405 3979 436 4016 «
469 3956 655 4020 Sacra
680 3953 913 4021 eadem
940 3954 1202 4020 Rituum
1225 3953 1683 4037 congregatio,
1709 3970 1784 4019 re
1824 3959 2081 4018 mature
2101 3950 2409 4031 discussa,
2445 3973 2549 4020 re-

318 4092 349 4128 «
393 4066 851 4152 spondendum
882 4086 1024 4134 esse
1046 4069 1300 4135 censuit
1328 4090 1343 4135 ε

411 4205 442 4239 (ι
478 4181 577 4247 Ad
618 4184 676 4260 1,
710 4181 1329 4266 affirmative3-——ad
1361 4186 1426 4264 2,
1458 4181 1861 4268 affirmative3
1894 4217 1981 4228 --
2015 4180 2101 4246 ad
2118 4183 2182 4261 3,
2220 4184 2546 4270 negative3

318 4322 351 4358 «
397 4334 484 4345 —
516 4295 599 4363 ad
626 4298 692 4377 4,
734 4299 1079 4381 negative3
1113 4336 1201 4347 —
1231 4297 1317 4364 ad
1350 4302 1410 4378 5,
1453 4299 1801 4383 negative3
1842 4336 1931 4348 —
1974 4294 2060 4364 ad
2097 4301 2162 4377 6,
2201 4300 2543 4383 negative;

318 4436 351 4475 «
384 4412 501 4479 sed
542 4413 1031 4481 benedictiones
1066 4415 1407 4480 mulierum
1445 4421 1511 4481 et
1562 4414 1761 4479 fontis
1804 4413 2205 4499 baptismalis
2249 4412 2394 4477 fiori
2438 4413 2546 4479 do·
