3146 4973
1192 368 1349 417 nas
1392 369 1677 431 onan-rs.
2416 355 2542 420 467

330 507 359 546 ι(
393 484 856 584 Affirmativam
897 508 1056 555 vero
1101 497 1375 558 tuentur
1414 494 1807 559 senteutiam
1857 492 1962 556 alii
1999 494 2224 575 plures
2258 514 2295 559 a
2340 495 2547 561 Bene-

330 623 359 661 α
392 599 567 667 dicto
590 605 735 668 xlv
759 604 949 668 relati
977 604 1075 690 (de
1103 609 1415 685 Sam-isicio
1443 616 1666 687 missoe,
1703 607 1874 673 libro
1912 612 1976 685 3,
2013 628 2071 672 c.
2112 611 2173 685 5,
2204 629 2270 673 n.
2308 607 2392 691 1).
2431 611 2538 687 At,

329 737 359 774 α
393 714 944 798 quemadmodum
991 719 1258 798 ibidem,
1302 741 1575 787 numero
1603 725 1666 800 2,
1696 721 1900 788 tradit
1930 724 2162 787 citatus
2212 723 2540 803 Pontifex,

328 854 359 892 α
393 827 528 896 sive
572 834 654 897 sit
682 835 1038 899 necessaria
1083 837 1386 920 Episcopi
1432 837 1716 914 licentia,
1751 838 1889 902 sive
1928 855 2081 914 non,
2115 835 2186 901 id
2215 844 2397 903 certe
2429 856 2546 903 ne-

329 969 359 1008 «
392 950 741 1012 cessarium
768 958 889 1025 est,
933 958 1009 1015 ut
1037 950 1148 1016 ille
1178 970 1320 1017 rem
1360 960 1727 1035 cognoscat,
1763 971 1840 1018 ac
1873 953 2218 1036 perspiciat
2253 971 2408 1018 num
2445 972 2546 1019 re-

330 1083 358 1120 «
393 1081 548 1127 vera
583 1066 931 1129 necessitas
978 1073 1231 1149 urgeat,
1278 1075 1354 1132 ut
1402 1067 1711 1133 sacerdos
1747 1067 1909 1133 duas
1943 1067 2172 1132 missas
2204 1068 2542 1134 celebrare

330 1198 358 1236 a
394 1184 684 1261 cogatur.
734 1180 899 1244 Hinc
942 1182 1011 1244 in
1038 1182 1235 1247 citata
1264 1184 1728 1249 constitutione
1767 1182 1851 1249 ad
1892 1184 2279 1266 Episcopum
2312 1184 2546 1250 Oscen-

327 1314 357 1353 α
389 1311 547 1370 sem,
593 1296 1023 1361 certissimum
1081 1315 1222 1362 esse
1276 1298 1525 1375 statuit,
1572 1304 1977 1362 missionem-s
2037 1307 2273 1362 tantum
2308 1320 2346 1362 a
2393 1303 2545 1364 Sede

328 1430 358 1467 α
389 1412 731 1491 Apostolioa
748 1419 1105 1491 potestatem
1133 1416 1461 1493 aliquando
1494 1414 1636 1490 fieri
1663 1421 1733 1475 ut
1761 1432 1877 1477 uno
1913 1417 2013 1476 die
2041 1414 2408 1491 sacr-isicium
2453 1417 2546 1477 bis

325 1547 356 1582 α
388 1533 707 1604 operentur
733 1546 753 1586 .·
787 1529 1037 1608 reliquis
1066 1547 1206 1590 vero
1241 1530 1651 1591 sacerdotibus
1683 1548 1830 1610 opus
1871 1547 1994 1591 esse
2026 1536 2095 1591 ut
2121 1531 2235 1591 Ιιασ
2259 1532 2335 1591 de
2362 1548 2428 1591 re
2451 1532 2544 1609 fa·

325 1658 355 1697 α
389 1641 671 1702 cultatem
710 1643 785 1702 ab
820 1644 1110 1723 Episcopo
1148 1650 1613 1722 consequantur,
1654 1648 1894 1705 etiamsi
1937 1662 2120 1705 causa
2169 1648 2546 1707 necessitatis

326 1774 356 1813 α
398 1758 755 1818 intercedere
790 1759 1093 1837 videatur,
1138 1763 1307 1839 cujus
1357 1777 1499 1820 sane
1534 1761 1839 1838 judicium
1883 1760 1967 1822 ad
2009 1763 2170 1838 ipsos
2214 1761 2547 1822 sacerdotes

325 1893 356 1931 α
390 1890 755 1953 nequaquam
767 1879 1058 1954 pertinet.
1085 1872 1185 1937 Ad
1215 1890 1359 1957 quae
1389 1872 1832 1938 confirmanda
1865 1873 2320 1939 auctoritatem
2350 1875 2547 1939 etiam

322 2009 354 2047 α
389 1985 647 2070 profert
689 1988 1134 2065 Verricelli...,
1183 1989 1484 2053 testantis
1542 1989 1635 2053 ita
1688 2009 1725 2053 a
1771 1987 1962 2053 Sacra
2031 1988 2542 2071 congregatione

320 2125 355 2161 α
388 2101 585 2166 fnisse
627 2104 987 2169 resolutum
1024 2127 1057 2166 ι
1096 2105 1186 2190 (iu
1223 2123 1420 2188 supra
1463 2106 1663 2170 citato
1713 2112 1888 2182 voto,
1927 2110 1958 2182 5
2006 2106 2137 2186 19).
2189 2105 2302 2169 11oe
2344 2122 2543 2187 porro

319 2217 619 2293 rationes,
670 2226 738 2284 et
769 2220 1123 2284 auctoritas
1155 2221 1514 2303 praesertim
1549 2193 1893 2284 Benedicti
1931 2220 2098 2297 XIV,
2131 2226 2233 2284 sat
2283 2215 2547 2284 demon·

318 2341 524 2396 strare
574 2332 882 2398 videntur
932 2332 1125 2398 dictae
1169 2333 1445 2398 licentiae
1490 2334 1968 2410 necessitatem,
2017 2334 2310 2417 quamvis
2351 2339 2545 2397 antea

317 2463 426 2512 res
452 2446 652 2513 fuerit
673 2447 846 2513 inter
871 2446 1176 2515 doctores
1201 2455 1650 2515 controversa.
1675 2447 1970 2513 Diximus
1999 2453 2221 2513 autem
2253 2450 2545 2530 reyulari-

317 2571 407 2626 ter
424 2564 712 2645 loquendo
728 2583 749 2625 .·
767 2564 917 2647 quia
942 2564 1010 2628 in
1038 2583 1169 2630 uno
1202 2569 1317 2630 aut
1336 2565 1549 2629 altero
1575 2582 1750 2640 casu,
1781 2563 2144 2648 praesertim
2164 2565 2536 2646 repentino,

313 2687 383 2742 et
412 2681 476 2742 in
506 2697 637 2763 quo
665 2697 795 2743 non
831 2679 1036 2743 facilis
1064 2685 1282 2762 pateat
1310 2677 1814 2762 adEpiscopum
1843 2696 2170 2754 recursus,
2199 2679 2253 2741 si
2275 2676 2542 2743 aliunde

314 2801 492 2858 certo
533 2792 763 2859 adesse
812 2793 1121 2861 videatur
1174 2793 1493 2859 sufficiens
1531 2794 1884 2860 necessitas
1919 2813 1956 2859 a
2001 2793 2149 2877 jure
2197 2793 2532 2878 reqn'ffiita,

313 2927 441 2973 non
482 2919 641 2992 puto
686 2910 936 2975 crimini
972 2908 1366 2975 vertendum
1398 2909 1702 2992 parocho,
1740 2907 1920 2993 quod
1945 2908 2186 2975 dictam
2216 2909 2541 2974 licentiam

312 3042 444 3090 non
488 3025 806 3108 exquirat.

399 3142 450 3205 Α
482 3140 736 3205 fortiori
774 3150 997 3206 autem
1035 3142 1400 3207 necessaria
1441 3149 1628 3206 certo
1665 3142 1796 3205 erit
1833 3140 2133 3222 Episcopi
2159 3140 2443 3218 licentia,
2488 3145 2541 3206 si

308 3255 667 3339 Episcopus
702 3255 914 3339 aliquo
944 3260 1191 3320 statuto
1234 3255 1666 3338 prohibuerit,
1697 3274 1781 3319 ne
1809 3254 2053 3338 absque
2089 3255 2199 3318 illa
2221 3255 2394 3320 nllus
2422 3275 2540 3321 un·

306 3388 502 3453 qnam
533 3368 835 3434 dioecesis
864 3388 994 3434 suae
1034 3369 1338 3435 sacerdos
1368 3370 1469 3435 bis
1498 3368 1733 3434 eodem
1776 3368 1881 3434 die
1931 3368 2268 3433 celebrare
2296 3387 2541 3452 praesu·

307 3489 465 3548 mat.
500 3483 634 3548 Nec
663 3482 944 3548 dubium
976 3491 1079 3548 est
1104 3486 1261 3568 quin
1293 3486 1498 3568 possit
1524 3484 1880 3567 Episcopus
1915 3481 2234 3565 ejusmodi
2264 3482 2540 3565 prohibi-

304 3598 556 3664 tionem
602 3599 893 3667 edicere.
944 3599 1134 3665 Unde
1178 3601 1271 3665 illi
1319 3601 1515 3666 etiam
1571 3599 1893 3683 theologi,
1933 3597 2046 3682 qui
2090 3599 2542 3665 sustinuerunt

306 3732 496 3799 posse
522 3715 879 3798 parochum
906 3715 1151 3798 absque
1182 3716 1372 3780 venia
1418 3715 1741 3799 Episcopi,
1791 3712 1988 3778 modo
2025 3711 2196 3777 adsit
2226 3713 2540 3797 requisita

303 3852 341 3894 a
379 3831 531 3913 jure
576 3831 944 3907 necessitas,
995 3829 1095 3896 bis
1134 3828 1365 3895 eodem
1410 3828 1521 3893 die
1563 3828 1924 3904 celebrare,
1953 3826 2364 3910 intelligendi
2387 3837 2541 3895 sunt

302 3942 526 4024 quoad
562 3942 903 4018 dioeceses,
935 3943 1003 4007 in
1027 3943 1264 4027 quibus
1286 3940 1588 4023 Episcopi
1620 3938 1782 4003 nibil
1810 3940 1876 4002 iu
1900 3936 2022 4003 hac
2051 3957 2124 4002 re
2161 3944 2400 4021 praeter
2427 3938 2539 4023 jus
2567 3971 2569 3973 >

305 4073 650 4123 commune
679 4064 1090 4139 statuerunt;
1131 4075 1264 4120 non
1294 4062 1511 4120 antem
1539 4052 1757 4138 quoad
1788 4071 1917 4130 eas,
1957 4054 2025 4117 in
2057 4052 2294 4137 quibus
2324 4060 2539 4121 exstat

305 4171 609 4255 Episcopi
636 4173 746 4237 vel
767 4172 1178 4254 provincialis
1215 4170 1447 4255 synodi
1480 4174 1822 4245 statutum,
1863 4170 2292 4235 necessariam
2312 4167 2541 4236 decer·

301 4306 473 4353 nens
500 4286 740 4354 dictam
767 4287 1096 4355 Ordinarii
1114 4288 1462 4354 licentiam.

396 4404 795 4471 Pnoposmo
826 4404 991 4469 vl1·.
1023 4436 1113 4451 --
1142 4407 1237 4469 Aa
1268 4409 1644 4467 iterationem
1675 4407 1741 4465 in
1773 4403 1978 4465 eadm
2003 4402 2269 4479 ecelesia,
2301 4420 2423 4463 non
2443 4421 2544 4463 re-
