3146 4973
591 460 724 526 680
1267 476 1644 529 moruus
1687 481 1776 529 ms
1822 479 2148 531 pmocno.

590 604 759 682 infra
779 608 1099 668 terminum
1122 622 1329 669 novem
1357 607 1594 669 dierum
1619 625 1660 669 a
1694 609 1795 670 die
1828 608 2140 688 affin-ionis
2169 609 2536 691 hujusmodi,
2572 626 2822 689 quorum

591 724 713 782 tres
746 738 865 800 pro
893 725 1129 802 primo,
1167 727 1288 783 tres
1321 741 1440 805 pro
1487 726 1743 787 secundo
1759 772 1782 804 ‚
1821 730 1881 787 ct
1935 726 2192 806 reliquos
2237 730 2360 787 tres
2386 742 2499 805 pro
2539 727 2720 785 tertio
2767 730 2824 785 et

586 837 802 898 ultimo
846 841 1269 918 peremptorio,
1308 842 1396 900 eis
1433 844 1493 902 et
1544 840 1790 902 cuilibet
1833 844 2104 921 ipsorum
2150 843 2555 921 assistamus,
2591 856 2828 918 compa-

592 970 722 1013 rere
764 953 1017 1016 debeant
1053 970 1253 1015 coram
1291 956 1512 1034 Nobis,
1551 957 1636 1019 ad
1671 957 2084 1036 opponendum
2131 963 2192 1020 et
2234 955 2626 1036 alleqandum
2653 955 2832 1035 quid·

585 1067 734 1146 quid
773 1087 1063 1150 opponere
1101 1075 1162 1132 et
1195 1070 1463 1151 alleqare
1493 1072 1819 1148 voluerint,
1851 1089 2037 1151 quare
2070 1072 2320 1152 procedi
2346 1089 2468 1133 non
2499 1070 2714 1133 debeat
2746 1071 2826 1130 ad

584 1184 942 1264 praedictam
967 1188 1440 1263 institutionem;
1472 1205 1593 1248 non
1639 1188 1931 1263 obstante,
1980 1188 2138 1268 quod
2174 1188 2250 1249 de
2288 1192 2547 1266 tempore
2571 1186 2724 1247 dato
2750 1185 2831 1245 ad

579 1301 1092 1376 praesentandum,
1126 1298 1324 1362 adbuc
1353 1304 1638 1380 supersit.
1673 1303 1727 1363 E
1731 1306 1755 1361 t
1790 1307 1858 1362 ut
1885 1301 1961 1363 cle
1992 1302 2329 1380 proemissis
2352 1316 2522 1361 nemo
2549 1302 2835 1378 iqnoran-

585 1415 737 1473 tiam
762 1414 1028 1494 alleqare
1055 1416 1279 1490 valeat,
1312 1433 1578 1495 proesens
1611 1416 1876 1477 edictum
1899 1415 1983 1477 ad
2004 1415 2216 1476 valvas
2239 1414 2492 1475 ecclesioe
2513 1412 2834 1493 parochia-

587 1528 666 1589 lis
719 1533 1013 1605 vacantis,
1051 1534 1109 1590 et
1154 1528 1521 1593 cathedralis
1568 1530 1766 1611 affiqi,
1803 1536 1862 1593 et
1907 1531 2209 1611 publicari
2237 1533 2557 1610 Jussimus.
2581 1562 2675 1574 --
2706 1530 2834 1590 Da·

591 1650 756 1721 tum,
812 1649 925 1706 etc.
983 1678 1071 1690 —
1122 1646 1235 1723 N„
1295 1647 1623 1726 Episcopus
1680 1649 1759 1709 Ν.
1811 1644 1967 1730 (sive
2025 1648 2290 1706 vicarius
2346 1640 2702 1724 qeneralis.)
2747 1677 2835 1690 —-

593 1760 652 1820 N
657 1805 702 1835 .‚
756 1761 1153 1823 cancellarius
1187 1763 1561 1841 episcopatis.
1608 1794 1696 1807 —
1734 1761 1819 1825 Et
1855 1766 2135 1842 ponatur
2184 1757 2467 1842 sigillum
2513 1765 2833 1824 consueto

594 1872 763 1938 loco.

1666 2127 1743 2189 X.

598 2399 909 2449 romaum
957 2400 1477 2451 PROROGATIOMS
1520 2400 1742 2449 Emer!
1785 2401 1874 2448 DE
1899 2400 2239 2450 CONCURSU
2278 2400 2404 2450 Pno
2432 2398 2838 2448 PAnocmAu

1550 2516 1869 2566 VACARTE.

692 2811 769 2871 Ν.
780 2855 801 2886 ,
826 2810 1154 2888 Episcopus
1185 2810 1260 2870 N.
1290 2805 1438 2891 (sive
1458 2811 1726 2870 vicarius
1755 2803 2464 2889 qeneratis.)—Vacante
2488 2811 2830 2870 animarum

598 2943 743 2986 cura
764 2921 1136 3004 parochialis
1166 2923 1421 2984 ecclesioe
1444 2926 1524 2987 N.
1557 2924 1675 2984 toci
1702 2924 1780 2986 N.
1806 2927 2029 2985 nostrae
2055 2924 2342 3001 dioecesis‚
2366 2941 2478 3003 per
2501 2924 2728 2985 obitum
2749 2926 2824 2985 N.

602 3041 808 3102 ultimi
846 3039 1016 3100 illius
1050 3042 1429 3117 possessoris,
1465 3043 1596 3118 qui,
1636 3045 1705 3101 ut
1737 3039 2049 3101 Altissimo
2084 3038 2347 3118 placuit,
2385 3039 2485 3101 die
2492 3085 2632 3115 .....
2665 3057 2728 3099 se
2759 3041 2836 3100 ab

602 3155 881 3218 humanis
907 3158 1259 3235 separavit:
1285 3157 1406 3217 Nos
1428 3155 1504 3216 de
1528 3156 1737 3217 idoneo
1764 3172 2091 3215 successore
2111 3154 2294 3215 dictoe
2314 3155 2570 3215 ecclesia·
2597 3160 2655 3216 et
2677 3173 2835 3216 curoe

603 3272 952 3349 adformam
981 3271 1221 3331 concilii
1248 3271 1593 3332 Tridentini
1621 3271 1941 3349 providere
1969 3274 2292 3349 cupientes,
2334 3270 2483 3331 die..
2503 3316 2516 3330 .
2536 3275 2834 3332 currentis

606 3391 846 3463 mensis,
870 3404 987 3466 pro
1013 3403 1299 3447 concursu
1326 3384 1593 3448 habendo
1621 3387 1885 3448 edictum
1916 3403 2049 3446 cum
2079 3389 2331 3446 termino
2366 3386 2565 3447 decem
2597 3387 2834 3447 dierum

604 3503 688 3563 ad
730 3501 1211 3582 comparendum,
1250 3504 1495 3562 nomina
1543 3506 1604 3561 et
1656 3504 2005 3581 coqnomina
2057 3501 2289 3578 danda,
2326 3502 2608 3580 expediri
2665 3521 2832 3563 man-

606 3618 907 3680 davimus.
947 3618 1117 3679 Nunc
1144 3634 1305 3694 vero,
1343 3622 1413 3677 ut
1436 3633 1636 3677 omnes
1663 3619 1948 3696 majorem
1975 3620 2256 3678 notitiam
2283 3615 2563 3692 habeant,
2609 3617 2833 3678 dictum

609 3736 928 3795 terminum
964 3732 1047 3794 acl
1083 3731 1239 3793 alios
1269 3733 1465 3794 decem
1511 3732 1641 3794 dies
1670 3735 2007 3812 proximos,
2045 3730 2123 3791 ab
2154 3729 2330 3792 hodie
2369 3732 2740 3811 incipiendos
2779 3739 2834 3793 et

608 3853 677 3910 ut
700 3851 969 3929 sequitur
991 3846 1310 3926 finiendos,
1332 3865 1760 3929 proroqamus,·
1788 3851 1878 3909 ita
1906 3853 1974 3909 ut
2001 3866 2039 3907 a
2070 3848 2168 3908 die
2187 3849 2384 3927 primi
2408 3847 2595 3908 edicti
2619 3851 2836 3928 vifinti

609 3965 740 4025 (lies
782 3968 1017 4026 tantum
1055 3970 1465 4043 numerentur,
1502 3965 1586 4026 acl
1628 3966 1887 4043 sormam
1941 3967 2384 4025 constitutionis
2430 3967 2628 4023 sancti
2659 3966 2762 4025 Pii
2794 3965 2836 4022 V

610 4080 678 4144 in
709 4076 1146 4144 conferendis.
1178 4081 1321 4143 Ideo
1348 4080 1561 4143 karum
1600 4084 1752 4142 serie
1787 4086 1844 4142 et
1876 4085 2075 4141 tenore
2098 4097 2296 4140 omnes
2328 4084 2386 4140 et
2421 4081 2694 4158 sinqulos
2722 4097 2838 4140 sese

610 4201 881 4262 examini
922 4200 1205 4276 subjicere
1244 4202 1544 4278 cupientes
1575 4215 1689 4278 pro
1725 4198 1885 4260 dicto
1916 4215 2226 4273 concursu,
2278 4198 2665 4277 requirimus,
2704 4214 2836 4257 con·
2957 4235 2966 4244 -

611 4329 907 4387 vocamus,
938 4316 997 4373 et
1027 4327 1350 4387 monemus,
1386 4317 1454 4371 ut
1488 4314 1553 4372 in
1578 4312 1830 4372 termino
1863 4313 1947 4371 sic
1976 4314 2299 4390 proroqato
2333 4327 2533 4370 coram
2565 4309 2750 4372 Nobis
2776 4312 2838 4368 in

609 4426 721 4488 bac
749 4429 995 4487 civitate
1026 4427 1107 4488 N.
1141 4431 1525 4505 compareant
1562 4430 1629 4487 in
1656 4429 1837 4487 atriis
1865 4431 2087 4487 nostroe
2113 4429 2319 4503 curioe,
2351 4431 2410 4487 et
2449 4443 2574 4486 sese
2608 4425 2838 4485 adscri-

605 4541 785 4616 bant,
823 4543 881 4599 et
925 4540 1211 4600 adnotari
1256 4540 1521 4617 saciant,·
1560 4545 1744 4619 quia,
1783 4544 2039 4603 termino
2088 4542 2321 4621 elapso,
2359 4543 2830 4602 concurrentium
