3146 4973
1252 393 1410 442 PARS
1453 393 1682 441 rmus.
2458 381 2583 445 233

355 540 388 578 α
425 519 803 596 Proebendis;
822 519 1271 603 extravaganti
1299 518 1562 584 Ioannis
1599 519 1706 594 22,
1733 512 2138 601 execrabilis),
2173 518 2265 583 ita
2296 537 2419 584 nec
2445 538 2590 604 per·

355 656 390 693 «
424 641 663 718 petuus
697 632 974 697 vicarius
1004 632 1239 718 (capite
1265 636 1601 697 Providens
1629 634 1692 711 2,
1725 636 1801 696 de
1824 633 2034 712 Officio
2061 630 2389 717 vicarii)...
2423 636 2591 701 Item

357 772 392 810 ι(
426 748 620 813 sicuti
642 748 865 812 caeteri
895 747 1185 832 parochi,
1210 748 1480 814 tenetur
1505 748 1782 813 vicarius
1813 755 2178 832 perpetuus
2204 747 2496 815 residere
2523 751 2592 815 iu

355 886 391 923 α
427 882 542 927 sua
575 862 811 927 vicaria
836 862 1047 949 (textu
1070 881 1379 947 expresso
1407 864 1475 928 in
1507 864 1718 947 capite
1744 867 1849 926 Eae
1871 871 2047 945 parte
2064 865 2131 940 6,
2163 867 2240 927 de
2271 865 2481 944 Officio
2508 871 2594 927 vi-

357 1000 392 1039 «
425 973 686 1061 carii)...
726 977 1022 1041 vicarius
1057 987 1421 1062 perpetuus
1455 979 1521 1043 in
1563 996 1679 1043 sua
1719 977 2068 1061 parochiali
2120 978 2395 1044 ecclesia
2440 998 2594 1045 con-

358 1113 394 1150 «
431 1089 717 1166 stitutuS,
755 1086 958 1153 habet
997 1087 1297 1155 eamdem
1330 1096 1749 1172 potestatem,
1779 1107 1976 1174 quam
2008 1109 2206 1155 verus
2238 1090 2586 1173 parochuS,

358 1228 392 1264 a
427 1222 545 1269 seu
568 1204 876 1287 praelatus
912 1223 985 1269 ac
1021 1212 1275 1288 rector3
1305 1205 1398 1270 ita
1432 1212 1655 1270 tamen
1688 1210 1763 1269 ut
1792 1211 1931 1270 tota
1960 1223 2117 1270 cura
2150 1205 2439 1283 actualis,
2477 1225 2595 1271 seu

360 1342 395 1379 (ι
423 1317 643 1403 quoad
665 1320 1067 1397 exercitium,
1102 1326 1434 1403 competat
1479 1319 1744 1396 vicario,
1783 1320 2092 1403 praelatus
2123 1337 2284 1386 vero
2323 1338 2443 1386 seu
2477 1339 2586 1386 re-

362 1459 397 1495 «
429 1443 571 1502 ctor
600 1435 977 1518 principalis
1002 1437 1257 1501 nonnisi
1282 1433 1511 1501 habitu
1536 1455 1758 1501 curam
1789 1437 2096 1502 retineat.
2131 1459 2165 1496 ι)

446 1553 844 1619 Pnoposmo
894 1551 998 1617 V‘.
1044 1587 1134 1601 —-
1196 1554 1311 1615 Ubi
1362 1552 1667 1635 parochus
1710 1554 2083 1634 principalis
2144 1572 2353 1615 curam
2410 1560 2597 1619 etiam

355 1670 673 1746 actualem,
696 1674 755 1730 et
779 1686 897 1731 non
922 1668 1286 1730 habitualem
1307 1671 1656 1748 dumtaxat,
1683 1674 1924 1746 retinet,
1951 1674 2078 1751 ejus
2099 1674 2386 1748 vicariuS,
2414 1688 2598 1751 quan-

359 1788 580 1847 tumvis
617 1789 863 1846 curatus
904 1786 1145 1846 dicatur
1178 1790 1236 1846 et
1265 1803 1474 1846 curam
1509 1786 1585 1846 de
1605 1786 1768 1863 facto
1806 1790 2103 1861 exerceat,
2140 1785 2443 1866 parochus
2478 1804 2599 1847 non

355 1906 467 1976 est,
497 1903 603 1962 sed
639 1918 836 1962 ments
859 1903 1148 1961 vicarius.
1192 1935 1282 1947 —-
1317 1901 1496 1964 Tunc
1529 1900 1701 1964 enim
1732 1898 2013 1962 vicarius
2042 1899 2151 1963 ille
2172 1919 2302 1964 non
2333 1905 2599 1964 exercet

360 2032 585 2080 curam
609 2014 878 2098 proprio
915 2014 1198 2091 nomine,
1224 2012 1344 2079 sed
1372 2012 1831 2098 dependenter
1861 2033 1898 2077 a
1925 2014 2273 2098 principali
2302 2020 2591 2088 rectore,

361 2137 429 2195 et
470 2130 616 2194 vice
645 2148 722 2194 ac
765 2129 1023 2194 nomine
1054 2128 1280 2212 ipsius.
1331 2127 1570 2193 Deficit
1619 2126 1894 2211 proinde
1929 2147 1967 2192 a
1996 2125 2476 2193 conditionibus
2513 2127 2599 2193 ad

361 2244 803 2329 parochiatum
841 2244 1274 2309 essentialiter
1303 2242 1653 2329 requisitis.
2614 2332 2620 2341 '

449 2362 948 2445 GOROLLARIJJM.
977 2393 1069 2407 --
1089 2360 1253 2425 Hinc
1281 2365 1469 2444 patet
1500 2357 1829 2444 quomodo
1852 2356 2167 2443 distingui
2194 2364 2340 2425 tuto
2369 2367 2593 2445 queat,

362 2499 444 2543 an
479 2476 588 2543 ille
617 2477 731 2563 qui
768 2475 1007 2556 vicarii,
1041 2475 1428 2560 cappellani,
1468 2474 1771 2553 curionis,
1807 2473 2016 2541 aliove
2060 2474 2340 2554 nomine,
2375 2494 2600 2540 curam

360 2593 717 2657 animarum
751 2590 991 2656 alicubi
1017 2598 1307 2669 exercet,
1350 2610 1551 2656 verus
1580 2592 1664 2655 sit
1690 2587 2035 2674 parochus,
2081 2608 2317 2655 annon.
2363 2588 2601 2655 Viden-

364 2705 523 2772 dum
566 2725 836 2790 nempe,
876 2726 959 2772 an
1002 2706 1301 2792 ejusdem
1327 2707 1648 2791 parochiae
1687 2707 1923 2772 existat
1958 2707 2191 2791 aliquis
2227 2705 2602 2790 principalis

364 2831 599 2901 rector,
636 2830 707 2889 et
729 2842 811 2888 an
832 2823 885 2888 is
918 2840 1142 2889 curam
1167 2823 1488 2889 actualem
1514 2822 1818 2888 retineat.
1852 2823 1919 2886 Si
1947 2821 2163 2887 nullus
2197 2819 2337 2885 talis
2369 2819 2603 2886 existat

365 2938 735 3022 principalis
773 2943 1016 3018 rector,
1079 2937 1189 3003 vel
1229 2938 1282 3002 si
1328 2938 1567 3003 existat
1617 2934 1905 3021 quidem,
1949 2935 2068 3001 sed
2105 2954 2254 3001 cum
2291 2936 2593 2998 habituali

365 3051 705 3118 dumtaxat
751 3071 910 3118 cura
930 3101 945 3128 ‚
998 3070 1121 3136 pro
1166 3070 1325 3117 vero
1363 3050 1647 3136 parocho
1690 3050 2114 3135 aestimandus*
2155 3058 2257 3115 est
2299 3051 2603 3115 vicarius-

366 3177 651 3247 curatuS,
686 3170 1209 3254 cappellanusve,
1236 3174 1349 3233 aut
1377 3168 1585 3244 curio,
1618 3168 1729 3252 qui
1763 3165 1846 3232 ad
1879 3184 2103 3231 curam
2134 3163 2381 3231 ibidem
2416 3184 2600 3231 exer-

368 3284 640 3350 cendam
666 3283 1020 3369 deputatus
1041 3285 1187 3350 fuit.
1212 3285 1434 3363 secus,
1475 3285 1641 3349 meri
1670 3283 1897 3349 vicarii
1915 3280 2357 3347 conditionem
2381 3282 2601 3347 sortiri

374 3399 736 3466 censendus
788 3409 909 3468 est.
959 3398 1037 3465 Id
1078 3407 1305 3483 aperte
1344 3399 1642 3483 sequitur
1692 3419 1775 3465 ex
1828 3397 2170 3482 praemissis
2222 3398 2604 3482 propositio-

376 3515 584 3582 nibus.

1263 3707 1529 3774 CAPUT
1569 3709 1708 3773 vn.

378 3964 466 4010 ΒΕ
507 3957 993 4009 ΗΟΒΙΕΒΝΟΒΠΜ
1046 3955 1300 4005 GALLIAE
1350 3954 1755 4005 CURATORUM
1814 3955 2234 4017 conm'nonss,
2290 3957 2372 4004 ET
2416 3958 2498 4007 AN
2548 3957 2599 4005 11

619 4076 738 4136 Qm
769 4072 1259 4123 DESERVITORES
1290 4070 1639 4119 vocAnTtm
1676 4070 1823 4120 SINT
1852 4070 2006 4118 vmu
2034 4070 2343 4118 PAROCHI.

464 4294 561 4361 Ad
608 4296 952 4380 propositae
1002 4296 1376 4382 quaestionis
1422 4293 1881 4363 enodationem
1899 4344 1914 4373 ,
1962 4294 2435 4378 praemittemus
2476 4315 2606 4379 qua

375 4410 626 4477 ratione
659 4409 974 4476 ordinatae
1018 4412 1266 4477 fuerint
1306 4410 1635 4476 hodiernoe
1668 4411 2025 4478 Galliarum
2058 4409 2374 4493 parochiae
2412 4430 2431 4474 ε
2463 4417 2603 4474 tum
