3146 4973
1276 404 1435 454 uns
1478 405 1706 453 rrum.
2483 389 2602 452 197

385 535 583 595 nente
634 547 840 613 penes
889 530 1143 596 unicam
1207 530 1542 617 (moralem
1599 511 1850 615 saltem)
1913 546 2253 613 personam
2302 530 2604 594 habituali

388 660 566 719 cura,
611 641 893 709 vidimus
922 661 1120 727 supra
1152 664 1190 710 a
1221 644 1544 720 Cardinali
1582 644 1667 711 de
1698 645 1870 710 Luca
1909 648 2253 723 assertum,
2287 662 2500 729 neque
2533 643 2603 710 id

384 762 579 837 negat
613 755 786 822 ullus
812 756 1162 823 canonista.
1199 758 1270 822 4⁰
1306 758 1599 825 Praesens
1621 750 1778 843 erg'o
1807 757 2249 824 controversia
2276 763 2416 822 tota
2438 760 2502 822 in
2526 777 2605 823 eo

385 870 690 950 vertitur,
731 889 814 935 an
838 870 906 935 in
945 891 1073 936 una
1098 872 1677 957 parochiapossint
1699 891 1838 938 esse
1873 872 2096 955 plures
2123 872 2268 936 veri
2304 872 2593 955 parochi,

382 985 494 1068 qui
516 1003 635 1049 nec
668 985 1085 1065 vicarialiten
1114 1006 1232 1053 seu
1254 990 1511 1054 nomine
1527 988 1817 1066 alteria&
1836 1006 2060 1052 curam
2078 993 2453 1065 exerceant,
2487 1005 2609 1052 nec

382 1100 554 1164 inter
589 1118 658 1164 se
700 1099 1043 1165 efforment
1080 1101 1424 1185 collegium
1458 1121 1576 1167 seu
1604 1105 1856 1167 unicam
1889 1103 2198 1168 moralem
2235 1120 2602 1185 personam.

382 1212 590 1295 Quam
621 1213 1043 1298 quaestionem
1070 1213 1446 1282 affirmative
1485 1216 1727 1283 resolvi
1752 1236 1938 1300 posse
1963 1217 2423 1283 existimamus,

471 1327 827 1394 monn-un
857 1329 1150 1393 1⁰.·—-Ex
1175 1336 1310 1411 ipsa
1331 1331 1729 1412 parochiatus
1756 1332 2306 1396 essentia—Nam
2333 1331 2610 1415 possibi-

379 1442 459 1508 lis
484 1443 845 1526 concipitur
870 1441 1174 1521 duorum,
1196 1445 1387 1510 verbi
1415 1447 1641 1528 gratia,
1672 1444 2210 1530 presbyterorum
2241 1444 2602 1529 deputatio,

378 1575 656 1643 quorum
678 1559 1120 1644 unusquisque
1143 1579 1226 1625 ex
1253 1560 1457 1627 officio
1503 1568 1811 1627 teneatur
1846 1560 2123 1627 verbum
2156 1561 2278 1627 Dei
2300 1568 2369 1626 et
2401 1579 2611 1627 sacra-

377 1680 598 1738 menta
640 1674 1007 1739 ministrare
1058 1682 1245 1740 certo
1291 1675 1481 1742 alicui
1525 1677 1790 1761 populo,
1829 1678 1942 1761 qui
1979 1677 2255 1741 vicissim
2303 1683 2610 1743 teneatur

378 1796 778 1855 sacramenta
805 1788 890 1854 ah
922 1790 1244 1855 alterutro
1281 1809 1364 1856 ex
1394 1790 1495 1857 his
1521 1792 1929 1877 presbyteris
1979 1790 2298 1875 recipere.
2344 1792 2605 1856 Minime

377 1903 548 1969 enim
578 1911 903 1986 repugnat
935 1902 1098 1970 duas
1131 1923 1443 1989 personas
1480 1907 1696 1972 teneri
1736 1908 1804 1971 in
1843 1906 2122 1972 solidum
2167 1905 2414 1990 aliquid
2441 1925 2608 1989 prae·

375 2025 550 2083 stare
579 2018 781 2084 :item
817 2037 951 2085 non
982 2021 1182 2103 magis
1221 2028 1545 2105 repugnat
1586 2022 1848 2105 praecipi
1892 2022 2057 2086 certi
2104 2021 2235 2087 loci
2268 2021 2497 2085 incolis
2530 2029 2608 2087 ut

375 2140 775 2198 sacramenta
807 2133 1124 2217 recipiant
1152 2133 1234 2199 ab
1267 2135 1589 2201 alterutro
1608 2155 1692 2201 ex
1710 2135 1967 2202 duobus
1991 2137 2323 2219 assignatis
2340 2135 2608 2221 presby·

374 2247 553 2325 teris,
589 2266 786 2333 quam
822 2249 974 2333 ipsis
1011 2250 1280 2335 praecipi
1313 2257 1388 2315 ut
1416 2251 1499 2315 ab
1543 2270 1672 2317 uno
1703 2251 1840 2317 solo
1875 2251 2211 2335 recipiant.
2255 2247 2609 2315 Verificata

375 2371 596 2430 autem
622 2364 733 2429 illa
771 2363 1139 2451 hypothesi,
1187 2364 1344 2450 quid
1373 2384 1592 2451 quaeso
1633 2367 1895 2451 utrique
1929 2364 2301 2451 hujusmodi
2330 2367 2606 2452 presby-

369 2485 519 2547 tero
566 2478 802 2559 deerit,
855 2500 937 2546 ex
975 2499 1106 2566 quo
1145 2490 1428 2567 nequeat
1473 2501 1596 2565 pro
1639 2502 1800 2549 vero
1845 2479 2131 2565 parocho
2181 2481 2455 2548 haberi?
2504 2483 2602 2549 De

373 2601 652 2681 utroque
683 2596 856 2661 enim
880 2614 1110 2662 verum
1136 2598 1285 2676 erit,
1324 2615 1544 2661 curam
1575 2600 1932 2664 animarum
1958 2598 2042 2664 ab
2062 2617 2141 2665 eo
2165 2599 2464 2664 exerceri
2487 2621 2501 2682 ;
2534 2608 2606 2664 et

369 2709 638 2796 quidem
666 2710 932 2794 proprio
952 2710 1233 2788 nomine,
1275 2730 1406 2777 non
1437 2719 1658 2777 autem
1678 2718 1988 2798 tanquam
2016 2712 2286 2778 alterius
2316 2714 2595 2799 vicari03

371 2833 443 2891 ct
478 2844 559 2891 ex
591 2823 780 2890 officii
819 2826 918 2891 sui
954 2824 1381 2911 obligatione3
1419 2831 1487 2891 et
1531 2827 1600 2891 in
1634 2827 1914 2911 aliquem
1950 2825 2455 2894 determinatum
2484 2846 2600 2912 po-

371 2941 622 3024 pulum.
667 2938 860 3022 Quod
892 2947 1112 3005 autem
1155 2939 1306 3005 huic
1341 2941 1585 3024 populo
1617 2940 1899 3007 liberum
1946 2942 2027 3007 sit
2071 2940 2157 3007 ad
2204 2943 2597 3008 alterutrum

371 3074 734 3134 recurrere,
770 3074 902 3121 non
938 3055 1110 3121 tollit
1131 3057 1567 3122 necessarium
1605 3057 1939 3122 vinculum
1974 3056 2396 3140 parochianos
2422 3058 2598 3124 inter

371 3179 440 3236 et
470 3169 847 3256 parochum.
893 3171 1052 3236 Nam
1090 3170 1230 3235 hoec
1273 3171 1413 3254 ipsa
1456 3170 1764 3254 obligatio
1802 3179 2207 3237 sacramenta
2240 3172 2595 3257 recipiendi

368 3290 445 3351 ab
470 3290 787 3366 alterutro,
821 3307 942 3352 non
972 3289 1050 3352 ab
1073 3290 1241 3368 aliis,
1281 3294 1382 3352 est
1417 3305 1652 3353 verum
1679 3287 1961 3370 ligamen
1999 3289 2213 3373 quoad
2238 3298 2592 3376 utrumque

365 3402 830 3488 presbyterum
881 3425 894 3468 ε
950 3402 1258 3487 obligatio
1321 3403 1572 3468 scilicet
1631 3401 2018 3469 recurrendi
2064 3403 2151 3469 ad
2199 3404 2417 3470 Caium
2471 3407 2592 3472 nisi

367 3525 752 3583 recurratur
783 3516 868 3582 ad
897 3517 1158 3596 Titium,
1193 3523 1264 3583 et
1294 3517 1435 3583 vice
1481 3535 1693 3596 versa,
1749 3525 1851 3583 est
1886 3537 2044 3585 vera
2080 3519 2386 3603 obligatio
2431 3539 2589 3604 erga

356 3631 579 3697 Caium
621 3639 691 3697 at
727 3632 984 3697 Titium.
1029 3633 1110 3697 Et
1151 3632 1575 3716 caeteroquin,
1614 3632 1735 3697 nisi
1771 3631 1903 3699 duo
1943 3633 2049 3697 isti
2078 3632 2450 3718 presbyteri
2480 3633 2588 3700 di-

356 3744 552 3812 cendi
588 3745 719 3812 sint
760 3748 903 3813 veri
937 3748 1147 3812 curati
1178 3764 1293 3811 seu
1327 3747 1613 3830 parochi,
1659 3745 1819 3830 quid
1863 3746 2139 3813 vocandi
2179 3751 2416 3815 erunt?
2446 3751 2587 3816 Non

356 3868 555 3928 erunt
579 3862 802 3928 vicarii
831 3883 845 3927 ε
874 3880 1006 3927 non
1036 3868 1231 3928 erunt
1274 3861 1440 3926 meri
1462 3861 1817 3945 capellani:
1854 3860 1973 3928 sed
2000 3869 2070 3927 et
2095 3860 2426 3929 diversum
2458 3867 2587 3932 erit

356 3995 585 4042 eorum
623 3975 879 4042 offlciun
918 3976 1000 4042 ab
1046 3974 1252 4043 officio
1281 3981 1668 4043 caeterorum
1703 3978 1989 4042 omnium
2014 3977 2576 4062 presbyterorum,

358 4091 593 4177 quibus
620 4093 798 4158 nulla
826 4091 1141 4158 incumbit
1173 4093 1533 4157 animarum
1577 4111 1755 4157 cura.
1798 4093 2115 4159 Remanet
2153 4112 2312 4178 ergo
2350 4101 2423 4160 ut
2451 4097 2580 4163 sint

357 4209 566 4273 curati
598 4226 714 4273 seu
743 4208 1028 4291 parochi,
1065 4215 1134 4273 et
1156 4227 1275 4291 pro
1302 4208 1545 4274 talibus
1564 4207 1870 4275 habendi.

448 4323 802 4390 Pnona‘mu
829 4324 944 4388 11⁰.
982 4359 1071 4371 —
1101 4326 1202 4386 Ex
1228 4325 1507 4387 doctrina
1532 4331 1591 4385 et
1624 4330 1812 4405 praxi
1854 4327 2057 4390 Sacroe
2087 4328 2581 4407 Cmaqreyatiouis

361 4441 636 4502 concilii.
654 4475 742 4487 —
767 4439 1027 4506 Certum
1063 4444 1163 4504 est
1193 4457 1228 4502 a
1259 4438 1451 4504 Sacra
1483 4439 1994 4524 Congregatione
2027 4438 2292 4505 Concilii
2318 4457 2446 4503 non
2475 4439 2577 4503 ha·
