3146 4973
1294 351 1450 401 psus
1498 354 1729 401 rmus.
2504 347 2627 409 217

1410 580 1441 649 ,ξ
1494 575 1579 638 11.

382 798 553 846 Curam
582 797 842 844 animarum
889 808 974 857 per
1013 794 1289 844 amovibiles
1324 796 1382 843 ad
1413 803 1576 845 nutum
1605 797 1824 860 Episcopi
1862 799 2162 861 presbyteros
2207 802 2443 861 exerceri,
2478 816 2634 866 neque

444 889 703 951 disciplinae
751 889 1016 951 primitivas,
1060 902 1209 949 neque
1246 888 1347 949 juri
1394 890 1627 938 communi
1667 896 1774 938 ante
1813 890 2133 939 Tridentinaui
2181 893 2410 955 synodum
2437 895 2628 956 vigenti,

449 997 594 1044 neque
635 983 926 1031 Tridentinis
972 983 1312 1042 sanctionibus»,
1346 997 1496 1045 neque
1523 982 1628 1046 (per
1655 997 1705 1032 se
1730 986 1894 1032 saltem
1919 992 1964 1033 et
1991 985 2190 1035 seclusis
2224 988 2472 1051 abusibus)
2509 990 2630 1038 bono

448 1077 664 1125 Ecclesiae
703 1076 990 1125 contrarium
1031 1077 1221 1138 probari
1267 1084 1441 1138 potest.

470 1279 520 1341 1.
558 1278 691 1340 Non
722 1279 1090 1339 adversatur
1117 1282 1385 1357 antiquoe
1417 1280 1783 1357 disciplinoe.
1809 1278 2099 1355 —Nam,
2143 1285 2218 1343 ut
2250 1296 2448 1362 supra
2480 1299 2630 1363 pro-

377 1392 602 1455 batum
634 1397 755 1467 est,
793 1390 1020 1473 primis
1051 1390 1354 1455 Ecclesiae
1386 1392 1798 1475 temporibus
1828 1392 2191 1457 animarum
2229 1412 2386 1459 cura
2428 1414 2631 1477 penes

378 1508 587 1573 solum
644 1507 1037 1590 Episcopum
1092 1506 1307 1590 quoad
1367 1513 1573 1572 totam
1628 1506 1958 1573 dioecesim
2012 1508 2363 1575 residebat.
2426 1511 2499 1574 In
2552 1531 2630 1576 ea

380 1631 596 1688 autem
628 1619 1002 1687 exercenda
1043 1622 1366 1704 Episcopo
1402 1642 1531 1687 non
1564 1621 2048 1688 auxiliabantur
2077 1624 2472 1708 presbyteri,
2509 1627 2628 1690 nisi

379 1738 460 1803 ab
504 1738 645 1821 ipso
677 1736 865 1821 jussi,
914 1744 985 1802 et
1032 1735 1117 1801 ad
1152 1737 1436 1819 singula,
1481 1744 1679 1820 prout
1730 1757 1893 1822 opus
1930 1737 2245 1816 habebat,
2289 1738 2624 1823 delegati:

379 1854 468 1916 ita
497 1859 573 1916 ut
604 1852 763 1916 nulli
795 1858 954 1915 tunc
995 1851 1371 1916 exstiterint
1404 1852 1694 1934 parochi.
1729 1854 1939 1918 Porro
1968 1872 2006 1917 a
2029 1851 2365 1936 disciplina
2405 1853 2628 1938 hujus-

380 1966 556 2032 modi
590 1966 794 2031 multo
813 1967 1015 2050 magis
1034 1965 1291 2031 recedit
1326 1968 1760 2049 parochorum
1789 1974 2261 2049 perpetuorum
2281 1970 2622 2045 institutio,

379 2101 572 2166 quam
590 2082 1027 2165 parochorum
1065 2080 1150 2146 ad
1190 2089 1420 2146 nutum
1450 2083 1749 2165 Episcopi
1777 2081 2267 2159 revocabilium,
2305 2090 2382 2147 ut
2417 2089 2623 2165 patet.

472 2198 554 2261 Π.
584 2201 782 2277 Neque
795 2202 936 2279 juri
964 2203 1262 2259 communi
1299 2205 1442 2259 ante
1480 2200 1903 2260 Tridentinam
1931 2200 2222 2280 synodum
2254 2203 2483 2277 viqenti
2517 2202 2630 2262 ad-

382 2319 614 2376 versari
652 2316 995 2395 probantur
1041 2319 1245 2376 curati
1296 2316 1380 2376 ad
1430 2320 1643 2375 nutum
1693 2317 1977 2395 Episcopi
2020 2316 2400 2378 revocabiles.
2434 2350 2524 2362 -—-
2553 2314 2630 2380 ld

379 2429 631 2513 patebit
685 2427 1090 2495 recensendo
1144 2434 1367 2496 textus
1415 2446 1580 2513 quos
1633 2445 1966 2512 opponere
2020 2429 2230 2494 solent
2285 2431 2624 2496 contrariae

380 2544 696 2627 opinionis
740 2546 1022 2627 patroni.

471 2657 803 2743 Objiciunt
844 2661 926 2722 1⁰.
968 2659 1177 2741 Caput
1199 2659 1486 2724 Unicum
1529 2661 1606 2722 cle
1642 2661 1948 2740 Cappellis
1980 2661 2422 2738 monachorum,
2451 2660 2516 2722 in
2552 2664 2618 2735 6,

382 2777 446 2839 in
473 2794 603 2860 quo
634 2775 724 2838 sic
752 2773 1160 2839 decernitur:
1183 2777 1559 2857 Presbyteri,
1588 2779 1692 2854 qui
1713 2777 1797 2836 acl
1823 2793 2031 2837 curam
2045 2778 2262 2856 populi
2277 2795 2393 2857 per
2420 2794 2627 2837 mona-

380 2893 519 2953 elios
550 2896 613 2952 in
644 2909 845 2952 eorum
875 2892 1137 2952 ecclesiis
1160 2896 1613 2970 praesentantur
1643 2892 1980 2970 Episcopis,
2022 2897 2081 2952 et
2119 2896 2528 2955 instituuntur
2548 2895 2625 2953 ab

386 3012 557 3086 ipsis,
598 3023 732 3067 cum
755 3004 1005 3066 debeant
1030 3024 1155 3066 esse
1175 3010 1479 3086 perpet-ui,
1521 3006 1597 3066 ab
1626 3006 1844 3066 eisdem
1869 3013 2162 3084 nequeunt
2189 3008 2449 3068 ecclesiis
2483 3005 2626 3089 (nisi

378 3141 490 3202 per
532 3126 873 3202 Episcopos,
918 3126 978 3181 et
1008 3141 1088 3182 ex
1126 3140 1308 3183 causa
1352 3116 1728 3200 rationabili)
1774 3125 2062 3182 amoveri.
2111 3121 2202 3184 Ea
2247 3120 2454 3185 verba
2492 3141 2625 3182 cum

384 3238 634 3299 debeant
669 3256 794 3298 esse
820 3240 1103 3317 perpetui
1144 3242 1548 3319 supponunt,
1588 3231 1861 3297 cuilibet
1891 3230 1976 3296 ad
2010 3251 2233 3297 curam
2265 3236 2623 3299 animarum

386 3350 702 3434 deputato
731 3349 815 3418 de
847 3350 997 3435 jure
1028 3360 1402 3437 competere
1436 3352 1984 3435 perpetuitatem3
2021 3357 2090 3413 et
2122 3347 2391 3432 quidem
2428 3350 2623 3414 etiam

389 3466 657 3533 relative
695 3467 779 3531 ad
818 3467 1230 3550 Episcopum,
1259 3476 1334 3532 ut
1362 3473 1546 3552 patet
1576 3485 1658 3531 ex
1687 3464 1909 3532 verbis
1934 3470 2058 3528 nisi
2079 3485 2188 3546 per
2218 3468 2537 3546 Episcopus
2565 3473 2624 3528 et

388 3604 467 3646 ex
502 3587 858 3647 rationabili
888 3603 1090 3646 causa.

478 3696 856 3782 Respondet
900 3698 1245 3783 Pignatelli
1293 3699 1473 3784 (tom.
1515 3703 1579 3776 9,
1621 3699 1897 3764 consult.
1940 3699 2088 3774 143,
2130 3701 2196 3760 n.
2234 3695 2370 3780 22),
2404 3695 2494 3761 ibi
2524 3697 2624 3778 agi

391 3812 473 3877 de
498 3813 852 3889 beneficiiS‚
876 3831 1018 3897 quae
1048 3812 1557 3879 conferebantur
1583 3832 1732 3878 cum
1761 3812 2164 3877 institutione
2192 3811 2512 3895 Episcopi,
2551 3820 2627 3877 ut

394 3936 573 4011 patet
607 3949 690 3994 ex
729 3928 950 3993 verbis
977 3935 1036 3990 et
1070 3935 1476 3992 instituuntur
1508 3931 1584 3990 ab
1619 3934 1800 4010 ipsis‚·
1830 3946 1904 3992 ac
1937 3928 2126 4010 proin
2168 3924 2255 3992 de
2293 3927 2624 3992 beneficiis

393 4044 652 4123 curatis,
686 4062 828 4129 quae
855 4041 1366 4108 conferebantur
1393 4049 1457 4105 in
1487 4047 1755 4119 titulum,
1786 4061 1900 4108 seu
1930 4041 2127 4127 (quod
2157 4039 2332 4105 idem
2364 4046 2524 4106 tunc
2558 4043 2624 4105 in

388 4165 533 4250 jure
564 4164 856 4251 sonabat)
888 4166 971 4231 de
1003 4165 1335 4231 beneficiis
1367 4167 1704 4250 perpetuis
1734 4187 1747 4230 :
1782 4164 1955 4231 unde
1986 4166 2221 4229 mirum
2243 4183 2374 4230 non
2397 4170 2500 4230 est
2527 4162 2626 4226 di-

394 4283 473 4358 ci,
509 4303 643 4345 cum
674 4284 926 4346 debeant
957 4302 1080 4344 esse
1108 4287 1407 4364 perpetui.
1432 4281 1674 4346 Atvero
1711 4278 2119 4363 probandum
2149 4286 2319 4344 esset
2349 4298 2478 4346 non
2511 4297 2629 4342 ex-

393 4399 630 4465 stitisse
662 4403 777 4463 aut
811 4399 1094 4465 existere
1129 4401 1416 4483 potuisse
1449 4397 1570 4461 alia
1605 4396 1945 4474 beneficia,
1975 4414 2116 4480 quoe
2143 4415 2270 4462 non
2307 4395 2627 4460 darentur
