3146 4973
592 337 715 403 192
1257 351 1634 403 moruus
1679 354 1769 402 nn
1810 352 2139 402 rxaocno.

584 480 814 547 unicus
846 477 1411 564 archipresbyter,
1458 492 1592 543 non
1622 479 1866 561 plures,
1919 479 2174 546 coeteris
2212 477 2618 564 presbyteris
2658 497 2817 564 prae-

583 602 750 675 erat,
779 596 949 661 sicut
976 596 1204 661 unicus
1236 592 1728 661 archidiaconus
1754 594 2157 662 diaconibus.
2188 595 2273 663 At
2294 614 2457 663 vero
2487 594 2571 662 ad
2602 614 2816 663 meras

584 710 1174 778 administrationes
1216 719 1285 776 et
1326 709 1551 791 officia,
1588 710 1825 796 quibus
1861 711 2041 778 nulla
2078 712 2299 778 inerat
2344 712 2646 797 gubernii
2695 731 2811 779 seu

583 827 913 911 regiminis
951 835 1021 893 et
1056 835 1346 896 externae
1381 825 1850 911 jurisdictionis
1896 835 2209 912 potestas,
2250 829 2514 896 solitum
2552 847 2815 913 semper

583 943 713 1009 fuit
743 943 851 1009 vel
890 963 1093 1010 unum
1140 943 1249 1009 vel
1281 943 1506 1027 plures
1551 943 1745 1010 simul
1776 942 2125 1028 deputare.
2159 944 2241 1010 Et
2285 943 2659 1029 hujusmodi
2711 952 2814 1010 est

581 1057 861 1125 officium
902 1067 1312 1126 sacramenta
1351 1067 1420 1127 et
1455 1058 1736 1126 verbum
1768 1059 1891 1125 Dei
1931 1058 2364 1140 ministrandi,
2401 1059 2470 1125 in
2510 1079 2642 1146 quo
2682 1066 2813 1126 stat

583 1176 923 1259 proprium
953 1174 1391 1259 parochorum
1427 1193 1687 1242 munus.

671 1295 742 1358 3⁰
789 1288 994 1376 Magis
1033 1290 1123 1358 ad
1157 1311 1301 1357 rem
1358 1291 1580 1358 facere
1636 1291 1906 1359 videtur
1949 1310 2156 1358 canon
2199 1296 2370 1358 Sicut
2414 1298 2482 1356 in
2514 1292 2603 1379 (4,
2641 1310 2811 1376 quae·

581 1406 805 1472 stionis
839 1410 903 1486 2,
938 1425 1144 1474 causae
1184 1405 1319 1491 21),
1363 1408 1478 1493 qui
1539 1408 1632 1473 sic
1677 1407 1877 1474 habet
1910 1430 1925 1473 ε
1969 1429 2002 1469 α
2038 1408 2216 1473 Sicut
2279 1408 2348 1472 in
2419 1426 2809 1493 unaquaque

586 1542 619 1581 α
663 1523 935 1589 ecclesia
979 1542 1148 1589 unus
1191 1521 1544 1606 presbyter
1580 1520 1784 1588 debet
1809 1542 1973 1601 esse,
2019 1523 2112 1588 ita
2158 1522 2322 1606 ipsa,
2380 1540 2523 1607 quae
2578 1540 2811 1606 sponsa

586 1662 618 1700 α
672 1639 778 1704 vel
813 1658 983 1708 uxor
1011 1637 1152 1723 ejus
1180 1635 1442 1717 dicitur,
1475 1657 1605 1705 non
1643 1644 1863 1722 potest
1891 1635 2096 1703 dividi
2145 1639 2320 1705 inter
2361 1639 2590 1722 plures
2624 1656 2812 1722 pres-

586 1775 620 1811 «
657 1751 928 1835 byteros
947 1798 964 1829 ,
1029 1749 1149 1817 sed
1226 1769 1428 1816 unum
1493 1750 1944 1818 tantummodo
2018 1752 2290 1819 habebit
2361 1751 2770 1819 sacerdotem
2788 1799 2805 1829 ,

584 1891 618 1929 α
660 1868 773 1953 qui
807 1886 951 1934 eam
989 1874 1165 1934 caste
1199 1874 1269 1933 et
1295 1867 1547 1933 sincere
1580 1874 1786 1952 regat.
1825 1866 2014 1934 Unde
2052 1869 2505 1937 interdicimus
2540 1876 2617 1934 ut
2665 1868 2811 1933 nul-

584 2008 616 2046 «
649 1987 753 2050 lus
791 1991 1142 2070 praesumat
1178 1983 1516 2050 ecclesiam
1571 1985 1750 2049 inter
1802 1981 1968 2050 duos
2019 1984 2126 2050 vel
2184 1984 2405 2069 plures
2459 1982 2803 2051 dividere:

584 2126 618 2165 α
653 2102 806 2187 quia
836 2100 1111 2167 ecclesia
1156 2100 1395 2167 Christi
1428 2118 1600 2166 uxor
1633 2107 1704 2166 et
1740 2118 1975 2183 sponsa
2017 2098 2221 2167 debet
2258 2119 2421 2179 esse,
2456 2119 2589 2166 non
2630 2119 2809 2167 scor·

583 2242 614 2279 a
653 2225 817 2296 tum,
877 2217 1044 2282 sicut
1093 2215 1380 2282 Calixtus
1434 2215 1611 2298 Papa
1661 2221 1970 2283 testatur.
1992 2238 2029 2279 ιο
2071 2216 2249 2282 Dicit
2297 2216 2645 2284 Gratianus
2674 2217 2807 2299 legi

578 2351 892 2400 canonem
922 2332 1103 2398 illum
1137 2338 1206 2396 in
1231 2333 1548 2397 Rhemensi
1571 2334 1823 2396 concilio
1851 2352 1872 2394 .·
1910 2331 2033 2398 sed
2065 2331 2339 2399 Berardi
2365 2332 2680 2420 (Gratiani
2709 2352 2809 2399 ca·

577 2468 802 2530 nones,
828 2456 1017 2534 parte
1043 2452 1101 2528 1,
1131 2467 1275 2533 cap.
1298 2447 1406 2534 37)
1436 2449 1765 2517 existimat
1793 2468 1877 2516 ex
1904 2449 2375 2534 capitularibus
2406 2451 2807 2518 Francorum

577 2567 776 2633 fuisse
803 2565 1246 2651 desumptum.
1284 2568 1383 2633 De
1425 2585 1555 2652 quo
1590 2566 1912 2652 quidquid
1948 2567 2030 2632 sit
2052 2615 2069 2646 ,
2114 2566 2500 2651 responderi
2538 2573 2755 2653 potest
2785 2589 2800 2632 :

584 2686 649 2748 1⁰
687 2682 838 2748 huic
869 2682 1169 2750 obscuroe
1211 2682 1475 2766 originis
1515 2683 1768 2762 canoni,
1808 2682 2064 2748 etiamsi
2105 2680 2191 2749 de
2240 2682 2541 2766 parochis
2575 2683 2809 2749 intelli-

576 2795 830 2881 gendus
863 2804 1039 2864 esset
1058 2844 1074 2875 ,
1111 2813 1243 2862 non
1289 2804 1536 2863 tantam
1572 2798 1785 2863 inesse
1825 2797 1992 2871 vim,
2038 2802 2114 2862 ut
2161 2796 2334 2862 solus
2386 2798 2805 2883 quaestionem

576 2912 889 2978 dirimere
916 2914 1159 2979 valeat.
1203 2916 1272 2978 2⁰
1294 2914 1438 2979 Dici
1465 2913 1686 2980 forsan
1712 2919 1935 2998 potest
1968 2932 2091 2997 per
2128 2933 2240 2980 eos
2251 2916 2655 2996 presbyter-0³,
2693 2915 2804 2998 qui

576 3028 667 3094 ibi
694 3036 1143 3095 memorantur
1171 3037 1479 3113 tanquam
1509 3030 1624 3113 qui
1658 3027 1948 3095 debeant
1975 3032 2248 3094 ecclesias
2278 3049 2501 3111 repere,
2535 3036 2605 3095 et
2645 3048 2807 3115 quo·

575 3162 724 3211 rum
752 3144 1040 3211 ecclesiae
1062 3165 1293 3228 sponsoe
1313 3153 1383 3211 et
1409 3165 1630 3209 uxores
1650 3153 2134 3231 nuncupantur,
2154 3144 2612 3230 intelligendos
2633 3164 2797 3225 esse,

575 3280 705 3328 non
737 3277 955 3327 meros
981 3260 1321 3346 parochos,
1346 3260 1466 3327 sed
1501 3261 1803 3345 praelatos
1830 3261 1961 3328 fori
1999 3262 2255 3329 externi
2285 3261 2804 3348 jurisdictionem

575 3386 977 3456 exercentes,
1024 3386 1095 3444 et
1131 3397 1279 3444 cum
1329 3397 1406 3444 ea
1450 3376 1901 3462 jurisdictione
1938 3380 2304 3445 commissas
2332 3380 2457 3446 sibi
2499 3379 2805 3446 ecclesias

575 3494 1046 3578 gubernantes;
1095 3494 1323 3578 quales
1358 3493 1510 3559 olim
1548 3502 1769 3572 erant,
1823 3501 2064 3577 praeter
2100 3494 2487 3580 Episcopus,
2531 3496 2806 3563 abbates

574 3611 786 3688 multi,
824 3609 1394 3694 capitulorumque
1433 3615 1506 3674 et
1550 3609 2049 3693 collegiatarum
2077 3612 2431 3706 praepositi,
2469 3620 2666 3698 atque
2694 3613 2803 3679 alii

577 3724 978 3810 presbyteri.
1033 3723 1112 3791 Id
1161 3724 1576 3810 aliquatenus
1641 3727 1852 3791 innuit
1909 3724 2196 3792 adducta
2251 3727 2320 3792 in
2380 3727 2504 3795 boc
2559 3747 2804 3795 canone

574 3840 807 3906 Calixti
824 3841 1017 3925 Papae
1049 3841 1423 3908 auctoritas.
1441 3842 1604 3908 Nam
1631 3840 1827 3925 hujus
1843 3841 2169 3927 pontificis
2191 3843 2467 3927 epistola
2482 3843 2591 3931 (ad
2611 3862 2802 3930 quam

572 3955 979 4042 collineatur)
1015 3956 1192 4025 idem
1226 3956 1547 4037 decernit,
1583 3957 1703 4025 sed
1733 3957 1819 4024 de
1855 3959 2188 4044 Episcopis
2219 3980 2527 4046 expresse
2556 3981 2796 4047 agens:

570 4080 763 4155 Sicut,
786 4075 1016 4160 inquit,
1051 4078 1306 4139 auct-ius
1339 4095 1500 4139 uxor
1519 4094 1628 4139 nec
1660 4077 2002 4140 adulterari
2025 4078 2102 4141 ab
2130 4079 2356 4160 aliquo,
2386 4081 2484 4144 vel
2491 4081 2792 4162 judicari,

572 4201 682 4256 aut
717 4197 983 4276 disponi,
1016 4199 1141 4258 nisi
1184 4213 1224 4257 a
1257 4199 1506 4276 proprio
1535 4199 1669 4256 viro
1720 4214 1786 4256 eo
1825 4200 2084 4275 vivente,
2129 4201 2552 4277 permititur,-
2582 4203 2670 4260 sic
2697 4215 2803 4260 nec

570 4331 731 4375 umor
764 4314 1069 4393 Episcopi,
1111 4329 1245 4392 quoe
1290 4316 1418 4393 ejus
1445 4311 1693 4373 ecclesia
1722 4312 1818 4374 vel
1844 4312 2134 4392 parochia
2174 4314 2596 4379 indubitanter
2631 4316 2806 4377 intel·

574 4430 813 4512 liqitur,
838 4445 906 4489 eo
935 4432 1174 4491 vimis
1193 4427 1412 4507 absqioe
1433 4432 1560 4510 ejus
1572 4428 1811 4508 judicio
1836 4435 1897 4491 et
1932 4429 2265 4510 voluntate,
2293 4431 2480 4494 alteri
2492 4432 2792 4512 judicari,
