<?xml version="1.0" encoding="UTF-8"?>
<!DOCTYPE html PUBLIC "-//W3C//DTD XHTML 1.0 Transitional//EN"
    "http://www.w3.org/TR/xhtml1/DTD/xhtml1-transitional.dtd">
<html xmlns="http://www.w3.org/1999/xhtml" xml:lang="en" lang="en">
 <head>
  <title>
</title>
<meta http-equiv="Content-Type" content="text/html;charset=utf-8" />
  <meta name='ocr-system' content='tesseract 3.04.00' />
  <meta name='ocr-capabilities' content='ocr_page ocr_carea ocr_par ocr_line ocrx_word'/>
</head>
<body>
  <div class='ocr_page' id='page_1' title='image "./tractatusdeparo00bouigoog_0205.png"; bbox 0 0 3146 4973; ppageno 0'>
   <div class='ocr_carea' id='block_1_1' title="bbox 1265 344 2597 407">
    <p class='ocr_par' dir='ltr' id='par_1_1' title="bbox 1265 344 2597 407">
     <span class='ocr_line' id='line_1_1' title="bbox 1265 344 2597 407; baseline 0 -2"><span class='ocrx_word' id='word_1_1' title='bbox 1265 358 1422 405; x_wconf 59' lang='lat' dir='ltr'><strong>raas</strong></span> <span class='ocrx_word' id='word_1_2' title='bbox 1468 357 1694 405; x_wconf 61' lang='lat' dir='ltr'><strong>rama,</strong></span> <span class='ocrx_word' id='word_1_3' title='bbox 2477 344 2597 407; x_wconf 83' lang='grc'><strong>193</strong></span> 
     </span>
    </p>
   </div>
   <div class='ocr_carea' id='block_1_2' title="bbox 355 480 2601 4358">
    <p class='ocr_par' dir='ltr' id='par_1_2' title="bbox 362 480 2601 1254">
     <span class='ocr_line' id='line_1_2' title="bbox 369 480 2601 561; baseline 0.002 -20"><span class='ocrx_word' id='word_1_4' title='bbox 369 480 459 541; x_wconf 77' lang='lat' dir='ltr'><strong>vel</strong></span> <span class='ocrx_word' id='word_1_5' title='bbox 487 480 754 560; x_wconf 75' lang='lat' dir='ltr'><strong>disponi,</strong></span> <span class='ocrx_word' id='word_1_6' title='bbox 793 487 900 542; x_wconf 77' lang='lat' dir='ltr'><strong>aut</strong></span> <span class='ocrx_word' id='word_1_7' title='bbox 923 486 1049 561; x_wconf 58' lang='lat' dir='ltr'><strong>ejus</strong></span> <span class='ocrx_word' id='word_1_8' title='bbox 1078 483 1392 545; x_wconf 73' lang='lat' dir='ltr'><strong><em>concubitu</em></strong></span> <span class='ocrx_word' id='word_1_9' title='bbox 1427 485 1579 561; x_wconf 79' lang='lat' dir='ltr'><strong>frui,</strong></span> <span class='ocrx_word' id='word_1_10' title='bbox 1626 484 1695 545; x_wconf 82' lang='lat' dir='ltr'><strong>id</strong></span> <span class='ocrx_word' id='word_1_11' title='bbox 1744 487 1857 559; x_wconf 80' lang='lat' dir='ltr'><strong>est,</strong></span> <span class='ocrx_word' id='word_1_12' title='bbox 1897 482 2302 560; x_wconf 74' lang='lat' dir='ltr'><strong>ordinatione,</strong></span> <span class='ocrx_word' id='word_1_13' title='bbox 2333 486 2601 547; x_wconf 75' lang='lat' dir='ltr'><strong>com-edi-</strong></span> 
     </span>
     <span class='ocr_line' id='line_1_3' title="bbox 364 591 2599 679; baseline 0.003 -25"><span class='ocrx_word' id='word_1_14' title='bbox 364 599 491 656; x_wconf 80' lang='lat' dir='ltr'><strong>tur.</strong></span> <span class='ocrx_word' id='word_1_15' title='bbox 524 591 752 679; x_wconf 87' lang='lat' dir='ltr'><strong>(Causa</strong></span> <span class='ocrx_word' id='word_1_16' title='bbox 780 601 842 672; x_wconf 88' lang='grc'><strong>7,</strong></span> <span class='ocrx_word' id='word_1_17' title='bbox 878 612 944 678; x_wconf 87' lang='lat' dir='ltr'><strong>q.</strong></span> <span class='ocrx_word' id='word_1_18' title='bbox 983 597 1040 671; x_wconf 91' lang='lat' dir='ltr'><strong>l,</strong></span> <span class='ocrx_word' id='word_1_19' title='bbox 1082 613 1142 658; x_wconf 89' lang='lat' dir='ltr'><strong>c.</strong></span> <span class='ocrx_word' id='word_1_20' title='bbox 1165 592 1304 678; x_wconf 86' lang='lat'>39.)</span> <span class='ocrx_word' id='word_1_21' title='bbox 1339 596 1422 660; x_wconf 88' lang='lat' dir='ltr'><strong>Et</strong></span> <span class='ocrx_word' id='word_1_22' title='bbox 1454 594 1608 661; x_wconf 88' lang='lat' dir='ltr'><strong>ideo</strong></span> <span class='ocrx_word' id='word_1_23' title='bbox 1638 594 1809 661; x_wconf 85' lang='lat' dir='ltr'><strong>forte</strong></span> <span class='ocrx_word' id='word_1_24' title='bbox 1848 594 2057 678; x_wconf 80' lang='lat' dir='ltr'>glossa</span> <span class='ocrx_word' id='word_1_25' title='bbox 2080 594 2398 660; x_wconf 83' lang='lat' dir='ltr'><strong>vocabulo</strong></span> <span class='ocrx_word' id='word_1_26' title='bbox 2429 618 2599 679; x_wconf 81' lang='lat' dir='ltr'><strong>pres-</strong></span> 
     </span>
     <span class='ocr_line' id='line_1_4' title="bbox 362 707 2599 793; baseline 0.002 -22"><span class='ocrx_word' id='word_1_27' title='bbox 362 709 606 787; x_wconf 76' lang='lat' dir='ltr'><strong>byteris,</strong></span> <span class='ocrx_word' id='word_1_28' title='bbox 644 727 872 774; x_wconf 81' lang='lat' dir='ltr'><strong>vocem</strong></span> <span class='ocrx_word' id='word_1_29' title='bbox 901 712 1192 791; x_wconf 78' lang='lat' dir='ltr'><strong>proelatos</strong></span> <span class='ocrx_word' id='word_1_30' title='bbox 1233 710 1592 775; x_wconf 83' lang='lat' dir='ltr'><strong>substituit.</strong></span> <span class='ocrx_word' id='word_1_31' title='bbox 1636 710 1736 775; x_wconf 89' lang='lat' dir='ltr'><strong>Sic</strong></span> <span class='ocrx_word' id='word_1_32' title='bbox 1781 709 1957 774; x_wconf 90' lang='lat' dir='ltr'><strong>enim</strong></span> <span class='ocrx_word' id='word_1_33' title='bbox 2003 707 2086 774; x_wconf 90' lang='lat' dir='ltr'><strong>de</strong></span> <span class='ocrx_word' id='word_1_34' title='bbox 2121 727 2250 792; x_wconf 89' lang='lat' dir='ltr'><strong>quo</strong></span> <span class='ocrx_word' id='word_1_35' title='bbox 2288 719 2599 793; x_wconf 78' lang='lat' dir='ltr'><strong>ageretur</strong></span> 
     </span>
     <span class='ocr_line' id='line_1_5' title="bbox 363 821 2598 909; baseline 0.002 -24"><span class='ocrx_word' id='word_1_36' title='bbox 363 821 650 904; x_wconf 76' lang='lat' dir='ltr'><strong>explicat</strong></span> <span class='ocrx_word' id='word_1_37' title='bbox 681 845 695 887; x_wconf 74' lang='grc' dir='ltr'>ε</span> <span class='ocrx_word' id='word_1_38' title='bbox 744 845 775 883; x_wconf 76' lang='grc' dir='ltr'><strong>α</strong></span> <span class='ocrx_word' id='word_1_39' title='bbox 813 822 1124 903; x_wconf 84' lang='lat' dir='ltr'><strong>Quaedam</strong></span> <span class='ocrx_word' id='word_1_40' title='bbox 1156 825 1443 890; x_wconf 84' lang='lat' dir='ltr'><strong>ecolesiae</strong></span> <span class='ocrx_word' id='word_1_41' title='bbox 1477 823 1645 889; x_wconf 92' lang='lat' dir='ltr'><strong>duos</strong></span> <span class='ocrx_word' id='word_1_42' title='bbox 1680 823 2010 889; x_wconf 85' lang='lat' dir='ltr'><strong>habebant</strong></span> <span class='ocrx_word' id='word_1_43' title='bbox 2047 824 2380 908; x_wconf 78' lang='lat' dir='ltr'><strong>proelatos;</strong></span> <span class='ocrx_word' id='word_1_44' title='bbox 2421 823 2598 909; x_wconf 88' lang='lat' dir='ltr'><strong>quod</strong></span> 
     </span>
     <span class='ocr_line' id='line_1_6' title="bbox 366 938 2593 1016; baseline 0.003 -18"><span class='ocrx_word' id='word_1_45' title='bbox 366 959 399 996; x_wconf 75' lang='grc' dir='ltr'><strong>(ι</strong></span> <span class='ocrx_word' id='word_1_46' title='bbox 436 955 584 1002; x_wconf 88' lang='lat' dir='ltr'><strong>cum</strong></span> <span class='ocrx_word' id='word_1_47' title='bbox 630 938 916 1003; x_wconf 87' lang='lat' dir='ltr'><strong>relatum</strong></span> <span class='ocrx_word' id='word_1_48' title='bbox 943 946 1115 1004; x_wconf 85' lang='lat' dir='ltr'><strong>esset</strong></span> <span class='ocrx_word' id='word_1_49' title='bbox 1162 940 1231 1004; x_wconf 91' lang='lat' dir='ltr'><strong>in</strong></span> <span class='ocrx_word' id='word_1_50' title='bbox 1279 939 1624 1006; x_wconf 85' lang='lat' dir='ltr'><strong>Rhemensi</strong></span> <span class='ocrx_word' id='word_1_51' title='bbox 1671 939 1964 1016; x_wconf 87' lang='lat' dir='ltr'><strong>concilio,</strong></span> <span class='ocrx_word' id='word_1_52' title='bbox 2001 940 2226 1004; x_wconf 80' lang='lat' dir='ltr'><strong>statuit</strong></span> <span class='ocrx_word' id='word_1_53' title='bbox 2254 940 2593 1004; x_wconf 90' lang='lat' dir='ltr'><strong>concilium</strong></span> 
     </span>
     <span class='ocr_line' id='line_1_7' title="bbox 369 1051 2599 1140; baseline 0.004 -28"><span class='ocrx_word' id='word_1_54' title='bbox 369 1075 402 1111; x_wconf 71' lang='grc' dir='ltr'>α</span> <span class='ocrx_word' id='word_1_55' title='bbox 448 1059 519 1117; x_wconf 89' lang='lat' dir='ltr'><strong>ut</strong></span> <span class='ocrx_word' id='word_1_56' title='bbox 547 1052 671 1118; x_wconf 87' lang='lat' dir='ltr'><strong>hoc</strong></span> <span class='ocrx_word' id='word_1_57' title='bbox 698 1051 782 1119; x_wconf 92' lang='lat' dir='ltr'><strong>de</strong></span> <span class='ocrx_word' id='word_1_58' title='bbox 813 1060 1053 1121; x_wconf 83' lang='lat' dir='ltr'><strong>caetero</strong></span> <span class='ocrx_word' id='word_1_59' title='bbox 1080 1074 1209 1121; x_wconf 92' lang='lat' dir='ltr'><strong>non</strong></span> <span class='ocrx_word' id='word_1_60' title='bbox 1239 1054 1387 1138; x_wconf 82' lang='lat' dir='ltr'><strong>fiat3</strong></span> <span class='ocrx_word' id='word_1_61' title='bbox 1423 1054 1541 1121; x_wconf 86' lang='lat' dir='ltr'><strong>sed</strong></span> <span class='ocrx_word' id='word_1_62' title='bbox 1563 1072 1967 1140; x_wconf 82' lang='lat' dir='ltr'><strong>unaquaeque</strong></span> <span class='ocrx_word' id='word_1_63' title='bbox 1989 1053 2337 1138; x_wconf 89' lang='lat' dir='ltr'><strong>proprium</strong></span> <span class='ocrx_word' id='word_1_64' title='bbox 2360 1053 2599 1121; x_wconf 84' lang='lat' dir='ltr'><strong>habeat</strong></span> 
     </span>
     <span class='ocr_line' id='line_1_8' title="bbox 369 1169 881 1254; baseline 0.008 -27"><span class='ocrx_word' id='word_1_65' title='bbox 369 1190 401 1227; x_wconf 73' lang='grc' dir='ltr'><strong>α</strong></span> <span class='ocrx_word' id='word_1_66' title='bbox 446 1169 811 1254; x_wconf 81' lang='lat' dir='ltr'><strong>proelatum.</strong></span> <span class='ocrx_word' id='word_1_67' title='bbox 847 1192 881 1231; x_wconf 84' lang='grc'>»</span> 
     </span>
    </p>

    <p class='ocr_par' dir='ltr' id='par_1_3' title="bbox 355 1283 2595 2846">
     <span class='ocr_line' id='line_1_9' title="bbox 447 1283 2594 1372; baseline 0.001 -22"><span class='ocrx_word' id='word_1_68' title='bbox 447 1286 517 1350; x_wconf 78' lang='lat'><strong>4⁰</strong></span> <span class='ocrx_word' id='word_1_69' title='bbox 544 1283 642 1350; x_wconf 84' lang='lat' dir='ltr'><strong>Ad</strong></span> <span class='ocrx_word' id='word_1_70' title='bbox 674 1286 992 1353; x_wconf 85' lang='lat' dir='ltr'><strong>rationem</strong></span> <span class='ocrx_word' id='word_1_71' title='bbox 1031 1286 1439 1372; x_wconf 86' lang='lat' dir='ltr'><strong>desumptam</strong></span> <span class='ocrx_word' id='word_1_72' title='bbox 1475 1308 1560 1354; x_wconf 75' lang='lat' dir='ltr'><strong>ex</strong></span> <span class='ocrx_word' id='word_1_73' title='bbox 1605 1287 2114 1364; x_wconf 81' lang='lat' dir='ltr'><strong>inconvenienti,</strong></span> <span class='ocrx_word' id='word_1_74' title='bbox 2154 1305 2237 1351; x_wconf 92' lang='lat' dir='ltr'><strong>ne</strong></span> <span class='ocrx_word' id='word_1_75' title='bbox 2288 1305 2415 1352; x_wconf 89' lang='lat' dir='ltr'><strong>una</strong></span> <span class='ocrx_word' id='word_1_76' title='bbox 2459 1305 2594 1353; x_wconf 89' lang='lat' dir='ltr'><strong>mu-</strong></span> 
     </span>
     <span class='ocr_line' id='line_1_10' title="bbox 359 1399 2593 1487; baseline 0 -21"><span class='ocrx_word' id='word_1_77' title='bbox 359 1401 484 1466; x_wconf 88' lang='lat' dir='ltr'><strong>lier</strong></span> <span class='ocrx_word' id='word_1_78' title='bbox 549 1401 773 1482; x_wconf 88' lang='lat' dir='ltr'><strong>plures</strong></span> <span class='ocrx_word' id='word_1_79' title='bbox 842 1401 1020 1466; x_wconf 71' lang='lat' dir='ltr'><strong>viros</strong></span> <span class='ocrx_word' id='word_1_80' title='bbox 1084 1401 1327 1468; x_wconf 86' lang='lat' dir='ltr'><strong>hahere</strong></span> <span class='ocrx_word' id='word_1_81' title='bbox 1387 1402 1712 1479; x_wconf 85' lang='lat' dir='ltr'><strong>videatur,</strong></span> <span class='ocrx_word' id='word_1_82' title='bbox 1755 1399 2232 1485; x_wconf 88' lang='lat' dir='ltr'><strong>respondemus</strong></span> <span class='ocrx_word' id='word_1_83' title='bbox 2294 1400 2593 1487; x_wconf 81' lang='lat' dir='ltr'><strong>negando</strong></span> 
     </span>
     <span class='ocr_line' id='line_1_11' title="bbox 359 1514 2586 1601; baseline 0.001 -22"><span class='ocrx_word' id='word_1_84' title='bbox 359 1514 655 1599; x_wconf 88' lang='lat' dir='ltr'><strong>parochis</strong></span> <span class='ocrx_word' id='word_1_85' title='bbox 698 1515 929 1582; x_wconf 90' lang='lat' dir='ltr'><strong>stricto</strong></span> <span class='ocrx_word' id='word_1_86' title='bbox 955 1536 1146 1582; x_wconf 89' lang='lat' dir='ltr'><strong>sensu</strong></span> <span class='ocrx_word' id='word_1_87' title='bbox 1173 1526 1548 1601; x_wconf 84' lang='lat' dir='ltr'><strong>competere</strong></span> <span class='ocrx_word' id='word_1_88' title='bbox 1585 1537 1935 1599; x_wconf 78' lang='lat' dir='ltr'><strong>sponsorum</strong></span> <span class='ocrx_word' id='word_1_89' title='bbox 1970 1515 2586 1582; x_wconf 81' lang='lat' dir='ltr'><strong>denominationem.</strong></span> 
     </span>
     <span class='ocr_line' id='line_1_12' title="bbox 358 1629 2595 1719; baseline -0 -23"><span class='ocrx_word' id='word_1_90' title='bbox 358 1631 456 1697; x_wconf 90' lang='lat' dir='ltr'><strong>De</strong></span> <span class='ocrx_word' id='word_1_91' title='bbox 510 1649 642 1714; x_wconf 90' lang='lat' dir='ltr'><strong>quo</strong></span> <span class='ocrx_word' id='word_1_92' title='bbox 694 1630 908 1696; x_wconf 86' lang='lat' dir='ltr'><strong>videri</strong></span> <span class='ocrx_word' id='word_1_93' title='bbox 963 1640 1181 1716; x_wconf 88' lang='lat' dir='ltr'><strong>potest</strong></span> <span class='ocrx_word' id='word_1_94' title='bbox 1229 1632 1430 1698; x_wconf 86' lang='lat' dir='ltr'><strong>Nardi</strong></span> <span class='ocrx_word' id='word_1_95' title='bbox 1489 1632 1670 1719; x_wconf 89' lang='lat' dir='ltr'><strong>(tom.</strong></span> <span class='ocrx_word' id='word_1_96' title='bbox 1712 1635 1771 1708; x_wconf 92' lang='lat' dir='ltr'><strong>l,</strong></span> <span class='ocrx_word' id='word_1_97' title='bbox 1821 1651 1859 1696; x_wconf 92' lang='lat' dir='ltr'><strong>a</strong></span> <span class='ocrx_word' id='word_1_98' title='bbox 1911 1633 2143 1715; x_wconf 85' lang='lat' dir='ltr'><strong>pagina</strong></span> <span class='ocrx_word' id='word_1_99' title='bbox 2202 1629 2336 1714; x_wconf 88' lang='lat'><strong>78).</strong></span> <span class='ocrx_word' id='word_1_100' title='bbox 2381 1633 2595 1697; x_wconf 86' lang='lat' dir='ltr'><strong>Verus</strong></span> 
     </span>
     <span class='ocr_line' id='line_1_13' title="bbox 356 1744 2594 1831; baseline 0 -21"><span class='ocrx_word' id='word_1_101' title='bbox 356 1763 590 1830; x_wconf 89' lang='lat' dir='ltr'><strong>nempe</strong></span> <span class='ocrx_word' id='word_1_102' title='bbox 625 1745 832 1811; x_wconf 88' lang='lat' dir='ltr'><strong>totius</strong></span> <span class='ocrx_word' id='word_1_103' title='bbox 859 1744 1156 1812; x_wconf 85' lang='lat' dir='ltr'><strong>dioecesis</strong></span> <span class='ocrx_word' id='word_1_104' title='bbox 1192 1765 1466 1831; x_wconf 87' lang='lat' dir='ltr'><strong>sponsus</strong></span> <span class='ocrx_word' id='word_1_105' title='bbox 1505 1755 1607 1812; x_wconf 90' lang='lat' dir='ltr'><strong>est</strong></span> <span class='ocrx_word' id='word_1_106' title='bbox 1644 1746 2018 1830; x_wconf 85' lang='lat' dir='ltr'><strong>Episcopus.</strong></span> <span class='ocrx_word' id='word_1_107' title='bbox 2055 1747 2137 1811; x_wconf 91' lang='lat' dir='ltr'><strong>Et</strong></span> <span class='ocrx_word' id='word_1_108' title='bbox 2167 1745 2318 1812; x_wconf 91' lang='lat' dir='ltr'><strong>ideo</strong></span> <span class='ocrx_word' id='word_1_109' title='bbox 2350 1748 2414 1810; x_wconf 90' lang='lat' dir='ltr'><strong>in</strong></span> <span class='ocrx_word' id='word_1_110' title='bbox 2451 1746 2594 1831; x_wconf 85' lang='lat' dir='ltr'><strong>ejus</strong></span> 
     </span>
     <span class='ocr_line' id='line_1_14' title="bbox 357 1862 2591 1946; baseline 0 -21"><span class='ocrx_word' id='word_1_111' title='bbox 357 1862 842 1927; x_wconf 88' lang='lat' dir='ltr'><strong>consecratione</strong></span> <span class='ocrx_word' id='word_1_112' title='bbox 913 1862 1191 1927; x_wconf 87' lang='lat' dir='ltr'><strong>annulus</strong></span> <span class='ocrx_word' id='word_1_113' title='bbox 1266 1863 1329 1927; x_wconf 89' lang='lat' dir='ltr'><strong>ei</strong></span> <span class='ocrx_word' id='word_1_114' title='bbox 1384 1863 1765 1946; x_wconf 87' lang='lat' dir='ltr'><strong>imponitur,</strong></span> <span class='ocrx_word' id='word_1_115' title='bbox 1833 1881 1954 1926; x_wconf 88' lang='lat' dir='ltr'><strong>nec</strong></span> <span class='ocrx_word' id='word_1_116' title='bbox 2039 1868 2257 1944; x_wconf 87' lang='lat' dir='ltr'><strong>potest</strong></span> <span class='ocrx_word' id='word_1_117' title='bbox 2306 1878 2591 1946; x_wconf 86' lang='lat' dir='ltr'><strong>unquam</strong></span> 
     </span>
     <span class='ocr_line' id='line_1_15' title="bbox 355 1973 2594 2060; baseline 0 -22"><span class='ocrx_word' id='word_1_118' title='bbox 355 1980 587 2058; x_wconf 87' lang='lat' dir='ltr'><strong>sponte</strong></span> <span class='ocrx_word' id='word_1_119' title='bbox 638 1994 754 2040; x_wconf 85' lang='lat' dir='ltr'><strong>sua</strong></span> <span class='ocrx_word' id='word_1_120' title='bbox 809 1994 1106 2059; x_wconf 88' lang='lat' dir='ltr'><strong>sponsam</strong></span> <span class='ocrx_word' id='word_1_121' title='bbox 1156 1975 1487 2042; x_wconf 87' lang='lat' dir='ltr'><strong>deserere.</strong></span> <span class='ocrx_word' id='word_1_122' title='bbox 1543 1979 1836 2056; x_wconf 72' lang='lat' dir='ltr'><strong>Pontifex</strong></span> <span class='ocrx_word' id='word_1_123' title='bbox 1865 1995 2005 2057; x_wconf 74' lang='lat' dir='ltr'><strong>erqo</strong></span> <span class='ocrx_word' id='word_1_124' title='bbox 2046 1973 2287 2060; x_wconf 87' lang='lat' dir='ltr'><strong>(aiebat</strong></span> <span class='ocrx_word' id='word_1_125' title='bbox 2314 1973 2594 2057; x_wconf 83' lang='lat' dir='ltr'><strong>Optatus</strong></span> 
     </span>
     <span class='ocr_line' id='line_1_16' title="bbox 360 2087 2593 2173; baseline -0.002 -19"><span class='ocrx_word' id='word_1_126' title='bbox 360 2089 772 2166; x_wconf 74' lang='lat' dir='ltr'><strong>MilevitatuS,</strong></span> <span class='ocrx_word' id='word_1_127' title='bbox 806 2089 853 2153; x_wconf 91' lang='lat' dir='ltr'><strong>l.</strong></span> <span class='ocrx_word' id='word_1_128' title='bbox 893 2093 954 2167; x_wconf 87' lang='lat'><strong>5,</strong></span> <span class='ocrx_word' id='word_1_129' title='bbox 994 2096 1219 2157; x_wconf 87' lang='lat' dir='ltr'><strong>contra</strong></span> <span class='ocrx_word' id='word_1_130' title='bbox 1251 2087 1607 2173; x_wconf 88' lang='lat' dir='ltr'><strong>Parimen.)</strong></span> <span class='ocrx_word' id='word_1_131' title='bbox 1641 2092 1932 2153; x_wconf 80' lang='lat' dir='ltr'><strong>annulum</strong></span> <span class='ocrx_word' id='word_1_132' title='bbox 1969 2096 2180 2171; x_wconf 84' lang='lat' dir='ltr'><strong>portat</strong></span> <span class='ocrx_word' id='word_1_133' title='bbox 2218 2096 2287 2151; x_wconf 82' lang='lat' dir='ltr'><strong>ut</strong></span> <span class='ocrx_word' id='word_1_134' title='bbox 2327 2109 2388 2151; x_wconf 83' lang='lat' dir='ltr'><strong>se</strong></span> <span class='ocrx_word' id='word_1_135' title='bbox 2416 2109 2593 2170; x_wconf 77' lang='lat' dir='ltr'><strong>spon-</strong></span> 
     </span>
     <span class='ocr_line' id='line_1_17' title="bbox 360 2204 2593 2290; baseline 0.001 -24"><span class='ocrx_word' id='word_1_136' title='bbox 360 2224 490 2268; x_wconf 78' lang='lat' dir='ltr'><strong>sum</strong></span> <span class='ocrx_word' id='word_1_137' title='bbox 539 2208 796 2269; x_wconf 80' lang='lat' dir='ltr'><strong>ecclesiae</strong></span> <span class='ocrx_word' id='word_1_138' title='bbox 830 2213 1140 2288; x_wconf 66' lang='lat' dir='ltr'><strong>cynos-cat.</strong></span> <span class='ocrx_word' id='word_1_139' title='bbox 1185 2208 1235 2271; x_wconf 90' lang='lat' dir='ltr'><strong>E</strong></span> <span class='ocrx_word' id='word_1_140' title='bbox 1281 2213 1512 2271; x_wconf 87' lang='lat' dir='ltr'><strong>contra</strong></span> <span class='ocrx_word' id='word_1_141' title='bbox 1547 2205 1815 2290; x_wconf 87' lang='lat' dir='ltr'><strong>parochi</strong></span> <span class='ocrx_word' id='word_1_142' title='bbox 1864 2204 2044 2269; x_wconf 92' lang='lat' dir='ltr'><strong>nullo</strong></span> <span class='ocrx_word' id='word_1_143' title='bbox 2090 2204 2593 2269; x_wconf 84' lang='lat' dir='ltr'><strong>consecrationis</strong></span> 
     </span>
     <span class='ocr_line' id='line_1_18' title="bbox 361 2317 2592 2405; baseline 0 -23"><span class='ocrx_word' id='word_1_144' title='bbox 361 2319 490 2383; x_wconf 88' lang='lat' dir='ltr'><strong>ritu</strong></span> <span class='ocrx_word' id='word_1_145' title='bbox 521 2320 987 2405; x_wconf 82' lang='lat' dir='ltr'><strong>instituuntur3</strong></span> <span class='ocrx_word' id='word_1_146' title='bbox 1026 2327 1097 2386; x_wconf 89' lang='lat' dir='ltr'><strong>et</strong></span> <span class='ocrx_word' id='word_1_147' title='bbox 1119 2320 1458 2403; x_wconf 86' lang='lat' dir='ltr'><strong>parochias</strong></span> <span class='ocrx_word' id='word_1_148' title='bbox 1493 2339 1641 2385; x_wconf 86' lang='lat' dir='ltr'><strong>suas</strong></span> <span class='ocrx_word' id='word_1_149' title='bbox 1664 2338 1786 2404; x_wconf 91' lang='lat' dir='ltr'><strong>pro</strong></span> <span class='ocrx_word' id='word_1_150' title='bbox 1820 2338 1936 2384; x_wconf 88' lang='lat' dir='ltr'><strong>suo</strong></span> <span class='ocrx_word' id='word_1_151' title='bbox 1970 2317 2165 2383; x_wconf 89' lang='lat' dir='ltr'><strong>libitu</strong></span> <span class='ocrx_word' id='word_1_152' title='bbox 2193 2319 2257 2382; x_wconf 91' lang='lat' dir='ltr'><strong>in</strong></span> <span class='ocrx_word' id='word_1_153' title='bbox 2296 2317 2592 2383; x_wconf 86' lang='lat' dir='ltr'><strong>manibus</strong></span> 
     </span>
     <span class='ocr_line' id='line_1_19' title="bbox 361 2434 2591 2521; baseline -0.001 -21"><span class='ocrx_word' id='word_1_154' title='bbox 361 2434 657 2518; x_wconf 87' lang='lat' dir='ltr'><strong>Episcopi</strong></span> <span class='ocrx_word' id='word_1_155' title='bbox 698 2435 1027 2520; x_wconf 85' lang='lat' dir='ltr'><strong>resignare</strong></span> <span class='ocrx_word' id='word_1_156' title='bbox 1065 2444 1368 2521; x_wconf 86' lang='lat' dir='ltr'><strong>possunt;</strong></span> <span class='ocrx_word' id='word_1_157' title='bbox 1403 2434 1580 2502; x_wconf 90' lang='lat' dir='ltr'><strong>unde</strong></span> <span class='ocrx_word' id='word_1_158' title='bbox 1616 2442 1685 2501; x_wconf 89' lang='lat' dir='ltr'><strong>et</strong></span> <span class='ocrx_word' id='word_1_159' title='bbox 1739 2435 1987 2500; x_wconf 87' lang='lat' dir='ltr'><strong>nullum</strong></span> <span class='ocrx_word' id='word_1_160' title='bbox 2038 2434 2362 2517; x_wconf 87' lang='lat' dir='ltr'><strong>accipiunt</strong></span> <span class='ocrx_word' id='word_1_161' title='bbox 2409 2435 2473 2499; x_wconf 90' lang='lat' dir='ltr'><strong>in</strong></span> <span class='ocrx_word' id='word_1_162' title='bbox 2504 2434 2591 2498; x_wconf 90' lang='lat' dir='ltr'><strong>si-</strong></span> 
     </span>
     <span class='ocr_line' id='line_1_20' title="bbox 360 2537 2589 2634; baseline -0 -20"><span class='ocrx_word' id='word_1_163' title='bbox 360 2569 558 2632; x_wconf 82' lang='lat' dir='ltr'><strong>gnum</strong></span> <span class='ocrx_word' id='word_1_164' title='bbox 594 2551 944 2634; x_wconf 88' lang='lat' dir='ltr'><strong>spiritualis</strong></span> <span class='ocrx_word' id='word_1_165' title='bbox 990 2552 1381 2617; x_wconf 88' lang='lat' dir='ltr'><strong>matrimonii</strong></span> <span class='ocrx_word' id='word_1_166' title='bbox 1427 2537 1772 2633; x_wconf 80' lang='lat' dir='ltr'><strong>annulum3</strong></span> <span class='ocrx_word' id='word_1_167' title='bbox 1816 2548 1934 2615; x_wconf 89' lang='lat' dir='ltr'><strong>sed</strong></span> <span class='ocrx_word' id='word_1_168' title='bbox 1964 2548 2367 2634; x_wconf 87' lang='lat' dir='ltr'><strong>deputantur</strong></span> <span class='ocrx_word' id='word_1_169' title='bbox 2399 2547 2589 2614; x_wconf 89' lang='lat' dir='ltr'><strong>dum-</strong></span> 
     </span>
     <span class='ocr_line' id='line_1_21' title="bbox 361 2662 2585 2752; baseline 0 -23"><span class='ocrx_word' id='word_1_170' title='bbox 361 2672 538 2730; x_wconf 74' lang='lat' dir='ltr'><strong>taxat</strong></span> <span class='ocrx_word' id='word_1_171' title='bbox 564 2663 649 2730; x_wconf 89' lang='lat' dir='ltr'><strong>ad</strong></span> <span class='ocrx_word' id='word_1_172' title='bbox 685 2664 959 2731; x_wconf 85' lang='lat' dir='ltr'><strong>officium</strong></span> <span class='ocrx_word' id='word_1_173' title='bbox 982 2666 1427 2752; x_wconf 82' lang='lat' dir='ltr'><strong>(institutionis</strong></span> <span class='ocrx_word' id='word_1_174' title='bbox 1465 2684 1644 2732; x_wconf 89' lang='lat' dir='ltr'><strong>mere</strong></span> <span class='ocrx_word' id='word_1_175' title='bbox 1678 2662 2148 2749; x_wconf 71' lang='lat' dir='ltr'><strong>ecclesiasticae)</strong></span> <span class='ocrx_word' id='word_1_176' title='bbox 2182 2673 2585 2733; x_wconf 82' lang='lat' dir='ltr'><strong>sacramenta</strong></span> 
     </span>
     <span class='ocr_line' id='line_1_22' title="bbox 359 2779 786 2846; baseline -0.002 -1"><span class='ocrx_word' id='word_1_177' title='bbox 359 2779 786 2846; x_wconf 89' lang='lat' dir='ltr'><strong>ministrandi.</strong></span> 
     </span>
    </p>

    <p class='ocr_par' dir='ltr' id='par_1_4' title="bbox 356 2894 2587 3670">
     <span class='ocr_line' id='line_1_23' title="bbox 451 2894 2584 2981; baseline 0.001 -22"><span class='ocrx_word' id='word_1_178' title='bbox 451 2899 518 2959; x_wconf 84' lang='lat'><strong>5⁰</strong></span> <span class='ocrx_word' id='word_1_179' title='bbox 545 2894 641 2961; x_wconf 81' lang='lat' dir='ltr'><strong>Ad</strong></span> <span class='ocrx_word' id='word_1_180' title='bbox 681 2897 1143 2963; x_wconf 82' lang='lat' dir='ltr'><strong>inconveniens</strong></span> <span class='ocrx_word' id='word_1_181' title='bbox 1188 2916 1271 2962; x_wconf 89' lang='lat' dir='ltr'><strong>ne</strong></span> <span class='ocrx_word' id='word_1_182' title='bbox 1307 2897 1494 2981; x_wconf 86' lang='lat' dir='ltr'><strong>plura</strong></span> <span class='ocrx_word' id='word_1_183' title='bbox 1542 2898 1756 2981; x_wconf 87' lang='lat' dir='ltr'><strong>capita</strong></span> <span class='ocrx_word' id='word_1_184' title='bbox 1805 2898 1918 2961; x_wconf 90' lang='lat' dir='ltr'><strong>uni</strong></span> <span class='ocrx_word' id='word_1_185' title='bbox 1955 2897 2213 2979; x_wconf 87' lang='lat' dir='ltr'><strong>corpori</strong></span> <span class='ocrx_word' id='word_1_186' title='bbox 2252 2899 2463 2980; x_wconf 85' lang='lat' dir='ltr'><strong>aptari</strong></span> <span class='ocrx_word' id='word_1_187' title='bbox 2490 2898 2584 2961; x_wconf 77' lang='lat' dir='ltr'><strong>vi-</strong></span> 
     </span>
     <span class='ocr_line' id='line_1_24' title="bbox 357 3008 2587 3098; baseline 0 -23"><span class='ocrx_word' id='word_1_188' title='bbox 357 3008 661 3090; x_wconf 84' lang='lat' dir='ltr'><strong>deantur,</strong></span> <span class='ocrx_word' id='word_1_189' title='bbox 717 3011 1159 3095; x_wconf 88' lang='lat' dir='ltr'><strong>respondetur</strong></span> <span class='ocrx_word' id='word_1_190' title='bbox 1201 3031 1215 3074; x_wconf 79' lang='lat' dir='ltr'><strong>t</strong></span> <span class='ocrx_word' id='word_1_191' title='bbox 1258 3013 1631 3098; x_wconf 88' lang='lat' dir='ltr'><strong>preservari</strong></span> <span class='ocrx_word' id='word_1_192' title='bbox 1678 3013 2109 3078; x_wconf 85' lang='lat' dir='ltr'><strong>necessariam</strong></span> <span class='ocrx_word' id='word_1_193' title='bbox 2167 3012 2395 3093; x_wconf 89' lang='lat' dir='ltr'><strong>capitis</strong></span> <span class='ocrx_word' id='word_1_194' title='bbox 2444 3014 2587 3076; x_wconf 88' lang='lat' dir='ltr'><strong>uni-</strong></span> 
     </span>
     <span class='ocr_line' id='line_1_25' title="bbox 359 3127 2583 3212; baseline 0 -21"><span class='ocrx_word' id='word_1_195' title='bbox 359 3131 560 3192; x_wconf 83' lang='lat' dir='ltr'><strong>tatem</strong></span> <span class='ocrx_word' id='word_1_196' title='bbox 607 3128 673 3191; x_wconf 92' lang='lat' dir='ltr'><strong>in</strong></span> <span class='ocrx_word' id='word_1_197' title='bbox 705 3128 1058 3212; x_wconf 87' lang='lat' dir='ltr'><strong>Episcopo,</strong></span> <span class='ocrx_word' id='word_1_198' title='bbox 1107 3130 1213 3194; x_wconf 89' lang='lat' dir='ltr'><strong>cui</strong></span> <span class='ocrx_word' id='word_1_199' title='bbox 1253 3135 1557 3212; x_wconf 86' lang='lat' dir='ltr'><strong>tanquam</strong></span> <span class='ocrx_word' id='word_1_200' title='bbox 1604 3127 1802 3210; x_wconf 88' lang='lat' dir='ltr'><strong>capiti</strong></span> <span class='ocrx_word' id='word_1_201' title='bbox 1839 3127 2161 3210; x_wconf 83' lang='lat' dir='ltr'><strong>parochiae</strong></span> <span class='ocrx_word' id='word_1_202' title='bbox 2192 3144 2415 3192; x_wconf 90' lang='lat' dir='ltr'><strong>omnes</strong></span> <span class='ocrx_word' id='word_1_203' title='bbox 2446 3132 2583 3191; x_wconf 86' lang='lat' dir='ltr'><strong>tan-</strong></span> 
     </span>
     <span class='ocr_line' id='line_1_26' title="bbox 356 3238 2579 3326; baseline 0 -21"><span class='ocrx_word' id='word_1_204' title='bbox 356 3259 549 3323; x_wconf 87' lang='lat' dir='ltr'><strong>quam</strong></span> <span class='ocrx_word' id='word_1_205' title='bbox 589 3241 881 3307; x_wconf 87' lang='lat' dir='ltr'><strong>membra</strong></span> <span class='ocrx_word' id='word_1_206' title='bbox 925 3244 992 3307; x_wconf 92' lang='lat' dir='ltr'><strong>in</strong></span> <span class='ocrx_word' id='word_1_207' title='bbox 1034 3244 1352 3308; x_wconf 87' lang='lat' dir='ltr'><strong>unitatem</strong></span> <span class='ocrx_word' id='word_1_208' title='bbox 1400 3243 1657 3326; x_wconf 77' lang='lat' dir='ltr'><strong>mystici</strong></span> <span class='ocrx_word' id='word_1_209' title='bbox 1699 3241 1991 3323; x_wconf 85' lang='lat' dir='ltr'><strong>corporis</strong></span> <span class='ocrx_word' id='word_1_210' title='bbox 2033 3238 2390 3304; x_wconf 83' lang='lat' dir='ltr'><strong>adhaerent.</strong></span> <span class='ocrx_word' id='word_1_211' title='bbox 2441 3241 2579 3305; x_wconf 88' lang='lat' dir='ltr'><strong>Non</strong></span> 
     </span>
     <span class='ocr_line' id='line_1_27' title="bbox 357 3354 2583 3440; baseline -0.001 -21"><span class='ocrx_word' id='word_1_212' title='bbox 357 3361 576 3421; x_wconf 85' lang='lat' dir='ltr'><strong>autem</strong></span> <span class='ocrx_word' id='word_1_213' title='bbox 604 3375 868 3422; x_wconf 88' lang='lat' dir='ltr'><strong>necesse</strong></span> <span class='ocrx_word' id='word_1_214' title='bbox 900 3364 1022 3435; x_wconf 90' lang='lat' dir='ltr'><strong>est,</strong></span> <span class='ocrx_word' id='word_1_215' title='bbox 1061 3365 1136 3422; x_wconf 89' lang='lat' dir='ltr'><strong>ut</strong></span> <span class='ocrx_word' id='word_1_216' title='bbox 1166 3356 1537 3440; x_wconf 88' lang='lat' dir='ltr'><strong>parochiani</strong></span> <span class='ocrx_word' id='word_1_217' title='bbox 1572 3356 1639 3419; x_wconf 89' lang='lat' dir='ltr'><strong>in</strong></span> <span class='ocrx_word' id='word_1_218' title='bbox 1669 3354 2045 3438; x_wconf 85' lang='lat' dir='ltr'><strong>perfectum</strong></span> <span class='ocrx_word' id='word_1_219' title='bbox 2084 3371 2321 3435; x_wconf 89' lang='lat' dir='ltr'><strong>corpus</strong></span> <span class='ocrx_word' id='word_1_220' title='bbox 2354 3358 2583 3438; x_wconf 79' lang='lat' dir='ltr'><strong>mysti-</strong></span> 
     </span>
     <span class='ocr_line' id='line_1_28' title="bbox 357 3468 2582 3556; baseline 0.001 -24"><span class='ocrx_word' id='word_1_221' title='bbox 357 3487 507 3534; x_wconf 91' lang='lat' dir='ltr'><strong>cum</strong></span> <span class='ocrx_word' id='word_1_222' title='bbox 551 3479 782 3536; x_wconf 89' lang='lat' dir='ltr'><strong>coeant</strong></span> <span class='ocrx_word' id='word_1_223' title='bbox 818 3491 967 3537; x_wconf 86' lang='lat' dir='ltr'><strong>oum</strong></span> <span class='ocrx_word' id='word_1_224' title='bbox 1004 3471 1304 3538; x_wconf 89' lang='lat' dir='ltr'><strong>omnibus</strong></span> <span class='ocrx_word' id='word_1_225' title='bbox 1336 3471 1450 3549; x_wconf 90' lang='lat' dir='ltr'><strong>eis,</strong></span> <span class='ocrx_word' id='word_1_226' title='bbox 1488 3472 1604 3556; x_wconf 85' lang='lat' dir='ltr'><strong>qui</strong></span> <span class='ocrx_word' id='word_1_227' title='bbox 1645 3471 1861 3554; x_wconf 87' lang='lat' dir='ltr'><strong>aliquo</strong></span> <span class='ocrx_word' id='word_1_228' title='bbox 1907 3468 2110 3535; x_wconf 87' lang='lat' dir='ltr'><strong>officio</strong></span> <span class='ocrx_word' id='word_1_229' title='bbox 2149 3468 2582 3534; x_wconf 86' lang='lat' dir='ltr'><strong>ecclesiastico</strong></span> 
     </span>
     <span class='ocr_line' id='line_1_29' title="bbox 357 3584 1146 3670; baseline 0.004 -21"><span class='ocrx_word' id='word_1_230' title='bbox 357 3584 534 3668; x_wconf 87' lang='lat' dir='ltr'><strong>apud</strong></span> <span class='ocrx_word' id='word_1_231' title='bbox 558 3586 731 3669; x_wconf 89' lang='lat' dir='ltr'><strong>ipsos</strong></span> <span class='ocrx_word' id='word_1_232' title='bbox 761 3586 1146 3670; x_wconf 83' lang='lat' dir='ltr'><strong>funguntur.</strong></span> 
     </span>
    </p>

    <p class='ocr_par' dir='ltr' id='par_1_5' title="bbox 356 3696 2584 4358">
     <span class='ocr_line' id='line_1_30' title="bbox 445 3696 2573 3784; baseline 0 -20"><span class='ocrx_word' id='word_1_233' title='bbox 445 3703 514 3764; x_wconf 84' lang='lat'><strong>6⁰</strong></span> <span class='ocrx_word' id='word_1_234' title='bbox 543 3701 640 3766; x_wconf 77' lang='lat' dir='ltr'><strong>Ex</strong></span> <span class='ocrx_word' id='word_1_235' title='bbox 659 3701 1034 3768; x_wconf 84' lang='lat' dir='ltr'><strong>Tridentino</strong></span> <span class='ocrx_word' id='word_1_236' title='bbox 1063 3701 1336 3767; x_wconf 85' lang='lat' dir='ltr'><strong>concilio</strong></span> <span class='ocrx_word' id='word_1_237' title='bbox 1358 3700 1623 3784; x_wconf 83' lang='lat' dir='ltr'><strong>allegari</strong></span> <span class='ocrx_word' id='word_1_238' title='bbox 1651 3705 1870 3782; x_wconf 87' lang='lat' dir='ltr'><strong>potest</strong></span> <span class='ocrx_word' id='word_1_239' title='bbox 1894 3696 2234 3762; x_wconf 87' lang='lat' dir='ltr'><strong>decretum</strong></span> <span class='ocrx_word' id='word_1_240' title='bbox 2257 3698 2436 3784; x_wconf 87' lang='lat' dir='ltr'><strong>(sess.</strong></span> <span class='ocrx_word' id='word_1_241' title='bbox 2464 3700 2573 3776; x_wconf 80' lang='lat'><strong>24,</strong></span> 
     </span>
     <span class='ocr_line' id='line_1_31' title="bbox 358 3809 2584 3898; baseline -0 -21"><span class='ocrx_word' id='word_1_242' title='bbox 358 3830 415 3877; x_wconf 89' lang='lat' dir='ltr'><strong>c.</strong></span> <span class='ocrx_word' id='word_1_243' title='bbox 457 3809 586 3889; x_wconf 86' lang='lat'><strong>13),</strong></span> <span class='ocrx_word' id='word_1_244' title='bbox 636 3832 767 3898; x_wconf 87' lang='lat' dir='ltr'><strong>quo</strong></span> <span class='ocrx_word' id='word_1_245' title='bbox 809 3813 1128 3898; x_wconf 84' lang='lat' dir='ltr'><strong>jubentur</strong></span> <span class='ocrx_word' id='word_1_246' title='bbox 1184 3813 1481 3898; x_wconf 88' lang='lat' dir='ltr'><strong>Episcopi</strong></span> <span class='ocrx_word' id='word_1_247' title='bbox 1515 3820 1614 3890; x_wconf 89' lang='lat' dir='ltr'><strong>ut,</strong></span> <span class='ocrx_word' id='word_1_248' title='bbox 1666 3818 1734 3875; x_wconf 82' lang='lat' dir='ltr'><strong>in</strong></span> <span class='ocrx_word' id='word_1_249' title='bbox 1777 3817 1857 3875; x_wconf 81' lang='lat' dir='ltr'><strong>iis</strong></span> <span class='ocrx_word' id='word_1_250' title='bbox 1901 3813 2046 3873; x_wconf 80' lang='lat' dir='ltr'><strong>locis</strong></span> <span class='ocrx_word' id='word_1_251' title='bbox 2076 3814 2180 3873; x_wconf 80' lang='lat' dir='ltr'><strong>ubi</strong></span> <span class='ocrx_word' id='word_1_252' title='bbox 2201 3814 2584 3894; x_wconf 75' lang='lat' dir='ltr'><strong>parochiales</strong></span> 
     </span>
     <span class='ocr_line' id='line_1_32' title="bbox 357 3928 2583 4009; baseline 0.001 -21"><span class='ocrx_word' id='word_1_253' title='bbox 357 3928 612 3989; x_wconf 68' lang='lat' dir='ltr'><strong>ecelesiae</strong></span> <span class='ocrx_word' id='word_1_254' title='bbox 638 3935 827 3990; x_wconf 79' lang='lat' dir='ltr'><strong>certos</strong></span> <span class='ocrx_word' id='word_1_255' title='bbox 855 3948 976 3992; x_wconf 78' lang='lat' dir='ltr'><strong>non</strong></span> <span class='ocrx_word' id='word_1_256' title='bbox 1010 3929 1226 3991; x_wconf 77' lang='lat' dir='ltr'><strong>habent</strong></span> <span class='ocrx_word' id='word_1_257' title='bbox 1256 3928 1430 4006; x_wconf 78' lang='lat' dir='ltr'><strong>fines,</strong></span> <span class='ocrx_word' id='word_1_258' title='bbox 1466 3947 1571 3991; x_wconf 78' lang='lat' dir='ltr'><strong>nec</strong></span> <span class='ocrx_word' id='word_1_259' title='bbox 1601 3946 1802 3990; x_wconf 66' lang='lat' dir='ltr'><strong>aarum</strong></span> <span class='ocrx_word' id='word_1_260' title='bbox 1843 3932 2095 3988; x_wconf 81' lang='lat' dir='ltr'><strong>rectores</strong></span> <span class='ocrx_word' id='word_1_261' title='bbox 2117 3933 2433 4008; x_wconf 79' lang='lat' dir='ltr'><strong>proprium</strong></span> <span class='ocrx_word' id='word_1_262' title='bbox 2470 3948 2583 4009; x_wconf 87' lang='lat' dir='ltr'><strong>po-</strong></span> 
     </span>
     <span class='ocr_line' id='line_1_33' title="bbox 356 4043 2580 4126; baseline 0.001 -22"><span class='ocrx_word' id='word_1_263' title='bbox 356 4043 567 4118; x_wconf 79' lang='lat' dir='ltr'><strong>pulum</strong></span> <span class='ocrx_word' id='word_1_264' title='bbox 606 4062 777 4123; x_wconf 73' lang='lat' dir='ltr'><strong>quem</strong></span> <span class='ocrx_word' id='word_1_265' title='bbox 812 4051 1048 4126; x_wconf 76' lang='lat' dir='ltr'><strong>reqant,</strong></span> <span class='ocrx_word' id='word_1_266' title='bbox 1097 4046 1381 4107; x_wconf 78' lang='lat' dir='ltr'><strong>distincto</strong></span> <span class='ocrx_word' id='word_1_267' title='bbox 1401 4045 1623 4126; x_wconf 81' lang='lat' dir='ltr'><strong>populo</strong></span> <span class='ocrx_word' id='word_1_268' title='bbox 1659 4049 1725 4105; x_wconf 82' lang='lat' dir='ltr'><strong>in</strong></span> <span class='ocrx_word' id='word_1_269' title='bbox 1756 4048 1949 4104; x_wconf 79' lang='lat' dir='ltr'><strong>certas</strong></span> <span class='ocrx_word' id='word_1_270' title='bbox 1981 4047 2372 4123; x_wconf 78' lang='lat' dir='ltr'><strong>propriasque</strong></span> <span class='ocrx_word' id='word_1_271' title='bbox 2393 4063 2580 4124; x_wconf 84' lang='lat' dir='ltr'><strong>paro-</strong></span> 
     </span>
     <span class='ocr_line' id='line_1_34' title="bbox 358 4155 2583 4242; baseline 0.001 -26"><span class='ocrx_word' id='word_1_272' title='bbox 358 4155 545 4232; x_wconf 72' lang='lat' dir='ltr'><strong>chias,</strong></span> <span class='ocrx_word' id='word_1_273' title='bbox 603 4163 922 4241; x_wconf 75' lang='lat' dir='ltr'><strong>unicuique</strong></span> <span class='ocrx_word' id='word_1_274' title='bbox 958 4179 1130 4223; x_wconf 76' lang='lat' dir='ltr'><strong>suum</strong></span> <span class='ocrx_word' id='word_1_275' title='bbox 1161 4165 1516 4242; x_wconf 78' lang='lat' dir='ltr'><strong>perpetuum</strong></span> <span class='ocrx_word' id='word_1_276' title='bbox 1557 4160 2033 4238; x_wconf 77' lang='lat' dir='ltr'><strong>peculiaremque</strong></span> <span class='ocrx_word' id='word_1_277' title='bbox 2074 4157 2398 4235; x_wconf 77' lang='lat' dir='ltr'><strong>parochum</strong></span> <span class='ocrx_word' id='word_1_278' title='bbox 2427 4162 2583 4221; x_wconf 77' lang='lat' dir='ltr'><strong>assi-</strong></span> 
     </span>
     <span class='ocr_line' id='line_1_35' title="bbox 357 4259 2582 4358; baseline 0 -21"><span class='ocrx_word' id='word_1_279' title='bbox 357 4280 559 4352; x_wconf 70' lang='lat' dir='ltr'><strong>quent.</strong></span> <span class='ocrx_word' id='word_1_280' title='bbox 585 4275 729 4340; x_wconf 89' lang='lat' dir='ltr'><strong>Non</strong></span> <span class='ocrx_word' id='word_1_281' title='bbox 754 4259 975 4340; x_wconf 84' lang='lat' dir='ltr'><strong>tamen</strong></span> <span class='ocrx_word' id='word_1_282' title='bbox 1004 4274 1270 4341; x_wconf 86' lang='lat' dir='ltr'><strong>videtur</strong></span> <span class='ocrx_word' id='word_1_283' title='bbox 1293 4294 1376 4340; x_wconf 80' lang='lat' dir='ltr'><strong>ex</strong></span> <span class='ocrx_word' id='word_1_284' title='bbox 1396 4274 1517 4339; x_wconf 88' lang='lat' dir='ltr'><strong>hoc</strong></span> <span class='ocrx_word' id='word_1_285' title='bbox 1542 4280 1733 4338; x_wconf 85' lang='lat' dir='ltr'><strong>textu</strong></span> <span class='ocrx_word' id='word_1_286' title='bbox 1754 4273 2043 4356; x_wconf 84' lang='lat' dir='ltr'><strong>rigorose</strong></span> <span class='ocrx_word' id='word_1_287' title='bbox 2071 4270 2374 4337; x_wconf 85' lang='lat' dir='ltr'><strong>concludi</strong></span> <span class='ocrx_word' id='word_1_288' title='bbox 2395 4291 2582 4358; x_wconf 90' lang='lat' dir='ltr'><strong>posse</strong></span> 
     </span>
    </p>
   </div>
   <div class='ocr_carea' id='block_1_3' title="bbox 359 4385 2582 4555">
    <p class='ocr_par' dir='ltr' id='par_1_6' title="bbox 359 4385 2582 4555">
     <span class='ocr_line' id='line_1_36' title="bbox 359 4385 2582 4484; baseline -0 -32"><span class='ocrx_word' id='word_1_289' title='bbox 359 4388 686 4453; x_wconf 86' lang='lat' dir='ltr'><strong>unicitatis</strong></span> <span class='ocrx_word' id='word_1_290' title='bbox 736 4387 1000 4474; x_wconf 86' lang='lat' dir='ltr'><strong>parochi</strong></span> <span class='ocrx_word' id='word_1_291' title='bbox 1056 4390 1530 4456; x_wconf 86' lang='lat' dir='ltr'><strong>necessitatem.</strong></span> <span class='ocrx_word' id='word_1_292' title='bbox 1584 4389 1741 4453; x_wconf 90' lang='lat' dir='ltr'><strong>Nam</strong></span> <span class='ocrx_word' id='word_1_293' title='bbox 1785 4393 2005 4469; x_wconf 78' lang='lat' dir='ltr'><strong>primo,</strong></span> <span class='ocrx_word' id='word_1_294' title='bbox 2059 4387 2127 4450; x_wconf 90' lang='lat' dir='ltr'><strong>in</strong></span> <span class='ocrx_word' id='word_1_295' title='bbox 2175 4386 2347 4452; x_wconf 85' lang='lat' dir='ltr'><strong>hunc</strong></span> <span class='ocrx_word' id='word_1_296' title='bbox 2393 4385 2582 4484; x_wconf 62' lang='lat' dir='ltr'><strong>dum7</strong></span> 
     </span>
     <span class='ocr_line' id='line_1_37' title="bbox 2200 4495 2380 4555; baseline -0.011 0"><span class='ocrx_word' id='word_1_297' title='bbox 2200 4499 2207 4504; x_wconf 82' lang='lat'><strong>&#39;</strong></span> <span class='ocrx_word' id='word_1_298' title='bbox 2312 4495 2380 4555; x_wconf 79' lang='lat'><strong>¹3</strong></span> 
     </span>
    </p>
   </div>
  </div>
 </body>
</html>
