3146 4973
1205 367 1365 417 rans
1407 368 1637 417 rums.
2419 361 2543 425 113

333 522 364 561 a
395 501 510 562 lica
555 517 676 561 non
714 516 838 559 esse
884 494 1284 559 hierarchiam
1326 496 1539 558 divina
1589 495 1969 558 ordinatione
2008 500 2379 577 institutam,
2416 517 2550 579 quoe

329 634 360 671 α
391 617 618 674 constat
642 630 722 672 ex
750 612 1079 691 Episcopis,
1107 610 1476 690 presbyteris
1494 614 1552 669 et
1573 611 1899 686 ministris,
1932 609 2254 673 anatliema
2271 615 2379 674 sit.
2403 611 2548 691 Quo

325 749 357 786 α
390 724 751 810 dogmatico
777 742 1025 789 canone
1048 722 1466 788 manifestum
1490 729 1612 802 est,
1637 722 1701 786 in
1726 721 2108 803 hierarchia,
2136 722 2353 789 divina
2378 723 2551 791 ordi-

326 865 356 899 α
385 816 656 905 ηαῐὶοιιό
688 840 1004 916 instituta,
1050 835 1542 922 comprehendi,
1580 856 1709 903 non
1738 839 2088 924 Episcopos
2118 848 2397 920 tantum,
2435 849 2552 909 aut

324 976 356 1013 α
385 952 702 1036 parochos
738 951 921 1037 (quos
947 970 1072 1016 nec
1103 951 1482 1016 nominatim
1528 950 1875 1016 concilium
1909 950 2276 1037 memorat),
2315 971 2551 1019 verum

324 1092 356 1131 α
385 1065 742 1134 indefinitis
774 1065 993 1132 verbis
1023 1067 1484 1151 presbyteros;
1522 1073 1663 1131 tum
1698 1073 1767 1132 et
1797 1067 2146 1146 ministros,
2182 1086 2345 1153 quos
2379 1070 2553 1135 iuter

322 1206 354 1245 α
387 1183 599 1266 primo
628 1179 838 1266 gradu
866 1188 934 1246 et
957 1181 1102 1248 loco
1134 1179 1436 1246 diaconos
1462 1181 1714 1247 censeri
1746 1187 2047 1248 constans
2075 1182 2157 1249 ab
2186 1184 2555 1269 apostolicis

323 1320 355 1360 α
387 1298 792 1382 temporibus
827 1297 1126 1362 Ecclesiae
1164 1295 1429 1362 traditio
1465 1296 1878 1363 confirmavit
1885 1346 2021 1363 .....

403 1437 438 1477 α
474 1412 672 1496 Quod
707 1413 764 1478 si
792 1410 1146 1497 primordia
1179 1411 1556 1478 hierarchiae
1589 1411 1670 1478 ab
1701 1414 2080 1496 apostolicis
2113 1435 2320 1502 usque
2358 1417 2556 1487 ducta

320 1554 351 1593 α
379 1531 787 1615 temporibus
823 1530 1113 1596 recolere
1157 1530 1470 1595 memoria
1514 1530 1851 1607 volumuS‚
1901 1549 2274 1615 expressam
2323 1554 2553 1601 eorum

319 1671 349 1707 a
375 1647 665 1730 speciem
702 1665 779 1711 ac
818 1645 1093 1711 formam
1134 1643 1384 1711 referet
1420 1662 1693 1727 magnus
1721 1644 1829 1710 ille
1859 1644 2325 1730 Apostolorum
2366 1647 2551 1714 disci·

317 1788 348 1825 α
379 1765 600 1847 pulus,
635 1781 899 1829 summae
923 1762 1109 1826 virin
1147 1760 1427 1826 Ecclesia
1453 1762 1880 1838 auctoritatis,
1921 1772 2178 1848 martyr
2208 1765 2497 1849 Ignatius
2531 1788 2547 1832 t

317 1903 346 1941 a
373 1884 641 1944 Locutus
661 1900 814 1956 sum,
847 1877 1079 1961 inquit,
1108 1896 1328 1956 maana
1347 1896 1507 1955 voce,
1543 1880 1659 1938 Dei
1687 1896 1823 1939 voce
1849 1897 1869 1939 .·
1896 1882 2193 1961 Episcopo
2229 1884 2547 1957 attendite,

319 2020 349 2057 α
377 2006 436 2062 et
447 1998 829 2081 presbyteris
844 2002 901 2056 ec
932 1996 1205 2057 diaconis
1227 1990 1440 2078 (epist.
1460 1989 1545 2055 ad
1575 1989 1885 2076 Philad.).
1915 1996 2074 2059 Tum
2099 1996 2166 2059 in
2183 1996 2451 2080 epistola
2466 1996 2552 2062 ad

312 2135 342 2173 «
375 2114 750 2197 smyrnaeos
782 2131 796 2175 ε
837 2114 1053 2174 omnes
1075 2112 1434 2189 Episcopum
1464 2113 1805 2188 sequimini,
1845 2116 1913 2171 ut
1931 2111 2421 2174 lesus-Christus
2439 2115 2555 2175 Pa-

315 2253 343 2291 «
373 2238 560 2309 irem,·
587 2237 646 2291 et
666 2230 1084 2311 presbyterum
1111 2231 1182 2287 ui
1215 2227 1526 2317 Apostolos
1537 2247 1567 2301 ‚·
1597 2226 1881 2288 diaconos
1913 2232 2115 2288 autem
2152 2233 2552 2291 revereamini

315 2370 345 2407 a
375 2355 442 2410 ut
463 2351 586 2412 Dei
616 2347 992 2408 mandatum.
1030 2342 1127 2405 En
1155 2338 1580 2404 hierarchiam
1616 2336 1835 2403 divina
1865 2337 2273 2407 ordinatione
2313 2344 2551 2407 cousti-

316 2484 346 2523 α
375 2466 617 2540 tutam,
668 2463 1072 2527 constantem
1115 2476 1200 2523 ex
1250 2455 1569 2539 Episcopo
1588 2504 1604 2534 ‚
1656 2453 2067 2539 preshyteris
2114 2465 2184 2523 et
2236 2454 2545 2537 diaconis,

314 2599 344 2636 α
375 2586 505 2642 sine
541 2579 762 2660 quibus
802 2572 909 2661 (ad
939 2568 1319 2655 Trallenses)
1352 2573 1620 2633 Ecclesia
1661 2591 1782 2634 non
1818 2579 2090 2636 vocatur.
2148 2572 2307 2653 Quoe
2348 2592 2550 2659 porro

314 2714 344 2754 α
375 2694 502 2758 sint
533 2693 608 2758 in
635 2710 714 2757 ea
744 2697 966 2774 partes
993 2688 1315 2772 Episcopi,
1348 2686 1564 2769 pergit
1597 2685 1960 2769 Smyrnaeos
1991 2685 2231 2752 docere
2265 2692 2530 2752 :Nullus

313 2832 342 2870 α
374 2817 502 2874 sine
514 2813 810 2891 Episcopo
829 2807 1067 2888 aliquid
1088 2809 1364 2886 operetur
1385 2822 1612 2882 eorum,
1636 2821 1767 2883 quoe
1784 2810 2147 2867 conveniunt
2171 2810 2235 2866 in
2252 2807 2545 2871 Ecclesia.

314 2949 345 2986 α
373 2929 508 2991 Illa-
530 2926 722 3004 firma
749 2928 1090 3005 qratiarum
1103 2926 1264 2984 actio
1291 2925 1626 3000 reputetur,
1661 2937 1793 2998 quce
1813 2921 1924 2980 sub
1948 2924 2076 3000 ipso
2102 2927 2214 2999 esi,
2242 2923 2339 2983 vel
2368 2942 2549 3002 quam

316 3064 346 3101 α
376 3049 588 3124 utique
623 3045 751 3122 ipse
780 3044 1154 3102 concesserit.
1204 3039 1318 3099 Ubi
1354 3041 1610 3116 apparet
1651 3036 2002 3117 Episcopus,
2056 3038 2189 3097 illic
2218 3038 2549 3101 multitudo

315 3179 345 3216 α
374 3164 456 3220 sit
484 3178 506 3220 .·
534 3155 1036 3239 quemadmodum
1061 3156 1269 3232 utique
1289 3151 1395 3212 ubi
1426 3155 1516 3211 est
1550 3148 1835 3211 Christus
1859 3151 2054 3228 Iesus,
2094 3152 2226 3212 illic
2254 3153 2549 3216 catholica

316 3294 344 3330 a
374 3276 670 3336 Ecclesia.
711 3273 848 3335 Non
877 3271 1112 3331 licitum
1158 3273 1246 3328 est
1288 3271 1416 3328 sine
1445 3268 1743 3345 Episcopo
1781 3283 1966 3344 neque
1998 3266 2332 3346 baptizare,
2366 3287 2552 3348 neque

315 3409 344 3446 a
375 3391 624 3469 Aqapen
664 3388 861 3465 facere
905 3403 926 3445 .·
965 3385 1070 3446 secl
1122 3383 1280 3463 quod
1326 3385 1531 3460 utique
1580 3379 1686 3439 ille
1726 3379 2101 3459 probaverit,
2155 3380 2261 3440 hoc
2299 3387 2387 3441 est
2429 3384 2553 3444 Deo

317 3525 347 3564 a
377 3505 836 3585 beneplacitum,
871 3507 943 3562 ut
971 3499 1187 3560 stabile
1222 3502 1304 3559 sit
1350 3501 1410 3557 ec
1439 3495 1687 3572 firmum
1713 3513 1883 3555 ornae
1903 3495 2061 3574 quod
2090 3500 2318 3575 aqitur.
2350 3500 2554 3559 Hono-

319 3642 348 3678 «
379 3640 525 3684 rans
554 3623 914 3700 Episcopum
947 3635 988 3678 a
1015 3619 1140 3678 Deo
1172 3615 1501 3676 honoratus
1529 3618 1619 3674 est
1650 3631 1670 3673 .·
1698 3616 1802 3692 qui
1827 3612 2136 3673 occultans
2167 3614 2244 3674 ab
2261 3615 2552 3694 Episcopo

319 3756 350 3793 α
378 3736 621 3816 aliquid
661 3738 967 3815 operatur,
1020 3729 1260 3792 diabolo
1302 3734 1564 3808 praestat
1610 3729 1972 3806 obsequium.
2011 3724 2105 3790 Ex
2156 3724 2254 3790 his
2300 3734 2552 3792 constat

321 3871 350 3910 α
383 3849 556 3914 hunc
596 3846 794 3912 fuisse
831 3852 1071 3911 statum
1116 3842 1659 3927 presbyterorum
1691 3841 1755 3904 in
1795 3840 2106 3917 Ecclesia,
2145 3848 2218 3906 ut
2253 3843 2552 3926 quamvis

323 3984 353 4021 α
387 3981 507 4047 pro
559 3966 887 4047 potestate
932 3958 1144 4025 ordini
1188 3957 1500 4023 divinitus
1527 3954 1860 4040 adjuncta,
1912 3956 2050 4039 apti
2093 3964 2310 4022 essent
2352 3965 2552 4042 atque

328 4100 358 4138 α
391 4077 612 4144 idonei
644 4076 729 4143 ad
765 4074 1193 4142 sacerdotalia
1227 4090 1498 4137 munera
1523 4069 1880 4154 fungenda,
1916 4071 2082 4136 nulli
2111 4070 2432 4138 accedere
2465 4071 2554 4137 ad

329 4215 360 4253 α
393 4212 470 4257 ea
503 4193 606 4258 fas
631 4200 827 4269 esset,
866 4190 985 4254 nisi
1011 4188 1198 4273 jussu
1233 4207 1309 4252 ac
1343 4194 1510 4252 nutu
1539 4186 1863 4271 Episcopi.
1899 4187 2088 4252 Nulla
2117 4196 2260 4253 erat
2287 4188 2555 4271 singulis

328 4330 361 4369 α
393 4308 799 4393 presbyteris
827 4303 1166 4389 singularis
1190 4302 1507 4367 attributa
1538 4302 1754 4386 portio
1786 4302 2002 4385 gregis
2032 4321 2225 4387 quam
2248 4308 2552 4385 regeret3

330 4445 363 4484 α
393 4423 511 4490 sed
546 4424 610 4488 in
650 4424 955 4489 universo
999 4438 1197 4506 grege
1243 4415 1536 4502 regendo
1582 4435 1762 4483 suam
1802 4419 2073 4503 quisquc
2124 4436 2245 4502 pro
2283 4417 2432 4483 loco
2480 4435 2557 4481 ac

2312 4530 2346 4587 8
