3146 4973
1245 329 1399 378 PARS
1438 329 1707 389 Quium.
2460 309 2531 369 61
2561 311 2576 370 1

374 451 736 526 innocentii
769 451 864 522 ΠΙ
889 448 1234 524 decretalis
1261 455 1308 514 A
1337 452 1532 527 nobis,
1566 447 1803 518 merito
1837 444 2243 529 intelligitur,
2276 446 2458 529 quasi
2486 446 2595 512 Ni-

373 585 630 640 coenum
660 585 972 638 canonem
1006 570 1406 634 renovasset.
1444 563 1696 632 Nicoeni
1726 580 1887 628 vero
1919 561 2149 628 Patres
2180 560 2260 628 iis
2288 559 2600 642 generali·

375 682 498 750 bus
539 681 758 750 verbis
797 683 916 750 usi.
945 687 1118 761 sunt,
1154 683 1247 743 vel
1287 700 1388 748 eas
1427 687 1662 744 tantum
1702 698 1993 761 personas
2031 698 2162 759 quoe
2209 681 2601 757 mpicionem

376 803 696 882 effuqiunt.
734 796 940 864 Porro
986 815 1067 862 ex
1109 797 1433 864 communi
1473 795 1893 862 aestimatione
1940 800 2009 859 et
2044 792 2334 876 generali
2365 790 2609 858 dioece-

377 933 534 984 seon
564 914 770 998 praxi,
797 912 1076 991 stimulat,
1112 910 1194 982 de
1233 911 1473 998 quihus
1505 912 1573 980 in
1616 911 1805 990 thesi,
1845 916 2198 978 censentur
2232 908 2355 974 sub
2386 907 2611 976 relatis

379 1030 635 1106 decreti
684 1028 905 1098 verbis
941 1027 1409 1112 comprehendi
1456 1051 1471 1094 ε
1514 1036 1868 1100 censentur
1906 1045 2162 1109 nempe,
2224 1025 2615 1108 regulariter

381 1144 736 1231 loquendo,
777 1143 862 1220 de
905 1145 983 1210 iis
1028 1163 1170 1231 quae
1214 1145 1558 1230 suspicioni
1610 1163 1742 1214 non
1803 1142 1961 1208 dant
1998 1142 2240 1210 locum,
2280 1141 2365 1205 Et
2397 1138 2617 1224 quoad

382 1269 642 1334 aetatem
690 1262 1124 1334 communiter
1164 1260 1522 1332 aestimatur
1557 1260 1710 1326 satis
1760 1277 1925 1338 esse,
1987 1255 2165 1343 quod
2205 1254 2619 1341 quadragesi-

383 1396 562 1448 mum
592 1396 830 1450 annum
873 1376 1147 1460 egerint.
1190 1375 1382 1460 (Vide
1414 1373 2016 1458 Schmalzgrueher‚
2048 1373 2247 1440 citato
2282 1368 2485 1455 loeo.)

475 1492 873 1562 Pnoposnw
902 1492 1037 1556 VP.
1079 1530 1161 1541 —
1198 1495 1489 1574 Quamvis
1523 1511 1562 1554 α
1603 1496 1793 1556 sacris
1839 1492 2161 1556 canonibus
2215 1490 2451 1552 clericis
2494 1507 2626 1552 con-

385 1610 632 1672 cedatur
653 1608 1017 1672 cohabitatio
1045 1627 1177 1670 cum
1206 1609 1571 1690 supradictis
1602 1608 1892 1686 foeminis,
1932 1608 1999 1674 id
2028 1624 2259 1687 semper
2282 1606 2628 1684 intelligen-

387 1725 531 1790 dum
559 1730 646 1787 est
675 1743 810 1794 cum
852 1724 1237 1800 limitatione,
1277 1728 1399 1786 nisi
1434 1725 1601 1788 adsit
1627 1725 1966 1805 periculum
1995 1724 2090 1788 vel
2122 1723 2499 1788 scandalum.
2537 1757 2627 1770 --

393 1838 557 1910 Nam
586 1838 944 1912 Innocentii
966 1838 1064 1906 III
1095 1836 1467 1917 decretalis,
1501 1845 1885 1923 caeteraeque
1915 1856 2159 1916 omneS,
2196 1854 2339 1921 quae
2369 1856 2406 1908 a
2430 1854 2626 1919 gene-

395 1954 520 2019 rali
555 1952 992 2040 prohibitione
1019 1953 1362 2024 nonnullas
1388 1954 1726 2037 excipiunt
1749 1953 2068 2030 foeminas‚
2104 1950 2257 2019 ideo
2285 1950 2626 2022 dumtaxat

396 2086 507 2136 eas
536 2067 890 2154 excipiunt,
926 2067 1103 2153 quod
1153 2070 1581 2153 suspicionem
1629 2067 1983 2152 effugatum
2035 2088 2112 2133 ae
2146 2066 2422 2151 proinde
2456 2067 2523 2141 in
2546 2083 2627 2138 ea

396 2191 653 2254 tantum
693 2184 1066 2269 hypothesi,
1105 2182 1283 2269 quod
1323 2204 1452 2252 non
1491 2184 1664 2252 adsit
1710 2184 2078 2267 periculum
2119 2202 2331 2269 neque
2369 2181 2628 2256 scandu-

394 2298 555 2368 lum.
609 2298 801 2368 Unde
847 2299 901 2366 si
956 2296 1040 2365 de
1080 2299 1276 2378 facto,
1332 2299 1417 2368 ob
1474 2300 1837 2384 peculiares
1885 2299 2420 2376 circumstantias,
2460 2297 2629 2370 adsit

396 2415 759 2503 periculum
788 2421 903 2482 aut
935 2411 1338 2492 scandalum,
1392 2435 1526 2482 non
1566 2435 1891 2495 concessa,
1925 2414 2044 2482 sed
2080 2413 2406 2500 prohibita
2435 2413 2626 2484 enha-

395 2529 627 2605 bitatio
655 2529 979 2607 censenda
1015 2538 1137 2599 est.
1164 2530 1605 2616 proceditque
1627 2531 1748 2599 hoc
1776 2532 1975 2599 etiam
2008 2530 2223 2616 quoad
2246 2532 2624 2615 consangui-

395 2664 551 2715 neas
581 2645 886 2721 affinesve
918 2645 1258 2731 quaslibet.

491 2784 522 2825 α
560 2762 781 2847 Neque
815 2759 1015 2841 dicas,
1044 2762 1139 2829 ait
1172 2761 1759 2846 Schmalzgrueber
1791 2763 1958 2849 (loco
1992 2761 2239 2847 citato),
2270 2763 2393 2831 hoc
2424 2761 2621 2829 modo

406 2900 438 2939 a
475 2876 724 2947 nullum
755 2895 899 2943 esse
937 2875 1286 2943 discrimen
1325 2879 1499 2945 inter
1535 2877 1916 2962 conjunctas
1959 2880 2268 2962 sauguine
2306 2887 2376 2947 et
2403 2887 2622 2949 extra-

405 3016 437 3053 α
475 3011 662 3076 neas3
705 3011 855 3063 nam
883 2992 1098 3061 adhuc
1129 2993 1338 3061 latum
1379 2992 1730 3059 discrimen
1760 2996 1935 3060 inter
1973 2994 2087 3063 has
2132 3001 2202 3059 et
2242 2994 2383 3067 illas
2424 2996 2622 3060 inter-

403 3131 435 3171 «
459 3107 724 3194 jicitur:
768 3109 1256 3191 consanguineae
1287 3111 1480 3188 enim,
1515 3110 1774 3177 tametsi
1805 3108 2084 3194 juvenes
2108 3110 2263 3189 sint,
2296 3128 2427 3175 non
2467 3119 2622 3179 sunt

402 3250 437 3288 a
470 3231 815 3309 suspectae3
857 3225 1138 3310 ideoque
1176 3225 1547 3292 cohabitare
1598 3233 1869 3309 possunt
1919 3226 2155 3292 clerico
2198 3224 2521 3293 ordinarie
2551 3238 2621 3295 et

404 3365 435 3403 (ι
474 3360 596 3426 per
627 3360 696 3408 se
728 3339 1079 3426 loquendo,
1118 3342 1239 3409 nisi
1269 3361 1390 3426 per
1420 3340 1730 3407 accidens
1766 3339 1982 3407 adsint
2005 3342 2171 3407 tales
2198 3343 2621 3411 circumstan-

405 3481 438 3518 α
480 3458 584 3525 tite
613 3464 684 3523 et
713 3455 974 3538 indicia,
992 3465 1067 3523 ut
1101 3458 1283 3523 locus
1314 3457 1398 3523 sit
1433 3457 1806 3541 suspicioni,
1829 3457 1965 3522 sive
2004 3465 2278 3540 propter
2313 3460 2621 3541 ipsasmet

408 3595 441 3635 α
482 3573 1001 3655 consanguineas,
1033 3573 1169 3638 sive
1205 3580 1478 3656 propter
1499 3573 1771 3639 famulas
1796 3580 1866 3639 et
1883 3573 2108 3651 sociae,
2137 3592 2282 3659 quae
2307 3592 2448 3643 esse
2471 3593 2623 3641 cum

409 3711 441 3749 α
483 3686 606 3753 illis
656 3686 886 3753 solent.
922 3688 1161 3754 Contra
1191 3695 1540 3766 extraneae,
1585 3707 1665 3753 eo
1688 3690 1829 3772 ipso
1858 3689 2066 3755 solent
2098 3708 2236 3755 esse
2272 3697 2615 3774 suspectui,

407 3826 441 3866 a
481 3801 630 3889 quia
656 3800 932 3886 juvenes
987 3811 1181 3887 sunt3
1236 3802 1516 3888 ideoque
1558 3804 1948 3870 cohabitatio
1992 3805 2250 3871 illarum
2298 3805 2623 3889 prohibita

406 3942 441 3980 α
483 3926 586 3984 est
617 3917 870 3983 clericis
895 3916 1043 4000 jure
1075 3920 1406 3984 canonico.
1431 3941 1464 3980 n

493 4033 891 4098 Pnorosrrlo
926 4031 1101 4097 vm.
1134 4068 1224 4080 -—
1258 4036 1480 4114 Nequit
1519 4036 1849 4116 Episcopus
1874 4034 2220 4115 prohibere,
2251 4054 2326 4099 ne
2361 4038 2628 4100 dioecesis

405 4166 527 4211 ενα·
553 4150 758 4209 clerici
777 4166 908 4209 cum
935 4149 1066 4210 ulla
1087 4152 1326 4211 omuino
1348 4150 1595 4229 fcemina
1631 4150 1992 4214 cohabitent.
2025 4184 2114 4198 —-
2142 4151 2282 4215 Non
2320 4152 2493 4217 enim
2523 4171 2630 4235 po-

407 4268 540 4330 test
569 4263 926 4346 Episcopus
973 4271 1200 4330 contra
1232 4263 1337 4349 jus
1392 4283 1731 4332 commune
1775 4264 1990 4333 valide
2039 4265 2398 4337 decernere
2437 4291 2451 4335 ε
2486 4266 2626 4347 sed,

408 4388 483 4446 ut
513 4378 710 4447 modo
733 4378 1034 4460 vidimus),
1064 4381 1130 4447 vi
1153 4380 1318 4464 juris
1347 4383 1702 4449 communis
1733 4383 2109 4452 facultatem
2139 4385 2384 4451 habent
2414 4385 2635 4451 clerIci
