<?xml version="1.0" encoding="UTF-8"?>
<!DOCTYPE html PUBLIC "-//W3C//DTD XHTML 1.0 Transitional//EN"
    "http://www.w3.org/TR/xhtml1/DTD/xhtml1-transitional.dtd">
<html xmlns="http://www.w3.org/1999/xhtml" xml:lang="en" lang="en">
 <head>
  <title>
</title>
<meta http-equiv="Content-Type" content="text/html;charset=utf-8" />
  <meta name='ocr-system' content='tesseract 3.04.00' />
  <meta name='ocr-capabilities' content='ocr_page ocr_carea ocr_par ocr_line ocrx_word'/>
</head>
<body>
  <div class='ocr_page' id='page_1' title='image "./tractatusdeparo00bouigoog_0677.png"; bbox 0 0 3146 4973; ppageno 0'>
   <div class='ocr_carea' id='block_1_1' title="bbox 2284 3 2934 6">
    <p class='ocr_par' dir='ltr' id='par_1_1' title="bbox 2284 3 2934 6">
     <span class='ocr_line' id='line_1_1' title="bbox 2284 3 2934 6; baseline 0 0"><span class='ocrx_word' id='word_1_1' title='bbox 2284 3 2934 6; x_wconf 95' lang='lat' dir='ltr'><strong> </strong></span> 
     </span>
    </p>
   </div>
   <div class='ocr_carea' id='block_1_2' title="bbox 1243 441 2550 505">
    <p class='ocr_par' dir='ltr' id='par_1_2' title="bbox 1243 441 2550 505">
     <span class='ocr_line' id='line_1_2' title="bbox 1243 441 2550 505; baseline 0.002 -3"><span class='ocrx_word' id='word_1_2' title='bbox 1243 454 1568 505; x_wconf 72' lang='lat' dir='ltr'><strong>srrmtx</strong></span> <span class='ocrx_word' id='word_1_3' title='bbox 1615 456 1659 501; x_wconf 81' lang='grc' dir='ltr'><strong>ι.</strong></span> <span class='ocrx_word' id='word_1_4' title='bbox 2419 441 2550 504; x_wconf 82' lang='lat'><strong>665</strong></span> 
     </span>
    </p>
   </div>
   <div class='ocr_carea' id='block_1_3' title="bbox 317 576 2563 3674">
    <p class='ocr_par' dir='ltr' id='par_1_3' title="bbox 317 576 2563 3444">
     <span class='ocr_line' id='line_1_3' title="bbox 317 576 2554 669; baseline -0 -22"><span class='ocrx_word' id='word_1_5' title='bbox 317 580 519 647; x_wconf 84' lang='lat' dir='ltr'><strong>Sedes</strong></span> <span class='ocrx_word' id='word_1_6' title='bbox 553 577 942 664; x_wconf 84' lang='lat' dir='ltr'><strong>Apostolica,</strong></span> <span class='ocrx_word' id='word_1_7' title='bbox 970 577 1175 646; x_wconf 82' lang='lat' dir='ltr'>tradit</span> <span class='ocrx_word' id='word_1_8' title='bbox 1205 580 1515 659; x_wconf 82' lang='lat' dir='ltr'><strong>Ferraris‚</strong></span> <span class='ocrx_word' id='word_1_9' title='bbox 1556 580 1625 644; x_wconf 87' lang='lat' dir='ltr'><strong>in</strong></span> <span class='ocrx_word' id='word_1_10' title='bbox 1661 576 1837 669; x_wconf 81' lang='lat' dir='ltr'><strong>hunc</strong></span> <span class='ocrx_word' id='word_1_11' title='bbox 1862 576 2130 645; x_wconf 88' lang='lat' dir='ltr'><strong>modum</strong></span> <span class='ocrx_word' id='word_1_12' title='bbox 2161 600 2176 645; x_wconf 75' lang='lat' dir='ltr'><strong>t</strong></span> <span class='ocrx_word' id='word_1_13' title='bbox 2216 601 2250 643; x_wconf 76' lang='grc' dir='ltr'><strong>ι(</strong></span> <span class='ocrx_word' id='word_1_14' title='bbox 2279 578 2554 664; x_wconf 81' lang='lat' dir='ltr'><strong>cappel-</strong></span> 
     </span>
     <span class='ocr_line' id='line_1_4' title="bbox 325 695 2548 775; baseline 0.001 -17"><span class='ocrx_word' id='word_1_15' title='bbox 325 718 358 758; x_wconf 77' lang='grc' dir='ltr'>α</span> <span class='ocrx_word' id='word_1_16' title='bbox 386 697 519 762; x_wconf 88' lang='lat' dir='ltr'><strong>lani</strong></span> <span class='ocrx_word' id='word_1_17' title='bbox 554 696 831 762; x_wconf 89' lang='lat' dir='ltr'><strong>militum</strong></span> <span class='ocrx_word' id='word_1_18' title='bbox 854 744 871 774; x_wconf 95' lang='lat'>‚</span> <span class='ocrx_word' id='word_1_19' title='bbox 911 713 1027 761; x_wconf 87' lang='lat' dir='ltr'><strong>seu</strong></span> <span class='ocrx_word' id='word_1_20' title='bbox 1067 696 1447 762; x_wconf 83' lang='lat' dir='ltr'><strong>missionarii</strong></span> <span class='ocrx_word' id='word_1_21' title='bbox 1495 696 1823 762; x_wconf 78' lang='lat' dir='ltr'><strong>exercitus</strong></span> <span class='ocrx_word' id='word_1_22' title='bbox 1844 742 1860 773; x_wconf 93' lang='lat'>,</span> <span class='ocrx_word' id='word_1_23' title='bbox 1899 695 2008 761; x_wconf 83' lang='lat' dir='ltr'><strong>vel</strong></span> <span class='ocrx_word' id='word_1_24' title='bbox 2043 702 2405 762; x_wconf 80' lang='lat' dir='ltr'><strong>castrenses</strong></span> <span class='ocrx_word' id='word_1_25' title='bbox 2427 744 2443 775; x_wconf 93' lang='lat'>,</span> <span class='ocrx_word' id='word_1_26' title='bbox 2481 698 2548 761; x_wconf 91' lang='lat' dir='ltr'><strong>in</strong></span> 
     </span>
     <span class='ocr_line' id='line_1_5' title="bbox 325 808 2552 895; baseline 0.001 -22"><span class='ocrx_word' id='word_1_27' title='bbox 325 831 360 873; x_wconf 74' lang='lat' dir='ltr'><strong>a</strong></span> <span class='ocrx_word' id='word_1_28' title='bbox 394 809 648 876; x_wconf 82' lang='lat' dir='ltr'><strong>casibus</strong></span> <span class='ocrx_word' id='word_1_29' title='bbox 671 812 739 875; x_wconf 90' lang='lat' dir='ltr'><strong>in</strong></span> <span class='ocrx_word' id='word_1_30' title='bbox 762 810 997 895; x_wconf 86' lang='lat' dir='ltr'><strong>quibus</strong></span> <span class='ocrx_word' id='word_1_31' title='bbox 1036 828 1167 875; x_wconf 89' lang='lat' dir='ltr'><strong>non</strong></span> <span class='ocrx_word' id='word_1_32' title='bbox 1190 808 1359 875; x_wconf 86' lang='lat' dir='ltr'><strong>adsit</strong></span> <span class='ocrx_word' id='word_1_33' title='bbox 1393 809 1598 875; x_wconf 80' lang='lat' dir='ltr'><strong>breve</strong></span> <span class='ocrx_word' id='word_1_34' title='bbox 1635 808 2073 893; x_wconf 83' lang='lat' dir='ltr'><strong>Apostolicum</strong></span> <span class='ocrx_word' id='word_1_35' title='bbox 2102 810 2292 875; x_wconf 88' lang='lat' dir='ltr'><strong>aliter</strong></span> <span class='ocrx_word' id='word_1_36' title='bbox 2336 808 2552 894; x_wconf 88' lang='lat' dir='ltr'><strong>dispo-</strong></span> 
     </span>
     <span class='ocr_line' id='line_1_6' title="bbox 323 924 2552 1010; baseline 0 -21"><span class='ocrx_word' id='word_1_37' title='bbox 323 950 358 989; x_wconf 79' lang='lat'>«</span> <span class='ocrx_word' id='word_1_38' title='bbox 391 945 574 1005; x_wconf 89' lang='lat' dir='ltr'><strong>nens,</strong></span> <span class='ocrx_word' id='word_1_39' title='bbox 603 924 852 993; x_wconf 88' lang='lat' dir='ltr'><strong>debent</strong></span> <span class='ocrx_word' id='word_1_40' title='bbox 873 924 1222 1010; x_wconf 88' lang='lat' dir='ltr'><strong>approbari</strong></span> <span class='ocrx_word' id='word_1_41' title='bbox 1245 924 1328 990; x_wconf 90' lang='lat' dir='ltr'><strong>ab</strong></span> <span class='ocrx_word' id='word_1_42' title='bbox 1364 924 1712 992; x_wconf 87' lang='lat' dir='ltr'><strong>Ordinario</strong></span> <span class='ocrx_word' id='word_1_43' title='bbox 1740 924 1886 1003; x_wconf 92' lang='lat' dir='ltr'><strong>loci,</strong></span> <span class='ocrx_word' id='word_1_44' title='bbox 1923 944 2056 990; x_wconf 89' lang='lat' dir='ltr'><strong>non</strong></span> <span class='ocrx_word' id='word_1_45' title='bbox 2092 933 2310 991; x_wconf 89' lang='lat' dir='ltr'><strong>autem</strong></span> <span class='ocrx_word' id='word_1_46' title='bbox 2341 945 2380 991; x_wconf 88' lang='lat' dir='ltr'><strong>a</strong></span> <span class='ocrx_word' id='word_1_47' title='bbox 2407 945 2552 1010; x_wconf 90' lang='lat' dir='ltr'><strong>cap-</strong></span> 
     </span>
     <span class='ocr_line' id='line_1_7' title="bbox 324 1038 2551 1126; baseline 0.001 -23"><span class='ocrx_word' id='word_1_48' title='bbox 324 1062 361 1103; x_wconf 78' lang='lat'>«</span> <span class='ocrx_word' id='word_1_49' title='bbox 391 1042 649 1124; x_wconf 88' lang='lat' dir='ltr'><strong>pellano</strong></span> <span class='ocrx_word' id='word_1_50' title='bbox 683 1039 912 1126; x_wconf 76' lang='lat' dir='ltr'><strong>maiori</strong></span> <span class='ocrx_word' id='word_1_51' title='bbox 940 1041 1121 1124; x_wconf 88' lang='lat' dir='ltr'><strong>regio</strong></span> <span class='ocrx_word' id='word_1_52' title='bbox 1157 1040 1236 1126; x_wconf 85' lang='lat' dir='ltr'><strong>(le</strong></span> <span class='ocrx_word' id='word_1_53' title='bbox 1269 1044 1470 1122; x_wconf 73' lang='lat' dir='ltr'><strong>qrand</strong></span> <span class='ocrx_word' id='word_1_54' title='bbox 1498 1038 1856 1124; x_wconf 80' lang='lat' dir='ltr'><strong>aumonier).</strong></span> <span class='ocrx_word' id='word_1_55' title='bbox 1891 1042 2033 1107; x_wconf 91' lang='lat' dir='ltr'><strong>Imo</strong></span> <span class='ocrx_word' id='word_1_56' title='bbox 2064 1039 2220 1107; x_wconf 88' lang='lat' dir='ltr'><strong>dato</strong></span> <span class='ocrx_word' id='word_1_57' title='bbox 2242 1038 2422 1126; x_wconf 88' lang='lat' dir='ltr'><strong>quod</strong></span> <span class='ocrx_word' id='word_1_58' title='bbox 2442 1039 2551 1106; x_wconf 87' lang='lat' dir='ltr'><strong>ad-</strong></span> 
     </span>
     <span class='ocr_line' id='line_1_8' title="bbox 322 1154 2549 1239; baseline 0.001 -20"><span class='ocrx_word' id='word_1_59' title='bbox 322 1180 355 1219; x_wconf 74' lang='lat' dir='ltr'><strong>a</strong></span> <span class='ocrx_word' id='word_1_60' title='bbox 390 1156 473 1223; x_wconf 89' lang='lat' dir='ltr'><strong>sit</strong></span> <span class='ocrx_word' id='word_1_61' title='bbox 508 1155 714 1223; x_wconf 87' lang='lat' dir='ltr'><strong>breve</strong></span> <span class='ocrx_word' id='word_1_62' title='bbox 744 1155 1207 1239; x_wconf 83' lang='lat' dir='ltr'><strong>Apostolicum,</strong></span> <span class='ocrx_word' id='word_1_63' title='bbox 1239 1163 1343 1222; x_wconf 89' lang='lat' dir='ltr'><strong>est</strong></span> <span class='ocrx_word' id='word_1_64' title='bbox 1369 1154 1538 1221; x_wconf 91' lang='lat' dir='ltr'><strong>bene</strong></span> <span class='ocrx_word' id='word_1_65' title='bbox 1566 1162 1636 1220; x_wconf 89' lang='lat' dir='ltr'><strong>et</strong></span> <span class='ocrx_word' id='word_1_66' title='bbox 1660 1166 1851 1221; x_wconf 90' lang='lat' dir='ltr'><strong>caute</strong></span> <span class='ocrx_word' id='word_1_67' title='bbox 1881 1154 2445 1239; x_wconf 87' lang='lat' dir='ltr'><strong>perpendendum,</strong></span> <span class='ocrx_word' id='word_1_68' title='bbox 2467 1175 2549 1222; x_wconf 88' lang='lat' dir='ltr'><strong>an</strong></span> 
     </span>
     <span class='ocr_line' id='line_1_9' title="bbox 323 1271 2550 1355; baseline 0.001 -21"><span class='ocrx_word' id='word_1_69' title='bbox 323 1296 357 1334; x_wconf 77' lang='grc' dir='ltr'>α</span> <span class='ocrx_word' id='word_1_70' title='bbox 394 1272 597 1338; x_wconf 84' lang='lat' dir='ltr'><strong>fuerit</strong></span> <span class='ocrx_word' id='word_1_71' title='bbox 635 1271 973 1355; x_wconf 87' lang='lat' dir='ltr'><strong>personale</strong></span> <span class='ocrx_word' id='word_1_72' title='bbox 1015 1289 1394 1338; x_wconf 87' lang='lat' dir='ltr'><strong>concessum</strong></span> <span class='ocrx_word' id='word_1_73' title='bbox 1437 1271 1631 1337; x_wconf 90' lang='lat' dir='ltr'><strong>alicui</strong></span> <span class='ocrx_word' id='word_1_74' title='bbox 1667 1272 1841 1354; x_wconf 87' lang='lat' dir='ltr'><strong>regi,</strong></span> <span class='ocrx_word' id='word_1_75' title='bbox 1886 1271 1993 1337; x_wconf 79' lang='lat' dir='ltr'><strong>vel</strong></span> <span class='ocrx_word' id='word_1_76' title='bbox 2031 1272 2382 1337; x_wconf 88' lang='lat' dir='ltr'><strong>limitatum</strong></span> <span class='ocrx_word' id='word_1_77' title='bbox 2429 1290 2550 1355; x_wconf 92' lang='lat' dir='ltr'><strong>pro</strong></span> 
     </span>
     <span class='ocr_line' id='line_1_10' title="bbox 326 1384 2553 1473; baseline 0.001 -24"><span class='ocrx_word' id='word_1_78' title='bbox 326 1411 358 1449; x_wconf 75' lang='grc' dir='ltr'><strong>α</strong></span> <span class='ocrx_word' id='word_1_79' title='bbox 399 1387 612 1473; x_wconf 87' lang='lat' dir='ltr'><strong>aliquo</strong></span> <span class='ocrx_word' id='word_1_80' title='bbox 650 1404 875 1470; x_wconf 90' lang='lat' dir='ltr'><strong>regno,</strong></span> <span class='ocrx_word' id='word_1_81' title='bbox 920 1387 1073 1471; x_wconf 88' lang='lat' dir='ltr'><strong>quia</strong></span> <span class='ocrx_word' id='word_1_82' title='bbox 1116 1386 1346 1472; x_wconf 85' lang='lat' dir='ltr'><strong>nequit</strong></span> <span class='ocrx_word' id='word_1_83' title='bbox 1387 1384 1659 1452; x_wconf 82' lang='lat' dir='ltr'><strong>extendi</strong></span> <span class='ocrx_word' id='word_1_84' title='bbox 1702 1408 1717 1452; x_wconf 77' lang='grc' dir='ltr'><strong><em>ε</em></strong></span> <span class='ocrx_word' id='word_1_85' title='bbox 1765 1394 1982 1470; x_wconf 87' lang='lat' dir='ltr'><strong>prout,</strong></span> <span class='ocrx_word' id='word_1_86' title='bbox 2024 1385 2079 1451; x_wconf 89' lang='lat' dir='ltr'><strong>si</strong></span> <span class='ocrx_word' id='word_1_87' title='bbox 2119 1388 2186 1451; x_wconf 92' lang='lat' dir='ltr'><strong>in</strong></span> <span class='ocrx_word' id='word_1_88' title='bbox 2217 1385 2410 1452; x_wconf 86' lang='lat' dir='ltr'><strong>brevi</strong></span> <span class='ocrx_word' id='word_1_89' title='bbox 2435 1385 2553 1451; x_wconf 86' lang='lat' dir='ltr'><strong>fiat</strong></span> 
     </span>
     <span class='ocr_line' id='line_1_11' title="bbox 326 1501 2553 1586; baseline 0.002 -22"><span class='ocrx_word' id='word_1_90' title='bbox 326 1526 358 1564; x_wconf 75' lang='grc' dir='ltr'><strong>α</strong></span> <span class='ocrx_word' id='word_1_91' title='bbox 400 1503 643 1569; x_wconf 90' lang='lat' dir='ltr'><strong>mentio</strong></span> <span class='ocrx_word' id='word_1_92' title='bbox 674 1501 760 1568; x_wconf 85' lang='lat' dir='ltr'><strong>de</strong></span> <span class='ocrx_word' id='word_1_93' title='bbox 801 1502 1114 1568; x_wconf 86' lang='lat' dir='ltr'><strong>militibus</strong></span> <span class='ocrx_word' id='word_1_94' title='bbox 1158 1503 1229 1567; x_wconf 92' lang='lat' dir='ltr'><strong>in</strong></span> <span class='ocrx_word' id='word_1_95' title='bbox 1254 1501 1579 1586; x_wconf 65' lang='lat' dir='ltr'><strong>praesidio,</strong></span> <span class='ocrx_word' id='word_1_96' title='bbox 1615 1522 1747 1569; x_wconf 89' lang='lat' dir='ltr'><strong>non</strong></span> <span class='ocrx_word' id='word_1_97' title='bbox 1774 1502 2160 1570; x_wconf 78' lang='lat' dir='ltr'>extenditur</span> <span class='ocrx_word' id='word_1_98' title='bbox 2201 1502 2286 1568; x_wconf 88' lang='lat' dir='ltr'><strong>ad</strong></span> <span class='ocrx_word' id='word_1_99' title='bbox 2317 1502 2553 1569; x_wconf 82' lang='lat' dir='ltr'><strong>milites</strong></span> 
     </span>
     <span class='ocr_line' id='line_1_12' title="bbox 326 1619 2552 1705; baseline 0.003 -25"><span class='ocrx_word' id='word_1_100' title='bbox 326 1643 359 1680; x_wconf 79' lang='grc' dir='ltr'><strong>α</strong></span> <span class='ocrx_word' id='word_1_101' title='bbox 396 1620 465 1684; x_wconf 92' lang='lat' dir='ltr'><strong>in</strong></span> <span class='ocrx_word' id='word_1_102' title='bbox 484 1619 684 1699; x_wconf 88' lang='lat' dir='ltr'><strong>bello,</strong></span> <span class='ocrx_word' id='word_1_103' title='bbox 722 1626 793 1684; x_wconf 90' lang='lat' dir='ltr'><strong>et</strong></span> <span class='ocrx_word' id='word_1_104' title='bbox 815 1638 851 1684; x_wconf 92' lang='lat' dir='ltr'><strong>e</strong></span> <span class='ocrx_word' id='word_1_105' title='bbox 892 1627 1159 1704; x_wconf 81' lang='lat' dir='ltr'><strong>contra3</strong></span> <span class='ocrx_word' id='word_1_106' title='bbox 1213 1638 1364 1685; x_wconf 90' lang='lat' dir='ltr'><strong>cum</strong></span> <span class='ocrx_word' id='word_1_107' title='bbox 1408 1621 1477 1685; x_wconf 89' lang='lat' dir='ltr'><strong>in</strong></span> <span class='ocrx_word' id='word_1_108' title='bbox 1509 1619 1880 1705; x_wconf 87' lang='lat' dir='ltr'><strong>hujusmodi</strong></span> <span class='ocrx_word' id='word_1_109' title='bbox 1911 1620 2188 1686; x_wconf 88' lang='lat' dir='ltr'><strong>materia</strong></span> <span class='ocrx_word' id='word_1_110' title='bbox 2214 1621 2299 1685; x_wconf 90' lang='lat' dir='ltr'><strong>sit</strong></span> <span class='ocrx_word' id='word_1_111' title='bbox 2327 1621 2552 1686; x_wconf 89' lang='lat' dir='ltr'><strong>stricte</strong></span> 
     </span>
     <span class='ocr_line' id='line_1_13' title="bbox 330 1735 2553 1822; baseline 0.002 -25"><span class='ocrx_word' id='word_1_112' title='bbox 330 1762 356 1797; x_wconf 77' lang='grc' dir='ltr'><strong>ιι</strong></span> <span class='ocrx_word' id='word_1_113' title='bbox 390 1736 691 1802; x_wconf 81' lang='lat' dir='ltr'><strong>facienda</strong></span> <span class='ocrx_word' id='word_1_114' title='bbox 726 1737 1203 1820; x_wconf 80' lang='lat' dir='ltr'><strong>interpretatio.</strong></span> <span class='ocrx_word' id='word_1_115' title='bbox 1240 1737 1323 1803; x_wconf 91' lang='lat' dir='ltr'><strong>Et</strong></span> <span class='ocrx_word' id='word_1_116' title='bbox 1366 1735 1450 1804; x_wconf 89' lang='lat' dir='ltr'><strong>de</strong></span> <span class='ocrx_word' id='word_1_117' title='bbox 1498 1737 1697 1818; x_wconf 85' lang='lat' dir='ltr'><strong>facto,</strong></span> <span class='ocrx_word' id='word_1_118' title='bbox 1740 1739 2075 1822; x_wconf 87' lang='lat' dir='ltr'><strong>proposito</strong></span> <span class='ocrx_word' id='word_1_119' title='bbox 2121 1736 2323 1803; x_wconf 90' lang='lat' dir='ltr'><strong>dubio</strong></span> <span class='ocrx_word' id='word_1_120' title='bbox 2356 1739 2421 1803; x_wconf 90' lang='lat' dir='ltr'><strong>in</strong></span> <span class='ocrx_word' id='word_1_121' title='bbox 2451 1737 2553 1802; x_wconf 89' lang='lat' dir='ltr'><strong>Sa-</strong></span> 
     </span>
     <span class='ocr_line' id='line_1_14' title="bbox 327 1852 2556 1939; baseline 0 -24"><span class='ocrx_word' id='word_1_122' title='bbox 327 1876 360 1915; x_wconf 75' lang='lat'>«</span> <span class='ocrx_word' id='word_1_123' title='bbox 402 1872 513 1918; x_wconf 87' lang='lat' dir='ltr'><strong>cra</strong></span> <span class='ocrx_word' id='word_1_124' title='bbox 546 1852 1062 1936; x_wconf 76' lang='lat' dir='ltr'><strong>congregatione</strong></span> <span class='ocrx_word' id='word_1_125' title='bbox 1094 1852 1181 1939; x_wconf 90' lang='lat' dir='ltr'><strong>(in</strong></span> <span class='ocrx_word' id='word_1_126' title='bbox 1209 1857 1602 1932; x_wconf 78' lang='lat' dir='ltr'><strong>Mazariensi,</strong></span> <span class='ocrx_word' id='word_1_127' title='bbox 1644 1857 1961 1935; x_wconf 80' lang='lat' dir='ltr'><strong>facultatis</strong></span> <span class='ocrx_word' id='word_1_128' title='bbox 2005 1855 2385 1936; x_wconf 82' lang='lat' dir='ltr'><strong>approbandi</strong></span> <span class='ocrx_word' id='word_1_129' title='bbox 2418 1873 2556 1916; x_wconf 85' lang='lat' dir='ltr'><strong>con-</strong></span> 
     </span>
     <span class='ocr_line' id='line_1_15' title="bbox 328 1965 2556 2051; baseline 0 -20"><span class='ocrx_word' id='word_1_130' title='bbox 328 1990 361 2030; x_wconf 78' lang='grc' dir='ltr'><strong>α</strong></span> <span class='ocrx_word' id='word_1_131' title='bbox 397 1965 745 2051; x_wconf 72' lang='lat' dir='ltr'><strong>fossorios),</strong></span> <span class='ocrx_word' id='word_1_132' title='bbox 795 1986 878 2031; x_wconf 84' lang='lat' dir='ltr'><strong>an</strong></span> <span class='ocrx_word' id='word_1_133' title='bbox 908 1970 1264 2050; x_wconf 78' lang='lat' dir='ltr'><strong>approbatio</strong></span> <span class='ocrx_word' id='word_1_134' title='bbox 1304 1973 1833 2049; x_wconf 73' lang='lat' dir='ltr'><strong>confessariorum,</strong></span> <span class='ocrx_word' id='word_1_135' title='bbox 1861 1989 1979 2051; x_wconf 85' lang='lat' dir='ltr'><strong>pro</strong></span> <span class='ocrx_word' id='word_1_136' title='bbox 2017 1971 2556 2032; x_wconf 76' lang='lat' dir='ltr'><strong>sacramentalibus</strong></span> 
     </span>
     <span class='ocr_line' id='line_1_16' title="bbox 331 2086 2556 2167; baseline 0.001 -22"><span class='ocrx_word' id='word_1_137' title='bbox 331 2106 363 2145; x_wconf 73' lang='lat' dir='ltr'><strong>a</strong></span> <span class='ocrx_word' id='word_1_138' title='bbox 394 2086 663 2147; x_wconf 76' lang='lat' dir='ltr'><strong>militum</strong></span> <span class='ocrx_word' id='word_1_139' title='bbox 697 2086 1165 2164; x_wconf 78' lang='lat' dir='ltr'><strong>confessionibus</strong></span> <span class='ocrx_word' id='word_1_140' title='bbox 1191 2087 1534 2165; x_wconf 80' lang='lat' dir='ltr'><strong>audiendis,</strong></span> <span class='ocrx_word' id='word_1_141' title='bbox 1564 2091 1866 2167; x_wconf 80' lang='lat' dir='ltr'><strong>pertineat</strong></span> <span class='ocrx_word' id='word_1_142' title='bbox 1900 2088 1983 2149; x_wconf 85' lang='lat' dir='ltr'><strong>ad</strong></span> <span class='ocrx_word' id='word_1_143' title='bbox 2025 2087 2439 2167; x_wconf 77' lang='lat' dir='ltr'><strong>cappellanum</strong></span> <span class='ocrx_word' id='word_1_144' title='bbox 2468 2104 2556 2147; x_wconf 85' lang='lat' dir='ltr'><strong>re-</strong></span> 
     </span>
     <span class='ocr_line' id='line_1_17' title="bbox 328 2199 2547 2284; baseline 0.002 -23"><span class='ocrx_word' id='word_1_145' title='bbox 328 2221 363 2261; x_wconf 73' lang='lat'>«</span> <span class='ocrx_word' id='word_1_146' title='bbox 398 2205 588 2281; x_wconf 71' lang='lat' dir='ltr'><strong>qiam,</strong></span> <span class='ocrx_word' id='word_1_147' title='bbox 623 2202 718 2262; x_wconf 82' lang='lat' dir='ltr'><strong>vel</strong></span> <span class='ocrx_word' id='word_1_148' title='bbox 746 2201 831 2263; x_wconf 80' lang='lat' dir='ltr'><strong>ad</strong></span> <span class='ocrx_word' id='word_1_149' title='bbox 867 2200 1438 2277; x_wconf 74' lang='lat' dir='ltr'><strong>Ordinarium&#39;loci,</strong></span> <span class='ocrx_word' id='word_1_150' title='bbox 1471 2199 1581 2267; x_wconf 88' lang='lat' dir='ltr'><strong>die</strong></span> <span class='ocrx_word' id='word_1_151' title='bbox 1610 2202 1695 2264; x_wconf 86' lang='grc'><strong>22</strong></span> <span class='ocrx_word' id='word_1_152' title='bbox 1719 2202 1936 2266; x_wconf 89' lang='lat' dir='ltr'><strong>martii</strong></span> <span class='ocrx_word' id='word_1_153' title='bbox 1974 2202 2142 2267; x_wconf 86' lang='grc'>1687</span> <span class='ocrx_word' id='word_1_154' title='bbox 2183 2199 2547 2284; x_wconf 87' lang='lat' dir='ltr'><strong>respondit,</strong></span> 
     </span>
     <span class='ocr_line' id='line_1_18' title="bbox 328 2314 2557 2402; baseline 0.002 -25"><span class='ocrx_word' id='word_1_155' title='bbox 328 2337 363 2377; x_wconf 72' lang='lat' dir='ltr'><strong>a</strong></span> <span class='ocrx_word' id='word_1_156' title='bbox 391 2320 696 2399; x_wconf 79' lang='lat' dir='ltr'><strong>pertinere</strong></span> <span class='ocrx_word' id='word_1_157' title='bbox 733 2318 816 2379; x_wconf 80' lang='lat' dir='ltr'><strong>ad</strong></span> <span class='ocrx_word' id='word_1_158' title='bbox 851 2318 1250 2381; x_wconf 76' lang='lat' dir='ltr'><strong>ordinarium</strong></span> <span class='ocrx_word' id='word_1_159' title='bbox 1299 2320 1445 2397; x_wconf 81' lang='lat' dir='ltr'><strong>loci,·</strong></span> <span class='ocrx_word' id='word_1_160' title='bbox 1494 2317 1643 2402; x_wconf 88' lang='lat' dir='ltr'><strong>quia</strong></span> <span class='ocrx_word' id='word_1_161' title='bbox 1683 2316 1911 2393; x_wconf 83' lang='lat' dir='ltr'><strong>breve,</strong></span> <span class='ocrx_word' id='word_1_162' title='bbox 1962 2314 2142 2401; x_wconf 89' lang='lat' dir='ltr'><strong>quod</strong></span> <span class='ocrx_word' id='word_1_163' title='bbox 2181 2314 2411 2382; x_wconf 88' lang='lat' dir='ltr'><strong>aderat</strong></span> <span class='ocrx_word' id='word_1_164' title='bbox 2452 2334 2557 2381; x_wconf 90' lang='lat' dir='ltr'><strong>re-</strong></span> 
     </span>
     <span class='ocr_line' id='line_1_19' title="bbox 329 2430 2556 2515; baseline 0 -19"><span class='ocrx_word' id='word_1_165' title='bbox 329 2455 363 2495; x_wconf 77' lang='lat'>«</span> <span class='ocrx_word' id='word_1_166' title='bbox 402 2438 635 2515; x_wconf 87' lang='lat' dir='ltr'><strong>spectu</strong></span> <span class='ocrx_word' id='word_1_167' title='bbox 664 2432 836 2515; x_wconf 86' lang='lat' dir='ltr'><strong>regis</strong></span> <span class='ocrx_word' id='word_1_168' title='bbox 859 2430 1180 2510; x_wconf 77' lang='lat' dir='ltr'><strong>catholici,</strong></span> <span class='ocrx_word' id='word_1_169' title='bbox 1202 2431 1555 2499; x_wconf 79' lang='lat' dir='ltr'><strong>videbatur</strong></span> <span class='ocrx_word' id='word_1_170' title='bbox 1582 2453 1664 2500; x_wconf 83' lang='lat' dir='ltr'><strong>ex</strong></span> <span class='ocrx_word' id='word_1_171' title='bbox 1690 2433 1886 2498; x_wconf 77' lang='lat' dir='ltr'><strong>variis</strong></span> <span class='ocrx_word' id='word_1_172' title='bbox 1909 2432 2407 2501; x_wconf 78' lang='lat' dir='ltr'><strong>circumstantiis</strong></span> <span class='ocrx_word' id='word_1_173' title='bbox 2427 2451 2556 2499; x_wconf 90' lang='lat' dir='ltr'><strong>non</strong></span> 
     </span>
     <span class='ocr_line' id='line_1_20' title="bbox 328 2548 2558 2637; baseline 0.001 -27"><span class='ocrx_word' id='word_1_174' title='bbox 328 2572 362 2610; x_wconf 76' lang='lat' dir='ltr'><strong>c&lt;</strong></span> <span class='ocrx_word' id='word_1_175' title='bbox 396 2548 666 2615; x_wconf 83' lang='lat' dir='ltr'><strong>extendi</strong></span> <span class='ocrx_word' id='word_1_176' title='bbox 688 2548 773 2613; x_wconf 88' lang='lat' dir='ltr'><strong>ad</strong></span> <span class='ocrx_word' id='word_1_177' title='bbox 801 2567 1001 2632; x_wconf 87' lang='lat' dir='ltr'><strong>regna</strong></span> <span class='ocrx_word' id='word_1_178' title='bbox 1030 2556 1213 2615; x_wconf 85' lang='lat' dir='ltr'><strong>extra</strong></span> <span class='ocrx_word' id='word_1_179' title='bbox 1239 2550 1600 2633; x_wconf 78' lang='lat' dir='ltr'><strong>Hispanias.</strong></span> <span class='ocrx_word' id='word_1_180' title='bbox 1636 2574 1667 2611; x_wconf 73' lang='grc' dir='ltr'><strong>ι)</strong></span> <span class='ocrx_word' id='word_1_181' title='bbox 1697 2549 2032 2637; x_wconf 72' lang='lat' dir='ltr'><strong>(FerrariS,</strong></span> <span class='ocrx_word' id='word_1_182' title='bbox 2062 2549 2269 2616; x_wconf 80' lang='lat' dir='ltr'><strong>verbo</strong></span> <span class='ocrx_word' id='word_1_183' title='bbox 2301 2551 2558 2632; x_wconf 77' lang='lat' dir='ltr'><strong>cappel-</strong></span> 
     </span>
     <span class='ocr_line' id='line_1_21' title="bbox 323 2664 2558 2752; baseline -0.001 -22"><span class='ocrx_word' id='word_1_184' title='bbox 323 2670 499 2731; x_wconf 75' lang='lat' dir='ltr'><strong>lanus</strong></span> <span class='ocrx_word' id='word_1_185' title='bbox 529 2668 817 2743; x_wconf 75' lang='lat' dir='ltr'><strong>militam,</strong></span> <span class='ocrx_word' id='word_1_186' title='bbox 860 2685 926 2729; x_wconf 89' lang='lat' dir='ltr'><strong>n.</strong></span> <span class='ocrx_word' id='word_1_187' title='bbox 978 2664 1066 2750; x_wconf 91' lang='lat'><strong>1.)</strong></span> <span class='ocrx_word' id='word_1_188' title='bbox 1105 2665 1320 2752; x_wconf 83' lang='lat' dir='ltr'><strong>Atque</strong></span> <span class='ocrx_word' id='word_1_189' title='bbox 1348 2665 1594 2732; x_wconf 89' lang='lat' dir='ltr'><strong>ibidem</strong></span> <span class='ocrx_word' id='word_1_190' title='bbox 1631 2668 1864 2732; x_wconf 86' lang='lat' dir='ltr'><strong>citatus</strong></span> <span class='ocrx_word' id='word_1_191' title='bbox 1900 2673 2134 2732; x_wconf 84' lang='lat' dir='ltr'><strong>auctor</strong></span> <span class='ocrx_word' id='word_1_192' title='bbox 2171 2666 2395 2750; x_wconf 89' lang='lat' dir='ltr'><strong>plures</strong></span> <span class='ocrx_word' id='word_1_193' title='bbox 2419 2682 2558 2729; x_wconf 92' lang='lat' dir='ltr'><strong>me-</strong></span> 
     </span>
     <span class='ocr_line' id='line_1_22' title="bbox 322 2779 2558 2868; baseline -0 -21"><span class='ocrx_word' id='word_1_194' title='bbox 322 2789 540 2847; x_wconf 88' lang='lat' dir='ltr'><strong>morat</strong></span> <span class='ocrx_word' id='word_1_195' title='bbox 581 2782 787 2846; x_wconf 82' lang='lat' dir='ltr'><strong>Sacrae</strong></span> <span class='ocrx_word' id='word_1_196' title='bbox 826 2782 1350 2866; x_wconf 80' lang='lat' dir='ltr'><strong>congregationis</strong></span> <span class='ocrx_word' id='word_1_197' title='bbox 1392 2784 1860 2868; x_wconf 87' lang='lat' dir='ltr'><strong>Episcoporum</strong></span> <span class='ocrx_word' id='word_1_198' title='bbox 1898 2789 1968 2847; x_wconf 91' lang='lat' dir='ltr'><strong>et</strong></span> <span class='ocrx_word' id='word_1_199' title='bbox 2010 2782 2409 2865; x_wconf 83' lang='lat' dir='ltr'><strong>regularium</strong></span> <span class='ocrx_word' id='word_1_200' title='bbox 2440 2779 2558 2847; x_wconf 88' lang='lat' dir='ltr'><strong>de-</strong></span> 
     </span>
     <span class='ocr_line' id='line_1_23' title="bbox 324 2895 2549 2982; baseline 0 -19"><span class='ocrx_word' id='word_1_201' title='bbox 324 2898 731 2973; x_wconf 85' lang='lat' dir='ltr'><strong>clarationes,</strong></span> <span class='ocrx_word' id='word_1_202' title='bbox 779 2895 1015 2982; x_wconf 88' lang='lat' dir='ltr'><strong>quibus</strong></span> <span class='ocrx_word' id='word_1_203' title='bbox 1061 2896 1198 2961; x_wconf 85' lang='lat' dir='ltr'><strong>haec</strong></span> <span class='ocrx_word' id='word_1_204' title='bbox 1244 2896 1540 2964; x_wconf 85' lang='lat' dir='ltr'><strong>doctrina</strong></span> <span class='ocrx_word' id='word_1_205' title='bbox 1604 2897 2052 2964; x_wconf 88' lang='lat' dir='ltr'><strong>confirmatur.</strong></span> <span class='ocrx_word' id='word_1_206' title='bbox 2102 2896 2266 2962; x_wconf 87' lang='lat' dir='ltr'><strong>Vide</strong></span> <span class='ocrx_word' id='word_1_207' title='bbox 2324 2897 2549 2974; x_wconf 87' lang='lat' dir='ltr'><strong>etiam,</strong></span> 
     </span>
     <span class='ocr_line' id='line_1_24' title="bbox 322 3010 2556 3099; baseline -0.001 -20"><span class='ocrx_word' id='word_1_208' title='bbox 322 3013 541 3099; x_wconf 87' lang='lat' dir='ltr'><strong>quoad</strong></span> <span class='ocrx_word' id='word_1_209' title='bbox 590 3013 764 3077; x_wconf 86' lang='lat' dir='ltr'><strong>illam</strong></span> <span class='ocrx_word' id='word_1_210' title='bbox 799 3012 1222 3097; x_wconf 83' lang='lat' dir='ltr'><strong>quaestionem</strong></span> <span class='ocrx_word' id='word_1_211' title='bbox 1263 3011 1349 3078; x_wconf 88' lang='lat' dir='ltr'><strong>de</strong></span> <span class='ocrx_word' id='word_1_212' title='bbox 1386 3012 1786 3096; x_wconf 89' lang='lat' dir='ltr'><strong>cappellanis</strong></span> <span class='ocrx_word' id='word_1_213' title='bbox 1816 3014 2116 3090; x_wconf 88' lang='lat' dir='ltr'><strong>militum,</strong></span> <span class='ocrx_word' id='word_1_214' title='bbox 2149 3010 2556 3077; x_wconf 86' lang='lat' dir='ltr'><strong>Cardinalem</strong></span> 
     </span>
     <span class='ocr_line' id='line_1_25' title="bbox 324 3127 2560 3215; baseline -0 -21"><span class='ocrx_word' id='word_1_215' title='bbox 324 3130 523 3195; x_wconf 82' lang='lat' dir='ltr'><strong>Petra</strong></span> <span class='ocrx_word' id='word_1_216' title='bbox 549 3129 638 3215; x_wconf 90' lang='lat' dir='ltr'><strong>(in</strong></span> <span class='ocrx_word' id='word_1_217' title='bbox 673 3127 1201 3195; x_wconf 89' lang='lat' dir='ltr'><strong>constitutionem</strong></span> <span class='ocrx_word' id='word_1_218' title='bbox 1240 3131 1355 3206; x_wconf 98' lang='grc'><strong>12,</strong></span> <span class='ocrx_word' id='word_1_219' title='bbox 1396 3129 1761 3194; x_wconf 88' lang='lat' dir='ltr'><strong>Innocentii</strong></span> <span class='ocrx_word' id='word_1_220' title='bbox 1805 3131 1938 3205; x_wconf 89' lang='grc' dir='ltr'><strong>ΠΙ,</strong></span> <span class='ocrx_word' id='word_1_221' title='bbox 1969 3135 2131 3194; x_wconf 88' lang='lat' dir='ltr'><strong>sect.</strong></span> <span class='ocrx_word' id='word_1_222' title='bbox 2176 3132 2234 3206; x_wconf 87' lang='lat'><strong>1,</strong></span> <span class='ocrx_word' id='word_1_223' title='bbox 2272 3148 2340 3194; x_wconf 90' lang='lat' dir='ltr'><strong>n.</strong></span> <span class='ocrx_word' id='word_1_224' title='bbox 2382 3130 2455 3192; x_wconf 78' lang='lat'><strong>14</strong></span> <span class='ocrx_word' id='word_1_225' title='bbox 2490 3136 2560 3193; x_wconf 88' lang='lat' dir='ltr'><strong>et</strong></span> 
     </span>
     <span class='ocr_line' id='line_1_26' title="bbox 324 3243 2563 3330; baseline -0 -19"><span class='ocrx_word' id='word_1_226' title='bbox 324 3265 494 3330; x_wconf 62' lang='lat' dir='ltr'><strong>seq„</strong></span> <span class='ocrx_word' id='word_1_227' title='bbox 530 3253 709 3311; x_wconf 91' lang='lat' dir='ltr'><strong>tomo</strong></span> <span class='ocrx_word' id='word_1_228' title='bbox 732 3247 795 3322; x_wconf 90' lang='grc'><strong>2,</strong></span> <span class='ocrx_word' id='word_1_229' title='bbox 845 3263 991 3329; x_wconf 86' lang='lat' dir='ltr'><strong>pag.</strong></span> <span class='ocrx_word' id='word_1_230' title='bbox 1029 3247 1176 3322; x_wconf 85' lang='lat'>190,</span> <span class='ocrx_word' id='word_1_231' title='bbox 1215 3243 1379 3310; x_wconf 82' lang='lat' dir='ltr'><strong>edit.</strong></span> <span class='ocrx_word' id='word_1_232' title='bbox 1408 3247 1646 3311; x_wconf 88' lang='lat' dir='ltr'><strong>Venet.</strong></span> <span class='ocrx_word' id='word_1_233' title='bbox 1699 3243 1920 3330; x_wconf 79' lang='lat'><strong>1741),</strong></span> <span class='ocrx_word' id='word_1_234' title='bbox 1952 3246 2068 3329; x_wconf 89' lang='lat' dir='ltr'><strong>qui</strong></span> <span class='ocrx_word' id='word_1_235' title='bbox 2093 3245 2319 3329; x_wconf 90' lang='lat' dir='ltr'><strong>plures</strong></span> <span class='ocrx_word' id='word_1_236' title='bbox 2349 3244 2563 3310; x_wconf 84' lang='lat' dir='ltr'><strong>refert</strong></span> 
     </span>
     <span class='ocr_line' id='line_1_27' title="bbox 325 3358 2303 3444; baseline -0.002 -18"><span class='ocrx_word' id='word_1_237' title='bbox 325 3361 448 3426; x_wconf 86' lang='lat' dir='ltr'><strong>hac</strong></span> <span class='ocrx_word' id='word_1_238' title='bbox 480 3358 564 3425; x_wconf 89' lang='lat' dir='ltr'><strong>de</strong></span> <span class='ocrx_word' id='word_1_239' title='bbox 601 3378 675 3425; x_wconf 92' lang='lat' dir='ltr'><strong>re</strong></span> <span class='ocrx_word' id='word_1_240' title='bbox 704 3359 912 3424; x_wconf 84' lang='lat' dir='ltr'><strong>Sacrae</strong></span> <span class='ocrx_word' id='word_1_241' title='bbox 941 3360 1475 3444; x_wconf 80' lang='lat' dir='ltr'><strong>congregationis</strong></span> <span class='ocrx_word' id='word_1_242' title='bbox 1503 3361 1776 3426; x_wconf 89' lang='lat' dir='ltr'><strong>Concilii</strong></span> <span class='ocrx_word' id='word_1_243' title='bbox 1806 3359 2303 3426; x_wconf 89' lang='lat' dir='ltr'><strong>declarationes.</strong></span> 
     </span>
    </p>

    <p class='ocr_par' dir='ltr' id='par_1_4' title="bbox 322 3472 2560 3674">
     <span class='ocr_line' id='line_1_28' title="bbox 416 3472 2560 3563; baseline -0.001 -23"><span class='ocrx_word' id='word_1_244' title='bbox 416 3479 698 3540; x_wconf 81' lang='lat' dir='ltr'><strong>Nota.—</strong></span> <span class='ocrx_word' id='word_1_245' title='bbox 722 3477 821 3541; x_wconf 92' lang='lat' dir='ltr'><strong>De</strong></span> <span class='ocrx_word' id='word_1_246' title='bbox 866 3473 1095 3559; x_wconf 89' lang='lat' dir='ltr'><strong>majori</strong></span> <span class='ocrx_word' id='word_1_247' title='bbox 1137 3475 1520 3559; x_wconf 85' lang='lat' dir='ltr'><strong>cappellano</strong></span> <span class='ocrx_word' id='word_1_248' title='bbox 1557 3475 1787 3563; x_wconf 86' lang='lat' dir='ltr'><strong>(grand</strong></span> <span class='ocrx_word' id='word_1_249' title='bbox 1830 3472 2190 3559; x_wconf 83' lang='lat' dir='ltr'><strong>aumonier)</strong></span> <span class='ocrx_word' id='word_1_250' title='bbox 2233 3492 2386 3539; x_wconf 88' lang='lat' dir='ltr'><strong>suus</strong></span> <span class='ocrx_word' id='word_1_251' title='bbox 2432 3475 2560 3539; x_wconf 88' lang='lat' dir='ltr'><strong>erit</strong></span> 
     </span>
     <span class='ocr_line' id='line_1_29' title="bbox 322 3590 1768 3674; baseline -0.001 -17"><span class='ocrx_word' id='word_1_252' title='bbox 322 3590 695 3658; x_wconf 83' lang='lat' dir='ltr'><strong>disserendi</strong></span> <span class='ocrx_word' id='word_1_253' title='bbox 726 3592 908 3658; x_wconf 90' lang='lat' dir='ltr'><strong>locus</strong></span> <span class='ocrx_word' id='word_1_254' title='bbox 938 3592 1006 3657; x_wconf 90' lang='lat' dir='ltr'><strong>in</strong></span> <span class='ocrx_word' id='word_1_255' title='bbox 1042 3598 1327 3658; x_wconf 84' lang='lat' dir='ltr'><strong>tractatu</strong></span> <span class='ocrx_word' id='word_1_256' title='bbox 1353 3596 1427 3657; x_wconf 81' lang='lat' dir='ltr'><strong>de</strong></span> <span class='ocrx_word' id='word_1_257' title='bbox 1456 3595 1768 3674; x_wconf 79' lang='lat' dir='ltr'><strong>Episcopo.</strong></span> 
     </span>
    </p>
   </div>
   <div class='ocr_carea' id='block_1_4' title="bbox 1227 3877 1654 3943">
    <p class='ocr_par' dir='ltr' id='par_1_5' title="bbox 1227 3877 1654 3943">
     <span class='ocr_line' id='line_1_30' title="bbox 1227 3877 1654 3943; baseline -0.009 0"><span class='ocrx_word' id='word_1_258' title='bbox 1227 3877 1496 3943; x_wconf 83' lang='lat' dir='ltr'><strong>CAPUT</strong></span> <span class='ocrx_word' id='word_1_259' title='bbox 1543 3877 1654 3940; x_wconf 84' lang='lat' dir='ltr'><strong>lv.</strong></span> 
     </span>
    </p>
   </div>
   <div class='ocr_carea' id='block_1_5' title="bbox 890 4146 1992 4199">
    <p class='ocr_par' dir='ltr' id='par_1_6' title="bbox 890 4146 1992 4199">
     <span class='ocr_line' id='line_1_31' title="bbox 890 4146 1992 4199; baseline -0.002 -1"><span class='ocrx_word' id='word_1_260' title='bbox 890 4149 981 4198; x_wconf 78' lang='grc' dir='ltr'><strong>ΒΕ</strong></span> <span class='ocrx_word' id='word_1_261' title='bbox 1037 4146 1474 4198; x_wconf 67' lang='lat' dir='ltr'><strong>mrrmsms</strong></span> <span class='ocrx_word' id='word_1_262' title='bbox 1520 4147 1992 4199; x_wconf 71' lang='lat' dir='ltr'><strong>nosrrrmuu.</strong></span> 
     </span>
    </p>
   </div>
   <div class='ocr_carea' id='block_1_6' title="bbox 328 4397 2568 4602">
    <p class='ocr_par' dir='ltr' id='par_1_7' title="bbox 328 4397 2568 4602">
     <span class='ocr_line' id='line_1_32' title="bbox 418 4397 2568 4482; baseline -0.003 -14"><span class='ocrx_word' id='word_1_263' title='bbox 418 4401 722 4482; x_wconf 65' lang='lat' dir='ltr'><strong>Quffls&#39;no</strong></span> <span class='ocrx_word' id='word_1_264' title='bbox 756 4403 842 4465; x_wconf 77' lang='lat'><strong>1⁸.</strong></span> <span class='ocrx_word' id='word_1_265' title='bbox 872 4434 961 4448; x_wconf 96' lang='lat'>—</span> <span class='ocrx_word' id='word_1_266' title='bbox 988 4403 1123 4480; x_wconf 78' lang='lat' dir='ltr'><strong>Qua</strong></span> <span class='ocrx_word' id='word_1_267' title='bbox 1159 4401 1235 4463; x_wconf 81' lang='lat' dir='ltr'><strong>dc</strong></span> <span class='ocrx_word' id='word_1_268' title='bbox 1278 4417 1462 4464; x_wconf 74' lang='lat' dir='ltr'><strong>causa</strong></span> <span class='ocrx_word' id='word_1_269' title='bbox 1503 4400 1816 4463; x_wconf 75' lang='lat' dir='ltr'><strong>inductum</strong></span> <span class='ocrx_word' id='word_1_270' title='bbox 1853 4403 1960 4479; x_wconf 77' lang='lat' dir='ltr'><strong>sit,</strong></span> <span class='ocrx_word' id='word_1_271' title='bbox 1996 4405 2066 4462; x_wconf 79' lang='lat' dir='ltr'><strong>ut</strong></span> <span class='ocrx_word' id='word_1_272' title='bbox 2092 4400 2433 4481; x_wconf 78' lang='lat' dir='ltr'><strong>cappellani</strong></span> <span class='ocrx_word' id='word_1_273' title='bbox 2460 4397 2568 4461; x_wconf 74' lang='lat' dir='ltr'><strong>Ito·</strong></span> 
     </span>
     <span class='ocr_line' id='line_1_33' title="bbox 328 4514 2565 4602; baseline -0.003 -21"><span class='ocrx_word' id='word_1_274' title='bbox 328 4519 644 4602; x_wconf 72' lang='lat' dir='ltr'><strong>spitalo‘um</strong></span> <span class='ocrx_word' id='word_1_275' title='bbox 686 4522 811 4580; x_wconf 74' lang='lat' dir='ltr'><strong>sint</strong></span> <span class='ocrx_word' id='word_1_276' title='bbox 866 4514 1333 4598; x_wconf 72' lang='lat' dir='ltr'><strong>quasi-parochi,</strong></span> <span class='ocrx_word' id='word_1_277' title='bbox 1369 4517 1439 4578; x_wconf 78' lang='lat' dir='ltr'><strong>id</strong></span> <span class='ocrx_word' id='word_1_278' title='bbox 1465 4521 1578 4594; x_wconf 78' lang='lat' dir='ltr'><strong>est,</strong></span> <span class='ocrx_word' id='word_1_279' title='bbox 1621 4520 1693 4577; x_wconf 72' lang='lat' dir='ltr'><strong>ut</strong></span> <span class='ocrx_word' id='word_1_280' title='bbox 1719 4519 1956 4600; x_wconf 76' lang='lat' dir='ltr'><strong>possint</strong></span> <span class='ocrx_word' id='word_1_281' title='bbox 2003 4517 2357 4577; x_wconf 78' lang='lat' dir='ltr'><strong>ministrare</strong></span> <span class='ocrx_word' id='word_1_282' title='bbox 2381 4516 2565 4576; x_wconf 66' lang='lat' dir='ltr'><strong>etiam</strong></span> 
     </span>
    </p>
   </div>
  </div>
 </body>
</html>
