3146 4973
625 369 754 433 540
1302 385 1679 434 'rum'rnus
1724 387 1813 433 ns
1857 384 2186 432 rauocno.

625 534 658 572 α
689 530 749 576 0.
791 510 880 596 1),
917 529 1045 597 qua
1091 519 1382 578 rectores
1412 510 1534 592 ipsi
1569 507 2038 593 parochialium
2068 513 2403 575 tenentur.
2438 544 2528 557 -
2564 508 2846 593 Congre-

624 649 656 687 «
685 627 864 711 gatio
898 627 1152 692 censuit
1179 626 1474 692 teneri...

711 762 744 801 «
772 743 843 806 3⁰
871 740 1109 806 Utrum
1139 739 1497 822 Episcopus
1522 742 1834 802 teneatur
1866 753 2101 819 eogere
2146 732 2232 799 ad
2257 733 2679 802 residentiam
2707 738 2846 804 illos

623 877 654 912 «
687 855 888 919 etiam
908 851 1347 938 coadjutores,
1381 851 1621 937 quibus
1650 851 1831 916 nulla
1852 868 2157 934 expressa
2179 850 2537 933 personalis
2562 851 2846 917 residen-

620 992 654 1030 1(
684 971 790 1033 tiae
826 968 1137 1053 obligatio
1166 967 1457 1053 injuncta
1483 972 1609 1032 est.
1640 1003 1731 1016 ·-
1763 965 1957 1032 Sacra
1985 966 2415 1050 congregatio
2451 968 2728 1045 censuit,
2748 975 2845 1033 te·

618 1107 652 1145 «
687 1087 831 1149 neri
860 1101 1098 1168 cogere
1126 1084 1266 1162 hos,
1297 1084 1467 1149 510111
1487 1085 1661 1166 ipsos
1696 1082 1987 1147 ecelesiae
2016 1088 2330 1148 rectores.

713 1225 745 1261 11
783 1202 1017 1266 Utrum
1055 1201 1258 1283 possit
1289 1200 1645 1284 Episcopus
1674 1216 1823 1263 011111
1858 1198 2075 1281 aliquo
2111 1217 2193 1264 ex
2224 1197 2324 1263 1115
2359 1197 2845 1283 coadjutoribus

621 1340 653 1376 «
689 1315 1066 1399 dispensare
1110 1333 1310 1398 super
1357 1313 1736 1380 residentia.
1789 1351 1879 1362 -—
1924 1313 2354 1397 Congregatio
2398 1314 2681 1392 censuit,
2717 1333 2845 1381 non

619 1454 652 1492 α
687 1449 898 1514 posse,
940 1437 1140 1513 prout
1168 1449 1292 1495 nec
1322 1449 1470 1495 enm
1500 1428 1873 1495 rectoribus
1906 1429 2063 1512 ipsis
2095 1436 2393 1512 potest.»

703 1546 1101 1611 Pnorosmo
1141 1535 1252 1609 'V·.
1287 1580 1378 1592 —-
1405 1547 1651 1609 Certum
1676 1563 1799 1608 non
1832 1553 1922 1608 est
1958 1550 2200 1607 curatos
2228 1564 2308 1607 ex
2338 1550 2484 1626 jure
2525 1547 2734 1608 divino
2760 1550 2847 1610 ad

615 1664 995 1726 residendum
1022 1666 1233 1724 teneri.
1267 1697 1357 1708 --
1384 1659 1703 1744 Equidem
1738 1658 2044 1725 doctores
2073 1659 2533 1744 quamplurimi
2573 1667 2643 1724 et
2679 1678 2846 1744 prae·

611 1776 988 1843 stantissimi
1015 1777 1339 1842 sustinent
1370 1774 1455 1842 de
1483 1773 1635 1859 jure
1663 1773 1885 1841 divino
1911 1773 1998 1840 ad
2019 1772 2441 1841 residendum
2458 1774 2675 1839 teneri
2694 1793 2838 1851 005,

613 1892 849 1977 quibus
883 1891 1202 1958 incumbit
1223 1892 1583 1957 animarum
1613 1909 1806 1974 cura3
1839 1898 1908 1956 et
1933 1891 1999 1954 in
2034 1889 2484 1973 probationem
2514 1885 2845 1955 adducere

613 2009 828 2074 solent
849 2008 987 2074 haec
1004 2007 1395 2074 Tridentinae
1418 2006 1655 2092 synodi
1683 2006 1913 2072 verba:
1946 2010 2098 2070 Cum
2116 2014 2417 2088 proeeepto
2444 2008 2653 2069 divino
2680 2026 2849 2070 man·

612 2127 825 2187 datum
850 2129 934 2187 sie
963 2126 1256 2201 omnibus,
1285 2126 1496 2204 quibus
1522 2130 1867 2186 animarum
1895 2141 2041 2185 eura
2069 2126 2381 2185 commissa
2410 2129 2521 2200 est,
2545 2141 2682 2185 oves
2703 2142 2844 2186 suas

612 2257 928 2319 aynoseere
944 2286 965 2316 ‚
1012 2257 1130 2319 pro
1169 2238 1266 2299 his
1295 2236 1667 2315 sacrificium
1709 2240 1958 2317 offerre,
1994 2238 2271 2317 verbique
2307 2238 2509 2301 divini
2547 2240 2846 2317 praedica-

613 2358 796 2433 tione,
826 2361 1336 2417 sacramentorum
1382 2355 1935 2432 administratione,
1973 2371 2043 2414 ac
2085 2353 2368 2415 bonorum
2413 2357 2679 2415 omnium
2708 2372 2846 2434 ope·

609 2489 748 2533 rum
771 2473 1044 2553 exemplo
1062 2489 1330 2552 pascere.
1344 2517 1359 2533 .
1375 2493 1430 2548 .,·
1456 2488 1588 2551 quoe
1616 2475 1820 2534 omnia
1847 2488 2218 2550 nequaquam
2244 2470 2427 2532 abiis
2466 2474 2757 2551 praestari
2784 2476 2845 2532 et

611 2589 853 2668 impleri
873 2594 1148 2667 possunt,
1179 2591 1283 2667 qui
1310 2592 1481 2667 qreqi
1516 2605 1624 2648 sno
1662 2604 1783 2649 non
1808 2588 2140 2667 inviqilant
2165 2604 2350 2665 neque
2378 2590 2698 2662 assismzt,
2738 2589 2847 2649 secl

611 2708 1113 2766 mercenariorum
1155 2721 1316 2766 more
1362 2706 1726 2766 deserunt...
1765 2700 1946 2787 (sess,
1983 2703 2088 2776 23,
2127 2718 2185 2763 c.
2230 2702 2253 2763 l
2299 2703 2377 2764 de
2404 2697 2595 2782 Res.).
2631 2701 2729 2765 Ex
2760 2719 2846 2766 eo

610 2834 848 2899 nempe
897 2823 1087 2882 textu
1135 2835 1266 2882 non
1317 2819 1507 2900 pauci
1551 2815 1854 2883 doctores
1903 2816 2340 2899 argumentati
2368 2824 2521 2882 sunt
2564 2816 2631 2880 in
2665 2814 2845 2881 hunc

612 2929 913 2996 modum:
954 2950 1085 3016 qno
1125 2931 1275 3017 jure
1303 2932 1447 3017 quis
1474 2939 1743 2998 tenetur
1772 2929 1859 2997 ad
1888 2931 2084 2998 finem
2123 2930 2433 3015 aliquem,
2470 2928 2703 2997 eodem
2746 2939 2847 2996 te—

612 3053 811 3111 netur
846 3045 930 3113 ad
959 3046 1173 3113 media
1201 3046 1286 3113 ad
1316 3067 1469 3114 eum
1497 3047 1698 3113 finem
1725 3044 2201 3131 assequendum
2230 3048 2624 3129 necessaria3
2660 3047 2843 3131 atqui

611 3162 910 3246 Episcopi
946 3171 1017 3229 01
1063 3164 1331 3247 parochi
1367 3162 1517 3248 jure
1550 3161 1771 3228 divino
1802 3170 2113 3227 tenentur
2146 3159 2233 3226 ad
2259 3159 2657 3243 pascendum
2691 3181 2843 3244 gre-

609 3296 761 3361 gem
787 3297 1000 3358 suum,
1043 3287 1118 3345 ut
1150 3280 1431 3346 habetur
1465 3280 1534 3344 in
1564 3279 1762 3344 citato
1804 3275 2184 3343 'I'ridentino
2221 3285 2449 3360 textu3
2480 3284 2550 3343 et
2575 3276 2843 3343 aliunde

611 3401 948 3479 nequeunt
993 3393 1166 3460 hunc
1209 3394 1407 3460 finem
1452 3394 1741 3478 assequi,
1778 3392 1899 3457 nisi
1940 3388 2289 3457 residendo
2308 3440 2326 3469 ,
2360 3399 2557 3473 prout
2603 3389 2843 3457 eodem

610 3516 798 3574 textu
835 3508 1009 3575 clare
1043 3510 1466 3592 exprimitur3
1500 3527 1681 3592 ergo.
1728 3530 1759 3568 «
1795 3505 1946 3584 Sed,
1982 3507 2192 3591 inquit
2222 3503 2617 3571 Benedictus
2660 3506 2835 3582 xlv,

617 3646 650 3684 «
687 3620 1032 3690 difficultas
1067 3631 1168 3688 est
1203 3624 1270 3687 in
1300 3624 1509 3689 altera
1544 3631 1732 3707 parte
1778 3619 2082 3687 secundae
2126 3620 2603 3705 propositionis,
2646 3638 2847 3705 quam

617 3762 649 3797 a
685 3744 971 3802 minorem
1006 3746 1242 3803 vocant
1270 3758 1285 3803 ε
1330 3737 1573 3804 etenim
1604 3755 1735 3801 non
1774 3735 1940 3802 dixit
1974 3734 2449 3811 Tridentium,
2487 3754 2616 3800 non
2652 3753 2843 3817 posse

618 3879 650 3914 11
683 3872 843 3919 oves
881 3873 1150 3938 pascere
1193 3855 1306 3938 qui
1337 3874 1472 3920 non
1500 3853 1818 3931 resident,
1850 3851 1966 3918 sed
1995 3859 2100 3934 qui
2132 3859 2303 3934 qreqi
2338 3872 2445 3915 suo
2472 3871 2593 3915 non
2621 3856 2847 3933 inviqi-

615 3993 648 4030 «
685 3973 818 4034 lant
865 3991 1052 4054 neque
1095 3977 1415 4049 assistunt,
1451 3974 1556 4035 sed
1600 3975 2097 4034 mercenariorum
2142 3988 2306 4032 more
2354 3970 2670 4032 deserunt:
2700 3966 2845 4033 11εο

617 4108 648 4147 «
683 4092 904 4153 autem
956 4088 1158 4154 verba
1218 4086 1553 4155 commode
1610 4085 1850 4153 referri
1888 4090 2139 4169 queunt
2188 4082 2275 4149 ad
2315 4083 2633 4164 animum;
2684 4100 2845 4147 cum

615 4226 648 4263 «
687 4222 844 4269 vere
881 4204 1282 4288 intelligatur
1309 4205 1491 4287 gregi
1512 4222 1631 4268 suo
1654 4201 2012 4284 invigilare,
2044 4199 2365 4274 assistere,
2395 4216 2675 4281 eumque
2708 4216 2849 4263 non

614 4343 647 4379 α
685 4317 1014 4397 deserere,
1059 4321 1192 4403 qui,
1224 4321 1347 4384 etsi
1389 4318 1625 4384 absens
1652 4318 1734 4384 sit
1764 4334 2063 4400 corpore,
2092 4316 2260 4381 illius
2290 4323 2508 4380 tamen
2536 4315 2851 4396 regimini

616 4458 647 4494 «
684 4440 753 4500 01
779 4434 1003 4502 tutelae
1025 4433 1254 4499 sedulo
1278 4432 1564 4498 excubat
1592 4433 1826 4498 animo.
1856 4455 1888 4493 »
1917 4432 2027 4517 (De
2053 4433 2294 4513 synodo
2318 4432 2669 4506 dioecesana,
2696 4428 2744 4493 l.
2767 4435 2843 4503 7,
