3146 4973
582 336 705 398 434
1256 349 1630 397 rmnnrns
1681 351 1768 396 m:
1811 349 2137 396 mnocno.

582 475 821 557 (prout
871 472 1101 555 passim
1153 469 1465 536 adnotant
1520 468 1907 554 canonistae)
1959 467 2328 553 hujusmodi
2392 466 2809 552 coadjutoriae

575 586 860 652 inductae
907 584 1190 651 fuerant.
1243 585 1432 650 Unde
1481 584 1840 650 Tridentini
1884 585 2114 650 Patres
2163 603 2270 650 eas
2316 578 2802 667 proscribendo,

571 701 704 785 juri
743 700 1007 784 antiquo
1047 701 1290 783 scripto
1323 719 1451 765 non
1495 699 1935 783 derogarunt,
1967 697 2082 765 sed
2116 697 2222 782 jus
2255 697 2424 763 illud
2472 695 2810 762 conflrma-

573 820 750 880 runt.
781 814 920 880 Imo
957 813 1305 898 derogasse
1353 816 1568 898 potius
1605 813 1915 880 censendi
1950 822 2102 879 sunt
2137 811 2547 879 admittendo
2583 811 2809 895 praefa-

572 938 707 996 tam
727 929 1175 1013 exceptionem
1201 929 1418 1014 quoad
1440 930 1793 1013 Episcopos
1817 937 1886 995 et
1909 929 2446 996 monasteriorum
2472 927 2800 993 PraelatoS.

572 1044 778 1125 Quam
830 1043 1189 1110 doctrinam
1243 1044 1325 1111 de
1377 1043 1784 1128 coadjutoria
1829 1054 2151 1127 perpetua,
2213 1063 2330 1108 seu
2384 1062 2532 1108 cum
2586 1042 2806 1108 futura

569 1161 992 1236 successione,
1022 1161 1459 1226 communiter
1482 1159 1792 1226 traditam
1821 1161 2111 1245 reperies
2134 1179 2172 1225 a
2197 1158 2608 1242 doctoribus3
2639 1158 2808 1224 inter

569 1294 731 1361 quos
758 1277 847 1341 sic
878 1277 1173 1342 Ferraris
1207 1276 1436 1363 (verbo
1470 1280 1822 1360 Coacljutor,
1864 1297 1929 1342 n.
1967 1276 2031 1360 3)
2074 1299 2088 1342 ε
2141 1302 2172 1338 «
2211 1279 2362 1343 Haec
2392 1298 2474 1343 ex
2501 1277 2673 1362 stylo
2709 1284 2808 1341 est

574 1414 607 1451 «
643 1389 993 1457 adinventa
1018 1392 1117 1477 (ut
1137 1391 1314 1474 apud
1334 1391 1812 1470 Cassiodorum‚
1843 1391 2171 1458 decisione
2200 1396 2262 1470 2,
2293 1412 2359 1456 n.
2391 1394 2453 1470 2,
2484 1395 2562 1456 de
2588 1395 2798 1455 Restit.

574 1529 603 1566 α
641 1510 1066 1588 spoliatorum,⁸
1105 1508 1501 1589 Fagnanum,
1522 1507 1588 1572 in
1619 1517 1816 1590 caput
1845 1512 1947 1573 Ex
1959 1518 2163 1591 parte,
2190 1512 2265 1573 de
2294 1511 2528 1573 Clerico
2560 1514 2796 1589 (ΒΨ-ολ,

572 1646 602 1681 α
640 1641 707 1686 n.
754 1621 882 1707 15);
928 1642 1077 1687 cum
1117 1622 1264 1688 talis
1308 1622 1711 1707 coadjutoria
1756 1625 1840 1689 sit
1876 1625 2072 1690 sacris
2119 1623 2472 1690 canonibus
2513 1623 2800 1692 inimica.

573 1761 604 1796 α
642 1745 711 1803 et
755 1737 977 1803 odiosa
1032 1737 1269 1823 (capite
1317 1742 1661 1822 Accepimus
1702 1743 1773 1816 5,
1813 1743 1888 1802 cle
1930 1744 2179 1819 Paetis,·
2222 1740 2434 1822 capite
2487 1741 2674 1803 Nulla
2726 1738 2800 1811 2,

571 1876 602 1912 α
637 1855 712 1917 de
746 1858 1134 1918 concessione
1166 1857 1397 1935 proeb.,·
1433 1855 1648 1937 capite
1693 1857 2060 1919 Detestanda
2099 1857 2163 1932 2,
2209 1862 2278 1920 et
2311 1843 2528 1937 'capite
2581 1857 2669 1918 Ne
2715 1873 2806 1916 ca·

572 1990 605 2027 α
634 1971 886 2049 ptandoe
926 1971 990 2044 3,
1021 1971 1095 2032 cle
1122 1972 1507 2033 Concessione
1550 1972 1912 2051 proebendoe,
1949 1971 2015 2033 in
2062 1967 2155 2053 6);
2199 1977 2267 2033 et
2314 1987 2622 2051 expresse
2664 1985 2804 2051 pro·

573 2107 605 2143 α
640 2083 842 2148 hibita
869 2102 906 2148 a
930 2084 1198 2148 concilio
1220 2083 1599 2151 Tridentino
1627 2085 1802 2170 (sess,
1836 2085 1943 2162 25,
1976 2103 2032 2148 c.
2070 2081 2159 2167 7).
2189 2082 2379 2148 Unde
2408 2082 2803 2167 coadjutoria

570 2193 603 2256 ἀ
640 2206 963 2283 perpetua
1008 2217 1154 2262 cum
1188 2197 1412 2264 futura
1458 2200 1895 2277 successione,
1937 2206 2169 2284 utpote
2215 2201 2412 2264 sacris
2455 2199 2802 2265 canonibus

572 2339 603 2374 «ι
639 2312 888 2389 odiosa,
933 2321 1001 2377 et
1030 2314 1300 2378 Patrum
1348 2311 1639 2378 decretis
1682 2313 2037 2392 contraria,
2092 2312 2363 2379 concedi
2409 2333 2541 2378 non
2591 2319 2802 2397 potest

573 2452 604 2489 α
639 2428 758 2494 nisi
804 2447 928 2512 per
964 2428 1244 2513 Papam3
1302 2446 1451 2494 cum
1503 2430 1642 2513 ipse
1694 2431 1868 2496 solus
1915 2429 2277 2496 secundum
2328 2428 2796 2513 plenitudinem

572 2568 606 2607 α
640 2546 979 2628 potestatis
1022 2543 1107 2609 de
1136 2544 1284 2628 jure
1333 2547 1532 2628 possit
1579 2564 1775 2629 supra
1815 2546 1921 2631 jus
1952 2546 2327 2631 dispensare
2375 2547 2611 2632 (capite
2652 2551 2800 2611 Pro-

571 2683 607 2723 «
630 2668 837 2744 posuit
862 2662 926 2740 4,
955 2664 1029 2725 cle
1057 2665 1439 2726 Concessione
1462 2665 1824 2744 proebendoe,
1865 2663 1954 2728 ibi
1991 2686 2006 2729 :
2048 2669 2168 2745 Oui
2199 2666 2520 2727 secundum
2545 2664 2804 2745 plenitu-

573 2799 607 2836 σι
640 2780 840 2841 dinem
867 2784 1191 2860 potestatis
1227 2781 1300 2841 cle
1325 2784 1467 2861 jure
1498 2799 1813 2862 possumus
1850 2801 2034 2862 supra
2065 2786 2175 2864 jus
2210 2777 2604 2862 dispensare).
2643 2779 2798 2844 Hinc

575 2917 607 2953 «
643 2890 720 2956 fit
764 2891 942 2976 quod
985 2892 1131 2957 talis
1177 2891 1580 2976 coadjutoria
1617 2914 1766 2959 cum
1814 2894 2038 2960 futura
2075 2897 2478 2962 successione
2523 2901 2800 2979 nequeat

575 3030 605 3069 «
644 3005 916 3072 concedi
945 3025 1158 3091 neque
1189 3027 1224 3073 a
1254 3008 1580 3075 Cardinali
1612 3011 1852 3094 Legato
1885 3031 2000 3076 seu
2029 3013 2289 3076 Nuntio.
2329 3038 2360 3071 »

658 3125 1055 3190 PROPOSITlo
1084 3125 1192 3188 11¹¹.
1245 3162 1332 3173 --
1370 3129 1701 3209 Coacljutor
1733 3128 1946 3190 habere
1981 3130 2150 3190 debet
2186 3130 2507 3207 qualitales
2537 3147 2685 3207 quas
2711 3147 2802 3189 re-

568 3246 760 3323 quirit
792 3241 1050 3320 officium
1078 3260 1194 3321 pro
1237 3262 1350 3321 quo
1395 3245 1604 3305 datur.
1650 3279 1739 3290 —
1768 3243 2075 3325 Sequitur
2107 3261 2188 3307 ex
2233 3261 2311 3307 eo
2355 3241 2534 3326 quod
2566 3249 2635 3306 et
2667 3241 2800 3324 ipse

569 3353 961 3439 conjunctim
1004 3374 1152 3419 cum
1193 3353 1496 3439 coadjuto
1530 3354 1805 3421 officium
1838 3355 2001 3420 illud
2033 3355 2304 3439 explere
2344 3354 2585 3421 debeat
2620 3378 2632 3419 ε
2674 3357 2802 3420 imo

570 3478 640 3537 et
666 3472 840 3536 solus
865 3470 1072 3537 officio
1099 3468 1210 3536 illo
1239 3470 1419 3555 fungi
1449 3470 1718 3536 debebit
1737 3520 1753 3549 ‚
1781 3473 1833 3535 si
1856 3470 2198 3555 coadjutus
2221 3474 2480 3537 omnino
2509 3471 2804 3537 inhabilis

570 3580 903 3652 efficiatur.
944 3587 1108 3651 Hinc
1138 3587 1201 3649 in
1235 3584 1643 3651 admittenda
1680 3588 2012 3670 proposita
2050 3587 2217 3652 thesi
2253 3587 2653 3653 concordant
2690 3586 2804 3654 do-

570 3710 804 3784 ctores3
833 3702 1007 3765 inter
1027 3719 1188 3784 quos
1209 3700 1298 3766 sic
1316 3701 1608 3767 Fet-raris
1631 3701 1861 3788 (verbo
1887 3706 2237 3786 Coacljutor,
2263 3723 2329 3768 n.
2360 3702 2461 3786 18)
2495 3724 2509 3767 ε
2538 3726 2571 3763 α
2601 3701 2806 3767 Coad-

573 3839 606 3877 α
637 3815 817 3899 jutor
854 3814 1059 3880 debet
1102 3814 1346 3881 habere
1388 3835 1609 3882 omnes
1646 3818 1993 3901 qualitates
2032 3817 2115 3884 de
2159 3816 2311 3902 jure
2347 3817 2691 3902 requisitas
2721 3815 2804 3881 ad

572 3954 607 3991 c<
638 3928 803 3995 illud
833 3928 1114 3995 officium
1148 3946 1267 4014 pro
1298 3950 1426 4015 quo
1458 3931 1676 3996 datur.
1715 3934 1816 3997 Sic
1854 3952 2157 4015 expresse
2195 3934 2426 3998 statuit
2463 3933 2803 3997 concilium

570 4071 604 4106 α
637 4043 1090 4112 Tridentinum
1133 4045 1311 4132 (sess,
1347 4051 1455 4123 25,
1494 4068 1552 4112 c.
1587 4046 1675 4131 7).
1700 4047 1890 4113 Unde
1917 4047 2119 4113 debet
2144 4069 2284 4114 esse
2316 4049 2708 4114 constitutus
2739 4046 2802 4111 in

570 4185 602 4222 α
635 4161 743 4226 illa
773 4169 989 4237 aetatc,
1023 4180 1165 4247 quae
1203 4162 1288 4227 ad
1316 4161 1743 4228 obtinendum
1785 4162 1950 4227 illu'd
1993 4163 2416 4241 beneficium,
2455 4181 2572 4227 seu
2599 4162 2805 4227 eccle-

569 4300 601 4339 «
636 4274 793 4342 siam
827 4277 1185 4360 requiritur
1222 4278 1522 4362 (Rota...,
1554 4277 1990 4357 Gonzalez...,
2017 4280 2392 4356 Garoias...‚
2425 4277 2789 4344 Barbosa...

552 4388 596 4454 ἀ
633 4401 700 4457 et
755 4392 864 4457 alii
906 4389 1188 4475 passim).
1237 4388 1318 4455 Et
1360 4391 1414 4454 si
1466 4390 1807 4474 coadjutor
1856 4389 2054 4459 datur
2091 4395 2154 4458 in
2194 4391 2637 4477 spiritualibus
2685 4408 2793 4475 pa-
