3146 4973
1214 361 1370 410 rans
1416 361 1675 409 maru.
2425 344 2550 407 393

338 503 372 539 α
410 487 604 548 tenus
632 481 905 548 clericos
930 489 1162 548 vestroe
1187 482 1677 568 jurisdictionis,
1718 483 1830 570 qui
1875 485 1939 550 in
1984 482 2455 551 subdiaconatu
2486 490 2557 549 et

338 615 371 656 α
403 613 602 680 supra
634 595 1011 662 fornicarias
1057 597 1422 678 habuerint,
1480 598 1769 665 studiose
1824 616 2092 666 monere
2133 598 2377 666 curetis
2414 605 2490 664 ut
2517 618 2555 664 a

337 733 370 771 κ
404 730 474 778 se
516 712 654 779 illas
687 721 1088 796 removeant,
1118 733 1229 781 eas
1276 716 1552 783 ulterius
1596 717 1861 784 minime
1901 714 2266 782 admissuri.
2298 715 2362 781 Si
2394 734 2555 782 vero

337 849 368 887 α
404 830 819 914 acquiescere
870 834 1401 916 contempserint,
1448 852 1563 899 eos
1609 834 1693 900 ab
1737 832 2188 898 ecclesiasticis
2219 830 2555 898 beneflciis

342 965 372 1004 τ(
402 962 606 1029 usque
633 942 720 1010 ad
755 945 1262 1013 satisfactionem
1314 967 1664 1032 congruam
1721 945 2150 1034 suspendatis.
2210 947 2291 1012 Et
2342 948 2394 1011 si
2442 965 2555 1011 eas

335 1080 370 1119 α
404 1060 697 1142 suspensi
734 1062 1262 1146 praesumpserint
1292 1061 1617 1141 detinere,
1642 1064 1817 1145 ipsos
1843 1062 1927 1129 ab
1955 1060 2197 1128 eisdem
2219 1060 2553 1127 beneficiis

337 1196 371 1235 α
404 1182 723 1260 perpetuo
747 1195 1088 1243 removere
1116 1180 1381 1245 curetis.
1409 1203 1442 1243 ι
1481 1179 1716 1266 (Caput
1749 1183 1923 1244 siout
1949 1177 2015 1257 4,
2041 1178 2215 1244 tituli
2237 1181 2300 1256 2,
2326 1177 2478 1243 libri
2509 1179 2548 1242 3

330 1288 808 1376 decretalium.)

424 1406 754 1473 Posterior
803 1406 1152 1477 decretalis
1183 1412 1274 1479 sic
1329 1412 1527 1479 habet
1563 1434 1577 1477 ε
1623 1436 1655 1473 α
1689 1413 1753 1478 si
1782 1419 2002 1478 autem
2045 1410 2269 1476 clerici
2295 1416 2424 1473 tuae
2448 1407 2548 1491 J'u·

336 1541 371 1581 a
406 1519 790 1588 risdictionis
820 1524 1069 1609 (sivein
1106 1528 1302 1594 sacris
1325 1526 1686 1608 ordinibus,
1707 1526 1938 1593 sivein
1965 1523 2380 1596 inferioribus
2398 1543 2552 1588 eon-

336 1656 370 1695 «
405 1634 634 1720 stituti)
662 1637 1042 1706 fornicarias
1067 1638 1384 1721 detinent,
1430 1645 1549 1708 nisi
1602 1662 1714 1708 eas
1751 1642 1836 1708 ad
1866 1640 2217 1708 secundam
2264 1639 2373 1704 vel
2418 1644 2546 1703 ter·

334 1772 368 1812 «
405 1752 559 1816 tiam
605 1755 1168 1820 commonitionem
1233 1778 1271 1822 a
1310 1776 1379 1823 se
1433 1757 1817 1835 dimiserint,
1862 1755 2127 1823 easdem
2173 1753 2258 1820 de
2314 1760 2552 1819 caetero

336 1888 370 1924 σ
407 1870 868 1952 contempturi,
899 1870 1092 1937 liceat
1114 1871 1235 1937 tibi
1265 1893 1377 1939 eos
1394 1873 1706 1949 ecclesiis,
1733 1872 1841 1939 vel
1861 1891 2086 1939 earum
2115 1869 2544 1954 portionibuS,

338 2003 371 2042 «
409 1983 844 2066 appellatione
903 1987 1285 2069 postposita,
1322 1989 1627 2071 spoliare,
1679 1987 1886 2054 officio
1929 1988 2084 2069 ipsis
2135 1984 2551 2050 nihilomiuus

346 2118 379 2158 α
419 2098 793 2166 interdicto.
824 2123 858 2162 a
897 2101 1133 2186 (Caput
1161 2105 1226 2178 6,
1254 2104 1431 2168 tituli
1460 2106 1524 2182 2,
1558 2103 1712 2169 libri
1739 2107 1776 2169 3
1819 2097 2292 2182 decretalium.)

282 2259 295 2268 -
422 2213 538 2277 111.
574 2218 885 2278 Decretum
918 2220 1260 2281 Tridentini
1287 2221 1530 2282 concilii
1570 2219 1749 2304 (sess.
1795 2220 1905 2296 25,
1949 2235 2008 2280 c.
2051 2213 2182 2298 14).
2211 2249 2298 2260 —-
2328 2235 2362 2275 α
2395 2215 2553 2278 Pro-

335 2347 372 2390 «
412 2327 596 2395 hibet
630 2337 850 2395 sancta
883 2330 1171 2415 synodus
1220 2332 1734 2417 quibuscumque
1797 2332 2070 2407 clericis,
2117 2348 2201 2394 ne
2252 2327 2553 2395 concubi-

338 2466 372 2505 «
404 2462 518 2509 nas
549 2451 665 2511 aut
710 2445 864 2513 alias
899 2447 1224 2527 mulieres,
1262 2444 1347 2515 de
1378 2448 1620 2534 quibus
1656 2448 1854 2532 pofflt
1895 2445 2123 2513 haberi
2152 2444 2451 2530 suspicio,
2489 2444 2552 2508 in

340 2583 371 2621 α
408 2559 602 2627 domo
624 2563 733 2628 vel
759 2569 942 2629 extra
974 2563 1298 2643 detinere,
1334 2571 1449 2631 ant
1471 2584 1621 2630 cum
1651 2565 1727 2629 iis
1773 2564 1973 2630 ullam
2015 2560 2554 2629 consuetudinem

339 2699 371 2737 κ
404 2675 647 2742 babere
670 2677 956 2744 audeant
993 2701 1007 2744 ε
1043 2679 1321 2764 alioquin
1344 2680 1573 2764 poenis,
1607 2699 1646 2745 a
1676 2680 1875 2747 sacris
1895 2678 2269 2755 canonibus,
2302 2677 2408 2743 vel
2434 2683 2557 2741 sta·

340 2815 371 2853 «
400 2793 558 2858 tutis
583 2778 1006 2859 ecclesiarum
1035 2796 1374 2878 impositis,
1409 2797 1788 2880 puniantur.
1817 2792 2013 2877 Quod
2050 2794 2102 2859 si
2140 2814 2177 2859 a
2212 2792 2556 2877 superiori·

335 2929 367 2969 α
399 2907 522 2974 bus
550 2908 797 2987 moniti,
813 2910 899 2975 ab
922 2911 999 2976 iis
1026 2928 1096 2977 se
1124 2932 1254 2978 non
1273 2911 1731 2988 abstinuerint,
1750 2911 1946 2977 tertia
1966 2918 2153 2994 parte
2184 2907 2542 2984 fructuum,

341 3044 373 3083 «ι
405 3021 871 3088 obventionum
899 3042 977 3088 ac
1008 3031 1447 3107 proventuum
1472 3024 1937 3090 beneficiorum
1965 3040 2234 3089 suorum
2252 3039 2558 3105 quorum-

340 3157 375 3199 «
408 3156 710 3221 cumque,
745 3145 815 3204 et
844 3139 1248 3222 pensionum,
1291 3139 1431 3222 ipso
1463 3138 1633 3204 facto
1675 3140 1803 3203 sint
1851 3139 2127 3222 privati3
2175 3155 2319 3222 quae
2357 3137 2556 3201 fabri-

344 3277 375 3311 «
410 3271 499 3317 coe
526 3253 837 3331 ecclesiae,
876 3260 990 3319 aut
1017 3254 1206 3319 alteri
1238 3254 1342 3336 pio
1374 3254 1518 3319 loco
1548 3253 1820 3320 arbitrio
1837 3253 2137 3337 Episcopi
2158 3251 2552 3335 applicetur.

343 3389 376 3429 a
411 3368 519 3433 Sin
546 3385 704 3435 vero
734 3369 802 3433 in
828 3367 1071 3436 delicto
1103 3367 1335 3436 eodem
1366 3388 1515 3445 cum
1553 3367 1803 3446 eadem,
1831 3368 1939 3434 vel
1967 3367 2094 3433 alia
2124 3367 2387 3432 foemiua
2409 3385 2562 3449 per-

344 3504 377 3544 «
409 3491 810 3563 severantes‚
852 3484 1158 3551 secundae
1206 3486 1540 3552 monitioni
1587 3483 1804 3550 adhuc
1844 3504 1974 3551 non
2013 3484 2375 3568 paruerint,
2425 3502 2558 3547 non

345 3621 377 3660 c<
411 3605 664 3665 tantum
686 3601 945 3667 fructus
988 3620 1212 3669 omnes
1258 3621 1333 3667 ac
1381 3609 1742 3685 proventus
1791 3620 2058 3668 suorum
2094 3599 2559 3667 beneficiorum

344 3734 375 3773 ιι
411 3721 479 3779 et
502 3716 838 3798 pensiones
860 3734 941 3783 eo
969 3716 1110 3800 ipso
1128 3717 1451 3794 amittant,
1476 3719 1591 3801 qui
1604 3716 1931 3800 praedictis
1945 3716 2107 3783 locis
2127 3715 2555 3799 applicentur,

344 3847 378 3886 «
410 3824 529 3891 sed
563 3828 758 3893 etiam
802 3848 840 3893 a
895 3827 1363 3895 beneficiorum
1410 3831 1699 3913 ipsorum
1732 3827 2285 3895 administratione
2328 3825 2562 3912 (quoad

344 3963 377 4001 ιι
412 3940 818 4022 ordinarius,
864 3946 1058 4010 etiam
1087 3944 1185 4010 uti
1234 3943 1419 4011 Sedis
1462 3945 1847 4029 Apostolicoe
1895 3943 2257 4027 delegatus,
2290 3943 2567 4009 arbitra·-

345 4080 378 4116 «
417 4056 617 4141 bitur)
658 4060 1165 4144 suspendantur.
1206 4062 1287 4127 Et
1313 4063 1366 4127 si
1394 4063 1485 4127 ita
1512 4062 1807 4145 suspensi
1829 4061 2235 4127 nihilominus
2282 4076 2391 4125 eas
2437 4076 2568 4124 non

345 4196 379 4233 «
422 4177 776 4261 expellant,
821 4183 936 4243 aut
980 4196 1126 4244 cum
1176 4180 1251 4243 iis
1304 4180 1500 4245 etiam
1567 4184 1936 4254 versentur,
1989 4186 2147 4244 tunc
2215 4174 2561 4253 beneficiis,

347 4315 380 4351 «
416 4292 827 4377 portionibus
864 4313 940 4358 ac
986 4294 1208 4359 offici‘ffl
1243 4300 1312 4360 et
1361 4294 1772 4377 pensionibus
1813 4294 2331 4379 quibuscumque
2361 4294 2572 4359 ecc-le-

349 4429 382 4469 «
417 4407 684 4473 siasticis
712 4416 1039 4493 perpetuo
1067 4410 1430 4494 priventur.
1460 4436 1492 4471 υ
