3146 4973
1286 386 1445 435 rsus
1483 385 1714 435 rium.
2496 376 2620 440 185

1028 742 1649 881 SECTIO
1724 748 1972 880 ΙΙΙ.

433 1061 814 1136 Evolvitur
849 1064 1045 1137 notio
1082 1060 1172 1133 de
1212 1086 1380 1135 vera
1419 1061 1908 1162 parochiatus,
1951 1090 2077 1139 seu
2106 1065 2570 1139 institutionis

1082 1185 1591 1285 parochorum,
1635 1198 1914 1260 natura.

1347 1472 1668 1505 *-

475 1751 574 1814 Ex
598 1746 897 1814 deductis
925 1748 990 1811 in
1023 1748 1342 1831 superiori
1367 1747 1678 1825 sectione,
1703 1747 1839 1832 jam
1866 1749 2020 1813 satis
2049 1746 2483 1815 determinata
2515 1767 2620 1816 re-

385 1872 607 1931 manet
647 1862 994 1949 praecipua,
1024 1871 1095 1930 et
1122 1869 1196 1929 ut
1226 1864 1318 1929 its
1350 1860 1589 1940 dicam,
1626 1861 2135 1930 fundamentalis
2171 1863 2257 1931 de
2287 1866 2620 1948 parochia·

385 1989 460 2047 ω
489 1982 688 2048 notio.
725 1982 842 2046 Ast
875 1985 1119 2063 proeter
1147 1981 1348 2056 varia,
1389 1998 1533 2066 quae
1571 1987 1882 2065 tanquam
1927 1979 2077 2045 huic
2103 1982 2358 2048 muneri
2399 2000 2620 2049 essen·

384 2099 563 2165 tialia
608 2099 716 2164 vel
766 2096 1162 2176 admisimus,
1215 2097 1326 2162 vel
1353 2096 1722 2181 missimus,
1765 2103 1919 2162 sunt
1967 2104 2038 2162 et
2069 2097 2260 2180 plura
2301 2098 2449 2175 alia,
2491 2098 2619 2164 huc

387 2230 593 2298 usque
623 2232 661 2278 a
688 2212 873 2278 nohis
916 2210 1174 2276 silentio
1207 2209 1667 2294 praetermissa,
1716 2208 1799 2275 de
1841 2210 2078 2297 quihus
2109 2212 2308 2277 etiam
2347 2214 2618 2298 quoestio

385 2329 633 2397 institui
673 2329 860 2411 solet,
908 2346 1065 2394 num
1107 2326 1192 2393 sd
1237 2326 1652 2412 parochiatus
1697 2328 2043 2394 essentiam
2092 2328 2487 2412 pertineant.
2538 2330 2620 2394 Et

385 2447 677 2533 quamvis
691 2466 776 2514 ex
796 2445 1061 2512 statutis
1074 2443 1206 2530 jam
1219 2443 1551 2529 principiis
1583 2441 2019 2511 dificultatum
2042 2442 2365 2530 ejusmodi
2382 2444 2617 2513 solutio

386 2560 539 2625 satis
559 2558 846 2644 perspici
868 2564 1106 2642 posset,
1147 2575 1269 2641 pro
1287 2557 1383 2621 rei
1404 2564 1627 2622 tamen
1655 2557 1997 2642 gravitate,
2024 2554 2110 2623 de
2128 2556 2227 2622 his
2246 2557 2316 2621 in
2337 2560 2617 2641 particu-

383 2677 504 2742 lari
527 2673 980 2742 disserendum
1004 2673 1540 2741 existimavimus.
1569 2670 1673 2739 Ad
1694 2670 1873 2758 quod
1889 2673 2227 2758 sequentia
2243 2674 2456 2758 capita
2475 2691 2618 2757 per-

383 2793 805 2860 lustrabimus
832 2813 846 2857 :
884 2794 950 2856 1⁰
974 2789 1060 2857 de
1089 2791 1282 2856 variis
1317 2807 1490 2854 curae
1509 2788 1874 2874 speciebus,
1901 2796 1972 2855 et
1993 2806 2290 2874 quaenam
2313 2808 2397 2855 ex
2420 2789 2514 2855 eis
2532 2790 2620 2856 sit

385 2908 769 2992 parochialis
793 2905 986 2973 officii
1004 2905 1364 2972 essentialis
1386 2911 1453 2971 et
1474 2905 1776 2987 propria3
1805 2904 1874 2968 2⁰
1894 2921 2049 2969 num
2073 2904 2264 2970 unius
2294 2904 2616 2989 parochiae

385 3025 610 3109 plnres
650 3041 791 3090 esse
832 3021 1027 3088 simul
1059 3022 1305 3105 possint
1346 3021 1488 3086 veri
1526 3018 1823 3103 parochi3
1850 3022 1921 3085 30
1944 3018 2453 3102 perpetuitatem
2486 3038 2617 3088 non

383 3158 526 3206 esse
557 3138 644 3206 de
674 3138 951 3204 essentia
979 3134 1430 3222 parochiatus;
1463 3136 1556 3200 ita
1577 3142 1654 3200 ut
1676 3150 1875 3200 verus
1902 3134 2224 3218 parochus
2246 3152 2387 3200 esse
2414 3136 2618 3218 possit
2694 3162 2765 3234 ρ

381 3261 649 3322 curatus
691 3252 779 3319 ad
823 3259 1056 3319 nutum
1106 3249 1474 3317 amovibilis
1487 3270 1504 3333 3
1540 3250 1613 3313 40
1645 3267 1729 3313 an
1771 3255 2146 3314 curatorum
2187 3248 2618 3314 amovibilitas

383 3371 705 3439 contraria
725 3370 809 3436 sit
833 3369 1030 3436 sacris
1058 3366 1413 3434 canonibus
1440 3373 1557 3431 aut
1582 3364 1756 3432 bono
1788 3364 2129 3449 Ecclesioe3
2162 3369 2228 3430 5⁰
2254 3383 2339 3430 an
2367 3371 2438 3430 et
2466 3382 2620 3451 qua-

383 3601 816 3685 capellsnisve
866 3599 1128 3677 curatis,
1179 3605 1249 3665 et
1292 3597 1552 3683 quinam
1599 3614 1682 3661 ex
1723 3596 1880 3680 ipsis
1931 3596 2061 3662 sint
2107 3614 2260 3662 vere
2312 3596 2611 3680 parochi3

390 3721 458 3782 7·
495 3716 579 3782 de
601 3715 1064 3784 hodiernorum
1092 3714 1313 3781 Gallim
1347 3719 1724 3779 curatorum
1771 3711 2168 3791 conditione,
2210 3718 2281 3779 et
2311 3731 2393 3777 an
2432 3712 2474 3775 ii
2501 3712 2614 3797 qui

384 3830 828 3899 deservitores
861 3836 1180 3898 vocantur
1215 3830 1345 3896 sint
1375 3828 1516 3895 veri
1543 3829 1829 3912 parochi.
