3146 4973
588 299 671 364 24
1261 310 1640 360 moruus
1681 311 1772 358 ns
1814 305 2147 359 rmocno.

588 438 826 505 saeculo
872 435 1267 502 recentiores
1294 433 1576 500 urbanas
1608 431 1944 517 parochias
1994 431 2490 508 demonstravit,
2525 427 2818 514 prudens

586 554 862 639 quisque
890 551 1253 635 persentire
1289 549 1525 633 potuit,
1562 558 1781 614 actum
1811 544 1953 614 es'se
1988 546 2073 614 de
2103 548 2467 614 existimata
2491 546 2601 611 illa
2630 563 2819 629 paro-

581 668 861 734 chorum
900 664 1311 750 antiquitate.
1339 667 1543 730 Tanta
1579 666 1774 743 enim,
1803 670 2068 748 tamque
2117 664 2362 729 invicta
2395 661 2821 730 documento-

590 802 739 850 rum
790 783 961 847 mole
1018 780 1496 847 conclusionem
1536 800 1720 847 suam
1765 779 2072 847 laudatus
2125 787 2355 846 auctor
2397 778 2622 846 firmav
2630 778 2706 857 it,
2746 785 2823 845 ut

591 900 1003 966 eruditorum
1052 916 1380 964 assensum
1417 898 1538 964 sibi
1571 898 1707 984 jam
1746 903 2157 977 consecutum,
2219 904 2292 962 et
2337 896 2541 979 magis
2583 896 2651 961 in
2681 895 2825 962 dies

590 1022 1065 1081 consecuturus
1106 1012 1433 1079 videatur.

680 1126 877 1193 Nobis
908 1132 1131 1193 autem
1161 1125 1337 1193 idem
1362 1134 1815 1210 argumentum
1851 1125 2156 1208 proesenti
2179 1123 2393 1209 capite
2420 1124 2819 1200 tractaturiS,

592 1264 719 1310 non
750 1262 954 1327 parva
994 1242 1249 1308 obsistit
1287 1240 1654 1307 difficultas.
1703 1245 1929 1308 Totam
1983 1242 2226 1326 quippe
2282 1238 2826 1306 documentorum

593 1360 868 1444 copiam,
898 1376 1043 1443 quae
1070 1378 1110 1424 a
1138 1359 1340 1424 Mario
1358 1360 1565 1443 Lupo,
1594 1367 1665 1424 et
1691 1367 1837 1444 post
1866 1360 2081 1442 ipsum
2113 1379 2152 1425 a
2177 1356 2422 1434 Nardo‚
2454 1365 2828 1441 comparata

594 1483 719 1552 est,
740 1473 869 1540 hnc
897 1473 1138 1539 adduci
1169 1482 1241 1539 et
1268 1476 1598 1540 recenseri
1626 1476 1730 1538 vix
1751 1476 1902 1540 sinit
1928 1475 2333 1542 tractationis
2358 1481 2593 1540 nostroe
2618 1473 2820 1538 ratio:

596 1610 725 1675 qua
770 1598 991 1654 tamen
1034 1591 1467 1673 praetermissa
1505 1592 1681 1678 (cum
1727 1592 1794 1655 in
1836 1610 1916 1657 ea
1960 1591 2270 1656 consistat
2317 1590 2640 1673 praecipua
2676 1607 2828 1671 pro·

598 1705 797 1772 bandi
841 1704 988 1791 vis),
1027 1704 1392 1772 verendum
1447 1726 1530 1772 ne
1583 1714 1820 1772 nutans
1865 1714 1936 1772 et
1979 1707 2149 1773 male
2192 1713 2441 1772 asserta
2493 1704 2827 1771 conclusio

600 1820 928 1886 videatur.

689 1938 808 2002 Cui
852 1935 1220 2003 difficultati
1271 1946 1347 2004 ut
1381 1939 1743 2005 faceremus
1787 1938 1960 2016 satiS,
2015 1938 2225 2005 visum
2273 1944 2376 2003 est
2423 1934 2831 2002 eruditorum

601 2053 971 2119 testimonio
1014 2060 1085 2118 et
1115 2053 1463 2119 autoritate
1509 2054 1666 2137 niti3
1712 2062 1855 2120 tum
1900 2054 2209 2119 nonnulla
2237 2058 2643 2136 argumenta,
2688 2069 2830 2135 qua‘,

602 2168 847 2251 absque
887 2186 1118 2251 magna
1140 2174 1442 2234 textuum
1478 2170 1666 2253 copia
1691 2170 2060 2234 concinnari
2089 2169 2357 2251 possint,
2394 2166 2830 2252 subjungere3

602 2284 848 2366 sicque,
887 2282 1042 2348 licet
1086 2284 1494 2368 aliquatenus
1537 2283 1883 2362 indirecte,
1926 2285 2081 2350 satis
2107 2292 2325 2348 tamen
2354 2283 2613 2373 firmata
2637 2281 2838 2347 thesis

605 2397 963 2475 videbitur,
1014 2400 1170 2482 quin
1196 2419 1277 2461 ea:
1295 2403 1567 2481 professo
1598 2402 2019 2486 quaestionem
2055 2405 2365 2466 excutere
2398 2404 2467 2465 et
2498 2396 2749 2464 diutius
2774 2398 2839 2462 in

604 2532 683 2578 ea
713 2510 954 2597 pedem
976 2512 1181 2597 figere
1205 2533 1535 2598 cogamur.

1650 2731 1795 2807 51.

612 2923 801 2969 Certum
838 2929 910 2969 cst
953 2922 1076 2984 apud
1109 2925 1317 2975 eruditos
1350 2928 1449 2988 jam
1480 2927 1733 2975 invaluisse
1769 2925 2138 2988 persuasionem,
2179 2925 2226 2973 in
2254 2926 2518 2974 civitatibus
2562 2925 2841 2987 episcopali-

680 3017 769 3063 bus
799 3015 970 3077 (Roma
1005 3017 1121 3065 sorte
1159 3026 1206 3068 et
1241 3019 1523 3069 Alexandria
1548 3020 1774 3082 exceptis)
1805 3019 1958 3067 nullas
1984 3025 2092 3067 aute
2118 3030 2288 3066 annum
2319 3019 2450 3067 1000
2485 3018 2722 3067 exstitisse
2758 3031 2843 3081 pa-

682 3110 887 3158 rochias.

701 3303 925 3369 Testes
962 3302 1084 3369 hac
1130 3304 1215 3370 de
1256 3323 1328 3371 re
1383 3305 1699 3372 habemus
1754 3302 2203 3371 moderniores
2251 3302 2706 3382 BollandistaS,
2734 3305 2845 3388 qui

616 3418 824 3485 varias
849 3418 1263 3488 eruditorum
1297 3420 1383 3486 de
1432 3423 1762 3505 proposita
1806 3420 2158 3506 quoestione
2188 3420 2546 3486 sententias
2585 3420 2674 3486 sic
2708 3437 2844 3486 me-

615 3540 871 3599 morant
901 3555 916 3599 ε

707 3671 741 3708 «
770 3649 1189 3734 Nequaquam
1226 3653 1659 3717 necessarium
1693 3660 1793 3718 est
1835 3660 1910 3716 ut
1953 3651 2059 3716 hic
2109 3652 2175 3717 in
2214 3669 2491 3717 examen
2522 3644 2826 3730 vocetur,

616 3784 649 3822 a
677 3763 889 3828 sintne
936 3763 1203 3846 parochi
1235 3762 1321 3829 de
1348 3763 1500 3849 jure
1536 3764 1783 3844 divino,
1814 3786 1896 3830 an
1942 3764 2027 3831 de
2069 3766 2217 3850 jure
2256 3764 2740 3844 ecclesIastico3
2778 3767 2842 3831 in

616 3900 651 3937 a
677 3897 805 3961 qua
838 3878 1152 3944 versanda
1179 3882 1531 3964 quaestione
1563 3881 1780 3947 nullus
1811 3882 1984 3947 forte
2042 3881 2353 3966 maiorem
2406 3882 2526 3948 sibi
2574 3879 2839 3947 laudem

617 4018 647 4050 α
675 3995 1063 4075 promeruit,
1093 4014 1286 4079 quam
1315 3995 1671 4063 Cardinalis
1714 3996 1799 4063 de
1841 3998 1906 4063 la
1942 3999 2265 4076 Luzerne,
2297 3998 2484 4083 cujus
2516 4015 2681 4080 opus
2719 4016 2843 4063 nu-

614 4131 650 4171 «
673 4111 897 4193 perius
936 4110 1187 4177 editum
1228 4113 1355 4179 fuit
1402 4115 1529 4200 (des
1558 4121 1769 4180 Droits
1804 4123 1864 4179 et
1908 4119 2014 4180 des
2052 4121 2303 4180 Devoirs
2334 4118 2438 4179 des
2478 4102 2745 4196 B‘vdques
2782 4121 2840 4177 et

616 4229 776 4291 «des
815 4233 1082 4308 pretres,
1123 4230 1307 4295 Paris
1328 4275 1345 4306 ,
1397 4231 1643 4313 Migne,
1687 4229 1905 4314 1844).
1942 4232 2168 4316 Neque
2223 4228 2681 4317 inquirendum
2726 4249 2841 4296 no·

614 4367 645 4403 «
670 4342 769 4409 bis
803 4350 927 4421 est,
969 4364 1051 4410 an
1080 4345 1447 4428 parochiale
1478 4365 1717 4414 munus
1745 4355 1817 4413 et
1844 4347 2120 4415 officium
2161 4356 2377 4415 ortum
2417 4347 2584 4412 sit...
2620 4365 2701 4413 ex
2739 4347 2838 4413 in·
