3146 4973
556 342 681 404 436
1223 356 1597 402 TRACTATUS
1646 358 1732 402 nn
1779 356 2108 404 par-oeno.

548 483 724 545 senio
776 481 978 544 aliave
1030 481 1320 560 corporis
1369 484 1480 542 aut
1538 481 1773 544 mentis
1832 477 2241 555 infirmitate,
2296 477 2437 543 dari
2491 478 2782 562 legitime

552 597 751 677 possit
801 593 1144 679 coadjutor
1189 594 1379 658 alicui
1428 595 1739 677 parocho,
1795 597 1927 659 Nec
1978 596 2162 678 queri
2208 601 2430 677 potest
2465 593 2786 677 parochus

548 711 727 795 quod
756 712 901 790 sibi,
945 731 1062 776 nec
1113 710 1357 788 audito,
1392 731 1513 776 nec
1563 712 2017 788 consentienti,
2048 710 2388 794 coadjutor
2433 709 2626 776 datus
2656 711 2778 793 sit3

548 829 697 912 quia
728 828 793 891 in
828 826 949 892 hoc
986 827 1336 910 Episcopus
1368 826 1515 910 jure
1544 846 1661 892 suo
1692 828 1924 891 utitur.
1964 825 2154 907 Quod
2183 827 2236 889 si
2268 823 2641 909 praetendat
2673 844 2784 908 pa-

548 944 784 1008 rochus
819 962 947 1007 non
991 941 1220 1008 adesse
1263 939 1688 1006 sufficientem
1729 960 1984 1006 causam
2026 942 2420 1019 canonicam,
2451 939 2780 1024 appellare

549 1058 815 1144 quidem
846 1060 927 1125 ab
961 1060 1259 1142 Episcopi
1296 1059 1569 1124 decreto
1609 1059 1883 1141 poterit,
1920 1064 2117 1142 prout
2153 1059 2453 1142 sequenti
2493 1057 2782 1141 proposi-

548 1176 722 1239 tione
754 1173 1063 1256 dicimus3
1100 1194 1229 1240 non
1267 1183 1486 1240 autem
1532 1193 1615 1238 ex
1647 1193 1726 1238 eo
1756 1175 1967 1256 capite
2007 1172 2344 1238 decretum
2376 1191 2772 1256 oppugnare,

549 1290 726 1374 quod
757 1292 876 1356 sibi
909 1311 1037 1355 non
1068 1289 1499 1357 consentienti
1527 1286 1873 1373 coadjutor
1904 1288 2095 1354 datus
2126 1291 2229 1354 sit.

645 1407 1041 1473 Pnorosrrlo
1068 1408 1177 1470 11⁸.
1211 1443 1299 1453 -
1321 1407 1373 1468 A
1404 1408 1637 1467 decreto
1673 1408 1959 1486 Episcopi
1999 1409 2402 1487 coadjutorem
2450 1410 2659 1470 dantis
2680 1427 2779 1488 ap·

544 1525 772 1603 pellare
784 1501 996 1602 potest
1002 1522 1301 1602 parochus
1328 1522 1410 1583 ad
1437 1524 1710 1599 effectum
1737 1522 2144 1583 devolutivum
2170 1529 2426 1596 cantum,
2466 1528 2522 1584 si
2549 1526 2618 1585 ob
2649 1543 2780 1584 cau·

546 1659 672 1700 sam
696 1643 1015 1719 imperiliae
1034 1639 1343 1718 coadjutor
1362 1639 1543 1698 clatus
1573 1641 1655 1696 sit
1680 1655 1700 1697 .·
1723 1638 1805 1698 acl
1831 1643 2147 1716 utrumque
2174 1644 2372 1699 autem
2403 1642 2697 1718 effectum,
2725 1644 2780 1698 si

545 1757 616 1816 ob
665 1774 904 1816 causa-m
949 1754 1332 1830 infirmitatis
1378 1757 1570 1814 animi
1610 1760 1719 1813 aut
1756 1758 2041 1835 corporis.
2093 1790 2181 1799 —
2232 1755 2345 1817 Est
2394 1753 2774 1837 principium

542 1875 820 1946 certum,
858 1888 1046 1953 posse
1091 1867 1471 1953 quemlibet,
1510 1868 1623 1952 qui
1665 1887 1734 1932 se
1780 1876 2120 1951 gravatum
2167 1871 2512 1946 existimat,
2564 1869 2777 1952 appel-

542 1986 701 2060 lare,
740 1993 807 2050 et
835 1984 1098 2069 quidem
1130 1984 1348 2069 quoad
1378 1984 1687 2048 effectum
1725 1985 1919 2048 etiam
1964 1986 2436 2067 suspensivum,
2487 1986 2774 2067 exceptis

539 2102 614 2164 iis
652 2100 925 2177 casibus,
978 2101 1043 2162 in
1083 2098 1318 2182 quibus
1361 2098 1468 2163 lcx
1515 2099 1968 2183 appellationis
2014 2098 2407 2165 beneficium
2465 2120 2769 2184 expresse

541 2214 843 2300 denegat.
894 2217 1101 2281 Porro
1149 2214 1366 2299 quoad
1414 2234 1633 2280 casum
1674 2214 1811 2280 dati
1850 2214 2246 2300 coadjutoris
2277 2237 2356 2279 ea:
2385 2218 2768 2296 infirmitatis

536 2351 740 2409 causa,
773 2331 1003 2395 nullibi
1050 2332 1307 2413 reperio
1350 2332 1417 2394 in
1456 2330 1603 2414 jure
1649 2332 1969 2396 sublatam
2018 2332 2553 2416 appellationem3
2596 2330 2768 2397 unde

535 2444 1057 2513 concludendum
1081 2444 1367 2524 videtur,
1398 2446 1462 2510 in
1486 2445 1605 2512 hoc
1633 2465 1785 2512 casu
1813 2447 2166 2532 parochum
2191 2448 2525 2531 appellare
2556 2466 2762 2531 posse,

537 2583 686 2628 cum
724 2563 984 2640 effectu,
1035 2583 1163 2628 nou
1204 2570 1459 2627 tantum
1514 2561 1918 2639 devolutim,
1970 2563 2090 2629 sed
2127 2565 2324 2629 etiam
2355 2565 2765 2647 suspensiv03

530 2682 622 2744 ita
643 2680 887 2745 scilicet
915 2688 1008 2756 ut,
1038 2678 1384 2762 interjecta
1406 2680 1869 2762 appellatione,
1908 2679 2251 2746 decretum
2279 2700 2466 2746 suum
2490 2690 2770 2765 nequeat

532 2798 887 2878 Episcopus
924 2797 1297 2859 executioni
1346 2795 1686 2879 mandare;
1733 2795 1851 2862 sed
1899 2806 2246 2881 expectare
2292 2796 2535 2862 debeat
2584 2817 2772 2880 supe·

531 2912 737 2975 rioris·
745 2909 981 2993 judicis
1006 2911 1417 2975 sententiam.

618 3029 693 3092 In
731 3046 884 3091 casu
922 3035 1141 3091 autem
1188 3025 1324 3091 dati
1369 3026 1770 3111 coadjutoris
1809 3029 1892 3094 ob
1931 3036 2251 3110 imperitioe
2295 3050 2559 3107 causam,
2616 3028 2771 3094 dici-

528 3163 672 3209 mus
699 3143 1027 3227 appellare
1067 3142 1335 3227 quidem
1375 3163 1563 3226 posse
1619 3145 1994 3227 parochum,
2033 3145 2151 3211 scd
2189 3145 2272 3209 ad
2316 3146 2766 3213 devolutivum

530 3258 869 3324 dumtaxat
909 3259 1233 3323 effectum.
1274 3261 1430 3323 Nam
1466 3262 1533 3323 in
1572 3260 1697 3324 hoc
1729 3280 1879 3324 casu
1915 3260 2056 3325 dari
2094 3279 2280 3343 posse
2320 3261 2769 3347 coadjutorem

531 3372 830 3439 decrevit
873 3372 1254 3439 Tridentino
1306 3374 1619 3457 synodus,
1673 3397 2031 3457 quacumque
2070 3379 2475 3457 appellatione
2513 3384 2760 3442 remota.

527 3491 736 3556 Porro
777 3508 898 3572 per
945 3490 1142 3554 talem
1175 3488 1524 3554 formulam
1571 3491 1819 3556 auferri
1852 3488 2346 3575 appellationem
2397 3492 2465 3555 in
2501 3511 2771 3574 suspen-

528 3608 665 3670 sivo
695 3603 1058 3680 dumtaxat,
1094 3622 1222 3670 non
1244 3612 1463 3669 autem
1492 3605 1557 3667 in
1586 3603 1995 3682 devolutivo,
2030 3612 2263 3670 tenent
2289 3604 2591 3672 doctores
2623 3626 2772 3672 una-

528 3721 823 3801 nimiter;
865 3727 934 3784 et
955 3737 1071 3783 nos
1106 3719 1223 3801 ipsi
1252 3719 1676 3801 probavimus
1713 3720 1777 3783 in
1802 3727 2080 3785 tractatu
2112 3724 2186 3783 de
2217 3724 2481 3785 Iudiciis
2504 3725 2773 3785 ecclesia-

527 3842 720 3912 sticis,
750 3835 864 3899 ubi
901 3832 982 3899 de
1030 3834 1465 3917 appellatione
1516 3833 1960 3900 disseruimus.
2006 3836 2213 3919 Atque
2256 3839 2346 3901 ita
2394 3835 2680 3901 decisum
2735 3858 2773 3901 a

528 3952 717 4016 Sacra
782 3949 1293 4034 Congregatione
1356 3948 1620 4014 Concilii
1668 3950 1939 4015 adnotat
1993 3951 2278 4016 Barbosa
2332 3950 2430 4015 his
2496 3951 2709 4017 verbis
2752 3974 2765 4016 z

535 4090 567 4127 ι(
605 4067 736 4131 Per
770 4065 932 4130 illud
972 4064 1313 4131 decretum
1346 4065 1601 4130 tollitur
1633 4064 1982 4148 appellatio
2026 4063 2110 4128 ad
2156 4064 2466 4132 effectum
2503 4086 2769 4149 suspen-

534 4205 567 4242 «
600 4183 838 4257 sivum,
874 4179 991 4245 sed
1031 4200 1158 4243 non
1201 4178 1692 4263 devolutivum3
1741 4187 1815 4244 ut
1863 4200 1946 4245 ex
1976 4180 2182 4245 Sacrae
2230 4179 2768 4265 Congregationis

534 4321 566 4356 «
604 4305 671 4361 et
698 4297 877 4363 Rotae
911 4294 1347 4360 decisionibus
1375 4294 1609 4378 probat
1634 4294 1901 4359 Garoias
1936 4320 1966 4356 »
2009 4296 2103 4382 (cla
2133 4298 2424 4377 Par-ocho,
2466 4316 2607 4380 cap.
2655 4298 2762 4372 22,

535 4431 599 4475 n.
667 4410 793 4493 10).
