3146 4973
1218 425 1374 474 psas
1418 427 1677 473 Tanna.
2436 412 2565 475 385

431 573 462 608 α
500 549 712 614 Poenoe
741 548 961 614 clerici
996 548 1373 616 fornicantis
1404 552 1598 615 variae
1635 556 1786 614 sunt
1806 598 1821 627 ,
1857 551 2030 615 inter
2058 568 2216 634 quas
2246 568 2366 633 pro
2399 549 2571 615 arbi·

340 688 373 722 «
416 666 540 729 trio
588 684 705 729 suo
737 664 1011 748 aliquam
1061 683 1414 743 assumere,
1462 672 1530 729 et
1561 665 1757 730 etiam
1799 663 1881 729 ad
1916 666 2344 748 privationem
2376 664 2577 730 bene·

342 802 374 839 (ι
412 778 540 843 licii
573 786 845 862 propter
876 798 1066 844 unam
1101 783 1433 862 simplicem
1477 784 1932 860 fornicationem
1969 777 2328 862 procedere
2360 786 2577 861 potest

342 919 375 952 a
406 892 611 978 judex
669 893 1147 959 ecclesiasticus
1175 943 1192 972 ,
1256 897 1614 977 praesertim
1662 896 1717 958 si
1761 894 2071 959 delictum
2129 893 2453 959 notorium
2510 901 2580 958 et

343 1033 376 1070 «
410 1008 861 1075 scandalosum
926 1018 1027 1075 est
1052 1059 1067 1086 ,
1128 1019 1327 1093 prout
1378 1012 1655 1095 amplius
1715 1010 1997 1076 diximus
2051 1019 2118 1076 et
2168 1008 2585 1093 probavimus

343 1150 377 1187 «
413 1126 582 1191 libro
611 1129 677 1202 3,
715 1126 910 1192 titulo
943 1129 1006 1204 2,
1045 1147 1082 1192 a
1115 1144 1390 1192 numero
1424 1128 1530 1203 48,
1589 1125 1701 1192 ubi
1738 1125 1912 1191 vide.
1952 1128 2084 1191 Nec
2113 1125 2329 1191 obstat
2377 1125 2588 1191 conci·

345 1266 378 1302 a
416 1242 573 1306 lium
616 1240 1068 1306 'tridentinum
1091 1292 1106 1319 ,
1158 1244 1440 1307 sessione
1475 1244 1561 1306 25
1592 1245 1667 1305 de
1705 1245 2183 1322 Resomnatione,
2228 1242 2439 1324 capite
2477 1240 2583 1323 ¹⁴3

346 1380 379 1417 «
416 1356 526 1421 ubi
560 1355 710 1422 bina
741 1356 848 1421 vel
875 1356 1051 1421 trina
1078 1358 1345 1422 monitio
1373 1357 1621 1441 requiri
1652 1354 1940 1432 videtur,
1978 1361 2325 1439 antequam
2354 1353 2438 1420 ad
2467 1355 2590 1438 pri·

342 1495 375 1532 α
419 1471 743 1537 vationem
767 1469 1069 1536 beneficii
1093 1471 1507 1538 deveniatur.
1540 1470 2003 1554 Respondetur
2027 1475 2221 1547 enim,
2255 1470 2590 1552 praefatam

349 1610 381 1647 α
417 1585 759 1669 repetitam
816 1587 1238 1652 monitionem
1298 1587 1606 1670 praeviam
1644 1585 1890 1651 ibidem
1945 1588 2191 1671 requiri
2243 1592 2590 1671 antequam

349 1725 382 1761 α
419 1702 563 1785 quis
617 1701 919 1784 privetur
967 1700 1310 1781 beneficio,
1356 1722 1437 1767 ex
1487 1722 1567 1767 eo
1605 1701 1779 1786 quod
1833 1709 2199 1784 suspectam
2250 1701 2594 1766 mulierem

349 1841 381 1875 a
421 1817 700 1882 monitus
736 1814 1070 1882 dimittere
1126 1818 1311 1883 nolit.
1370 1818 1510 1882 Non
1564 1818 1724 1882 item
1757 1818 1807 1881 si
1837 1815 1923 1881 de
1964 1816 2149 1899 lapsu
2202 1817 2444 1882 carnali
2479 1837 2596 1881 seu

348 1957 381 1994 «
426 1919 853 1997 fornicatione
899 1933 1265 2008 actualiter,
1323 1933 1682 2016 praesertim
1721 1951 1880 1997 vero
1936 1933 2188 1998 notorie
2215 1982 2233 2012 ,
2272 1931 2404 2016 jam
2443 1951 2597 1997 reus

352 2065 387 2105 ιι·
424 2048 800 2112 invenitur:
844 2052 983 2110 tum
1036 2047 1211 2110 enim
1271 2047 1539 2110 monitio
1577 2048 1816 2128 praevia
1867 2048 2228 2111 necessaria
2277 2067 2405 2111 non
2458 2052 2592 2124 est,

352 2186 385 2222 «
426 2163 717 2247 quamvis
784 2180 904 2245 pro
963 2159 1236 2226 arbitrio
1286 2159 1523 2244 judicis
1579 2163 1886 2244 praemitti
1940 2163 2140 2245 possit
2189 2170 2339 2227 ante
2387 2164 2600 2245 priva·

352 2303 385 2339 «
422 2280 663 2344 tionem
716 2274 1015 2341 beneficii
1055 2298 1068 2341 :
1106 2276 1256 2360 quia
1295 2275 1407 2341 ubi
1458 2296 1586 2341 non
1641 2277 1916 2359 amplius
1951 2278 2084 2341 sola
2122 2277 2402 2360 suspicio
2451 2285 2552 2341 est
2578 2325 2595 2354 ,

354 2416 386 2453 α
422 2390 536 2457 sed
579 2391 712 2476 jam
750 2397 1003 2455 constat
1037 2387 1121 2454 de
1161 2389 1621 2469 fornicatione,
1659 2392 2000 2456 concilium
2033 2390 2480 2457 Tridentinnm
2514 2391 2601 2456 ad

355 2534 387 2572 c<
424 2528 639 2576 sacros
671 2527 950 2575 canones
976 2528 1046 2573 se
1076 2509 1419 2573 remittere
1452 2507 1734 2574 videtur.
1774 2510 1899 2589 Qui
1928 2528 2075 2574 eum
2106 2509 2282 2575 inter
2310 2508 2601 2575 diversas

355 2652 387 2688 α
425 2645 645 2712 poenas
670 2624 1141 2701 fornicationiS,
1182 2627 1377 2691 etiam
1407 2626 1836 2709 privationem
1855 2624 2153 2691 beneficii
2183 2634 2402 2710 ponat,
2427 2626 2592 2690 hanc

355 2768 387 2803 a
424 2760 681 2827 quoque
719 2738 986 2805 arbitrio
1042 2759 1162 2803 suo
1212 2740 1456 2823 eligere
1504 2747 1725 2822 potest
1757 2738 1960 2824 judex
1998 2764 2012 2805 :
2049 2742 2196 2826 quia
2251 2739 2597 2806 diversitas

356 2884 388 2920 «
428 2874 765 2942 poenarum
796 2875 835 2921 a
872 2855 1020 2939 jure
1052 2862 1444 2920 statutarum
1479 2854 1592 2920 dat
1628 2857 1956 2939 optionem
1987 2857 2324 2939 Episcopo.
2367 2857 2592 2941 Capite

357 3000 388 3035 «
428 2979 501 3039 de
548 2978 764 3038 Causis
805 2971 870 3049 4,
918 2973 992 3033 de
1021 2971 1233 3050 Officio
1279 2973 1564 3051 delavati,
1603 2969 1828 3053 juncta
1857 2972 2093 3053 glossa,
2136 2972 2338 3037 verbo
2377 2978 2592 3052 Certa,-

357 3114 391 3151 (ι
427 3089 659 3165 AbbaS,
696 3087 759 3151 in
803 3093 1000 3170 caput
1032 3088 1111 3148 Ae
1141 3090 1196 3147 si
1231 3087 1436 3147 clerici
1451 3133 1473 3164 ,
1513 3087 1587 3147 de
1613 3088 1898 3164 Iudiciis,
1936 3107 2000 3149 n.
2039 3088 2122 3149 35
2157 3093 2222 3150 et
2257 3088 2378 3170 363
2415 3088 2589 3150 Fari-

358 3230 391 3267 «
430 3204 668 3278 nacins,
705 3205 779 3266 de
808 3203 1060 3265 Deliciis
1091 3204 1316 3277 carnis,
1357 3218 1421 3283 q.
1470 3202 1616 3276 137,
1658 3219 1723 3262 n.
1769 3203 1869 3282 ¹73
1917 3206 1984 3265 et
2018 3201 2147 3265 alii.
2191 3224 2222 3259 »
2281 3200 2588 3287 (Reiffew

356 3320 558 3395 stuel,
596 3320 664 3381 in
695 3314 958 3382 titulum
998 3317 1099 3392 16,
1139 3313 1290 3379 libri
1325 3317 1363 3378 5
1398 3312 1859 3391 decretalium,
1899 3335 1964 3380 n.
2007 3318 2088 3381 58
2123 3323 2190 3380 et
2224 3314 2359 3398 59.)

447 3433 882 3513 Quaestionem
918 3426 1119 3513 magis
1148 3429 1455 3511 explicite
1502 3428 1678 3494 idem
1729 3438 1959 3494 auctor
1993 3429 2144 3494 alibi
2176 3430 2575 3513 expendenS,

365 3550 451 3631 (in
482 3549 745 3613 titulum
779 3548 841 3622 2,
875 3546 1026 3611 libri
1054 3548 1091 3610 3
1128 3543 1554 3609 decretalium
1582 3593 1597 3620 ,
1638 3564 1701 3608 n.
1739 3542 1874 3628 48),
1909 3546 1997 3610 sic
2029 3544 2224 3611 habet
2263 3567 2275 3609 ε
2323 3569 2352 3605 α
2391 3546 2579 3628 Quali

367 3690 399 3725 «
438 3683 623 3747 poena
658 3658 1023 3747 puniendus
1048 3662 1130 3724 sit
1163 3660 1439 3724 clericus
1466 3660 1531 3723 in
1564 3662 1761 3725 sacris
1787 3659 2125 3726 ordinibus
2155 3662 2569 3740 constitutuS,

367 3806 397 3839 a
438 3785 706 3863 propter
744 3776 1098 3858 simplicem
1136 3772 1651 3849 fornicationem,
1691 3774 1932 3858 absque
1984 3775 2298 3858 qualitate
2348 3796 2583 3841 eoncu-

367 3918 400 3956 α
436 3892 741 3960 binatus‘?
789 3928 878 3939 —
926 3886 1316 3972 Respondeo
1368 3891 1431 3952 1⁰
1484 3910 1497 3953 ε
1555 3887 1831 3967 Quando
1880 3889 2249 3973 hujusmodi
2310 3892 2588 3959 clericus

370 4034 403 4070 α
442 4007 525 4075 de
564 4006 798 4071 actuali
853 4005 1039 4089 lapsu
1092 4004 1332 4079 carnis,
1377 4003 1512 4067 sive
1568 4009 1756 4080 ante,
1795 4003 1932 4068 sive
1991 4011 2135 4086 post
2173 4007 2583 4074 monitionem

373 4150 404 4187 α
439 4123 773 4190 convictus
820 4120 1039 4196 fuerit,
1099 4119 1290 4184 variae
1338 4124 1560 4184 contra
1611 4136 1761 4182 eum
1807 4119 2229 4201 reperiuntur
2275 4141 2480 4206 poenae
2523 4125 2587 4188 in

375 4264 401 4297 a
439 4237 586 4323 jure
638 4243 895 4301 statutae
938 4257 951 4300 z
1006 4236 1094 4300 ita
1147 4234 1528 4298 communis.
1577 4232 1657 4296 Et
1713 4240 1895 4316 patet
1946 4233 2317 4302 inductione
2371 4261 2384 4303 ε
2440 4256 2588 4304 nam

375 4376 407 4415 τι
445 4351 794 4437 presbyter
823 4358 935 4416 aut
967 4347 1277 4413 diaconus
1295 4349 1361 4412 in
1386 4347 1810 4414 fornicatione
1838 4346 2306 4430 deprehensuS,
2319 4348 2597 4434 jubetur

383 4496 405 4528 ι
447 4467 685 4553 deponi
720 4468 986 4553 (canone
1019 4464 1099 4527 24
1134 4464 1618 4547 Apostolorum3
1659 4468 1724 4525 ot
1756 4482 1999 4528 canone
2033 4468 2354 4547 Presbyter
2377 4474 2434 4527 et
2464 4468 2601 4527 dia-

2322 4578 2393 4633 25
