3146 4973
603 385 728 452 614
1279 395 1656 447 meuriss
1701 399 1789 447 oz
1832 398 2158 448 rAnocno.

607 551 639 590 α
676 535 945 613 apertus
964 526 1069 594 hic
1092 524 1207 614 (1).
1245 528 1327 593 Et
1352 525 1519 591 hane
1558 542 1819 612 quoqne
1857 525 2338 609 exemptionem
2375 543 2516 592 esse
2559 526 2641 594 de
2665 527 2799 612 jure

604 667 638 706 ι(
673 643 895 711 divino
916 650 1168 709 constat
1191 641 1533 708 evidenter
1561 661 1646 705 ex
1677 639 1852 705 dieto
1884 641 2095 725 eapite
2130 645 2526 724 Quamquam,
2568 645 2641 706 dc
2676 647 2807 707 Cen-

603 782 636 822 «
668 763 853 838 sibtts,
885 759 1055 824 libro
1093 761 1151 836 1,
1189 758 1281 822 ibi
1338 779 1352 822 ε
1404 762 1554 822 Cum
1586 763 1777 838 iqitur
1820 759 2102 834 ecclcsiae,
2147 760 2667 841 ecclesiasticaque
2680 781 2808 842 per-

602 897 635 937 «
670 894 849 954 sonoe,
881 894 953 936 ac
975 893 1070 936 res
1102 878 1398 954 ipsarum,
1444 892 1564 935 non
1599 875 1793 935 solum
1805 878 1950 955 jure
1982 874 2263 944 humano,
2306 880 2453 956 quin
2485 880 2603 937 imo
2626 882 2684 937 et
2721 878 2811 937 de·-

602 1015 636 1054 «
667 1000 804 1056 vino
833 1012 873 1054 a
897 993 1278 1055 soecularium
1308 992 1722 1052 exactionibus
1762 994 1886 1050 sint
1915 994 2227 1051 immunes.
2270 987 2369 1053 Ad
2397 988 2572 1055 idem
2604 997 2814 1055 textus

606 1131 639 1171 α
672 1106 1143 1190 irrefragabilis
1177 1105 1242 1168 in
1278 1103 1488 1187 capite
1519 1106 1655 1168 Non
1688 1108 1910 1182 minus,
1946 1107 2020 1168 dc
2048 1108 2528 1169 immunitatibus
2555 1109 2808 1170 eccles...

600 1248 634 1288 «
677 1225 759 1290 Et
791 1222 949 1288 dicit
986 1240 1128 1287 eam
1159 1239 1299 1286 esse
1335 1238 1745 1285 communem
1789 1227 1856 1283 et
1904 1239 2128 1284 veram
2158 1221 2547 1285 sententiam
2574 1222 2816 1285 canoni·

602 1359 635 1399 c<
668 1344 914 1402 starum
963 1333 1314 1416 Gregorius
1355 1332 1440 1397 de
1478 1334 1797 1399 Valentia.
1825 1358 1856 1396 υ
1898 1331 2181 1399 Adducit
2222 1342 2448 1418 postea
2492 1337 2818 1420 annsnus

596 1454 818 1537 plures
873 1451 1032 1516 alios
1091 1448 1397 1518 doctores
1441 1468 1585 1514 cum
1640 1448 2005 1514 doctrinam
2067 1457 2601 1532 propugnantes3
2658 1450 2821 1514 inter

595 1586 758 1653 quos
794 1565 1254 1630 Bellarminnm
1290 1563 1775 1648 (Controversioe,
1822 1572 1983 1629 tom.
2015 1567 2078 1642 2,
2114 1564 2269 1629 libri
2304 1569 2361 1642 1,
2404 1583 2462 1629 c.
2502 1567 2613 1640 28,
2652 1566 2721 1629 in
2756 1565 2823 1628 4·

597 1690 668 1747 et
713 1685 776 1745 5·
831 1677 1294 1765 propositione)
1356 1701 1371 1743 :
1424 1684 1567 1743 tum
1634 1679 1724 1744 sic
1782 1680 2202 1764 prosequitur
2240 1701 2255 1744 ε
2312 1702 2346 1741 t«
2388 1679 2821 1762 Quamobrem

602 1817 636 1858 a
670 1812 819 1861 enm
864 1801 1002 1859 tam
1051 1792 1336 1859 eeclesioe
1382 1811 1576 1878 quam
1628 1811 1918 1877 persone
1969 1793 2441 1870 ecclesiasticis,
2477 1801 2547 1859 et
2602 1812 2826 1860 earnm

603 1931 637 1973 a
676 1911 844 1976 bona
866 1910 994 1975 sint
1021 1927 1290 1993 prorsus
1312 1916 1617 1993 exempta
1651 1929 1689 1975 a
1714 1909 2007 1975 soeculari
2025 1907 2501 1991 jurisdictione,
2532 1928 2821 1976 necessa·

605 2053 634 2084 a
667 2026 766 2092 rio
792 2025 940 2091 hinc
977 2026 1294 2110 sequitur,
1344 2032 1421 2090 ut
1455 2025 1766 2110 princeps
1805 2025 2130 2090 soeoularis
2168 2025 2415 2090 nullm
2443 2025 2563 2090 sibi
2604 2024 2831 2092 autho·

605 2169 639 2209 a
669 2148 927 2213 ritatem
949 2155 1063 2212 aut
1080 2145 1598 2233 jurisdictionem
1625 2147 1692 2211 in
1719 2146 2048 2224 ecclesias,
2083 2163 2396 2229 personas
2423 2154 2490 2212 et
2521 2147 2695 2212 bon·
2724 2145 2835 2210 bn·

606 2259 952 2348 «jusmodi
996 2263 1198 2345 possit
1243 2259 1626 2346 vindicare3
1686 2270 1765 2328 ut
1814 2261 1905 2328 de
1963 2262 2061 2327 his
2104 2261 2406 2327 omnibus
2462 2270 2565 2327 est
2610 2270 2835 2328 textus

606 2400 640 2439 α
672 2376 778 2441 bie
806 2374 919 2463 (2),
962 2377 1026 2441 in
1056 2374 1228 2442 dieto
1258 2378 1470 2460 capite
1501 2382 1653 2441 Cum
1678 2380 1875 2458 laicis,
1909 2383 1979 2442 et
2018 2379 2085 2441 in
2110 2378 2320 2461 eapite
2346 2380 2515 2441 Inter
2544 2378 2697 2454 lioec,
2724 2377 2833 2451 33,

609 2517 641 2556 a
677 2512 741 2579 q.
781 2497 857 2577 2;
909 2493 1025 2558 ubi
1075 2492 1339 2571 dieitur,
1384 2500 1656 2557 sanctam
1698 2499 1808 2558 Dei
1850 2496 2177 2558 Ecclesiam
2209 2513 2510 2576 nunquam
2555 2496 2840 2556 humanis

610 2632 644 2670 a
685 2613 911 2690 leqt’bus
938 2614 1299 2690 constrinqi‚·
1331 2614 1400 2673 et
1445 2608 1729 2674 clamant
1778 2609 2016 2692 passim
2061 2608 2458 2692 interpretes
2499 2626 2735 2674 omnes
2778 2608 2841 2671 in

611 2747 644 2785 α
677 2724 832 2790 locis
862 2742 1059 2807 supra
1086 2722 1317 2787 citatis
1354 2721 1545 2788 Unde
1572 2724 1770 2788 etiam
1794 2722 2100 2801 infertur,
2136 2731 2211 2787 ut
2231 2741 2459 2789 omnes
2486 2723 2674 2806 leges
2699 2740 2841 2807 quae

615 2862 649 2902 α
679 2840 1008 2905 habentur
1034 2840 1101 2903 in
1163 2839 1369 2904 titulis
1399 2837 1639 2904 codicis
1680 2838 1907 2926 (nempe
1945 2838 2302 2923 Iustiniani)
2336 2843 2410 2904 de
2436 2843 2845 2902 sacrosanctis

617 2981 649 3013 α
681 2958 965 3033 ecclesiis,
1002 2958 1077 3019 de
1107 2959 1417 3037 Episcopis
1447 2963 1506 3018 ct
1529 2958 1785 3034 clericis,
1824 2960 1894 3020 et
1927 2955 1994 3019 in
2019 2953 2393 3021 authentica
2428 2957 2503 3018 de
2525 2959 2846 3018 sanctissi-

618 3093 653 3133 α
690 3078 805 3135 mis
841 3074 1169 3153 Episcopis‚
1211 3088 1360 3134 cum
1407 3070 1744 3149 similibus,
1789 3087 1918 3135 non
1955 3069 2217 3134 valeant
2253 3088 2335 3133 ex
2363 3067 2636 3134 defectu
2666 3076 2846 3152 pote·

621 3208 653 3249 α
687 3187 898 3269 statis3
931 3203 1079 3250 cum
1108 3184 1191 3250 de
1223 3184 1535 3261 ecclesiis,
1570 3183 1662 3249 de
1697 3183 1988 3267 personis
2019 3182 2465 3249 ecclesiasticis
2505 3189 2574 3247 et
2610 3202 2847 3248 earum

623 3324 656 3363 «
690 3300 877 3366 bonis
910 3299 1279 3382 specialiter
1313 3298 1749 3383 loquantur...
1800 3298 1963 3363 Hine
1995 3299 2185 3363 etiam
2231 3297 2307 3362 fit
2338 3306 2414 3362 ut
2460 3298 2639 3364 nulla
2677 3298 2852 3364 ratio

623 3438 658 3478 a
691 3413 992 3481 habenda
1027 3415 1110 3479 sit
1145 3413 1572 3478 solemnitatis
1609 3413 1692 3478 ab
1725 3414 2123 3497 imperatore
2160 3410 2553 3479 introductae
2587 3415 2659 3478 in
2700 3412 2857 3477 alie·

626 3550 658 3589 κ
692 3528 951 3593 natione
986 3526 1305 3593 bonorum
1342 3524 1712 3590 ecelesiae...
1746 3525 2074 3611 Ejusmodi
2119 3533 2337 3592 autem
2379 3524 2636 3610 legibus
2681 3525 2853 3590 sacri

625 3662 658 3701 «ι
692 3656 974 3705 canones
1021 3636 1443 3702 vehementer
1491 3637 1850 3719 resistunt3
1906 3638 1998 3702 ita
2042 3645 2118 3702 ut
2176 3654 2399 3703 earum
2462 3635 2856 3703 conditores

627 3780 658 3817 a
689 3758 880 3822 etiam
916 3754 1254 3819 sententiae
1281 3755 1961 3820 excommunicationis
1992 3751 2359 3838 subjiciant.
2398 3778 2430 3814 »

707 3870 933 3937 Citatis
967 3869 1465 3937 auctoritatibus
1492 3865 1686 3947 adde,
1722 3889 1760 3935 a
1794 3868 2168 3935 Tridentina
2212 3869 2464 3954 synodo
2512 3871 2702 3956 (sess,
2736 3871 2852 3947 ⁸2⁴2,

622 4004 764 4071 cap.
804 3984 906 4071 ll)
943 3985 1332 4053 anathemati
1370 4004 1518 4052 eum
1553 3984 1806 4070 subjici,
1849 3988 1959 4071 qui
1998 3985 2271 4071 alicujus
2302 3988 2595 4052 ecelesiae
2643 3987 2852 4060 bona,

622 4118 876 4178 census,
901 4100 1068 4186 jura,
1105 4102 1544 4169 emolumenta
1586 4102 1923 4168 fructusve
1958 4114 2280 4187 usurpare
2320 4104 2852 4188 praesumpserit,

689 4378 761 4439 (1)
795 4379 967 4440 Nempe
993 4378 1040 4427 in
1068 4377 1217 4439 capite
1244 4376 1475 4427 Ecclesia
1496 4374 1551 4425 S.
1581 4376 1788 4432 Μανία,
1823 4378 1885 4428 dc
1911 4375 2390 4430 constitutionibus.

691 4472 762 4531 (2)
795 4471 968 4532 Nempe
996 4470 1040 4519 in
1068 4469 1230 4520 eodem
1259 4470 1409 4533 cupite
1437 4469 1689 4525 Ecclesia,
1716 4470 1779 4519 de
1806 4470 2087 4521 Constitui.
