3146 4973
587 404 718 470 698
1591 419 1813 472 mnas.

725 601 821 638 suae
855 586 1125 638 ordinarius
1167 588 1365 637 collator
1391 590 1412 637 2
1445 620 2655 638 ......................
2722 586 2820 634 325

657 673 880 735 Quaestio
908 675 984 722 3⁸.
1023 672 1153 722 Unde
1181 674 1272 722 hoc
1298 675 1377 735 jus
1403 673 1674 723 conferendi
1700 673 1960 733 originetur
1992 673 2039 721 in
2069 673 2339 736 Episcopo?
2363 706 2655 720 ......
2723 671 2821 719 326

655 757 880 820 Quoeste'o
909 761 983 806 μ.
1024 758 1094 806 An
1113 759 1211 806 haec
1231 766 1440 821 potestas
1459 762 1680 824 Episcopi
1700 761 1925 809 beneficia
1944 756 2211 809 conferendi
2231 764 2409 819 spectet
2429 755 2486 804 ad
2507 756 2660 819 ipsius

718 841 1092 903 jurisdictionem
1112 846 1132 892 2
1156 873 2653 895 ...........................
2721 841 2822 888 3Ξ6

655 926 873 985 erstt‘o
904 928 976 974 5⁸.
1016 925 1137 984 Quid
1175 935 1400 991 sequatur
1429 944 1484 978 ex
1513 930 1758 992 praemissa
1785 929 2017 992 doctrina,
2064 927 2217 993 quoad
2241 933 2516 989 potestatem
2544 926 2660 987 Epi-

719 1013 847 1073 scopi
877 1012 1143 1060 cont'erendi
1167 1015 1455 1075 parochias?
1474 1045 2655 1064 ......................
2724 1011 2822 1059 326

654 1097 873 1156 Qua‘stn'o
892 1099 966 1145 6⁸.
988 1099 1061 1146 An
1079 1097 1219 1147 hodie
1239 1100 1287 1148 in
1321 1100 1472 1149 Gallia
1492 1108 1660 1162 praeter
1677 1098 1937 1162 Episcopus
1974 1099 2054 1147 alii
2091 1099 2292 1147 existant
2327 1096 2658 1160 parochiarum

730 1181 980 1230 collatores
1027 1215 2659 1235 .........................
2725 1181 2821 1227 327

586 1266 781 1315 CAPUT
806 1266 892 1315 111,
925 1268 992 1314 De
1017 1274 1265 1330 potestate,
1307 1277 1404 1317 tum
1436 1269 1600 1317 vicarii
1639 1268 1870 1331 generalis
1892 1268 2134 1331 Episcopi,
2160 1275 2259 1315 tum
2287 1265 2420 1329 (sede
2442 1266 2653 1327 vacante)

652 1350 842 1411 capituli
869 1358 914 1399 et
934 1351 1092 1400 vicarii
1115 1353 1408 1414 capitularis,
1438 1353 1593 1416 quoad
1619 1354 1951 1417 parochiarum
1980 1353 2407 1401 collationem..
2461 1386 2475 1399 .
2596 1384 2609 1398 .
2641 1384 2655 1398 .
2724 1349 2823 1397 328

583 1431 834 1484 SECTIO
860 1435 935 1483 ΙΙ.
970 1436 1088 1491 Quis
1130 1437 1280 1485 valcat
1307 1435 1528 1487 constitui
1555 1440 1810 1500 parochus,
1837 1451 1920 1486 seu
1949 1436 2006 1485 de
2031 1437 2273 1500 requisitis
2302 1434 2358 1483 ad
2388 1434 2659 1497 parochiale

651 1519 851 1567 officium
875 1520 1179 1581 qualitatibus
1203 1552 2653 1572 .......................
2722 1519 2815 1566 331

657 1603 873 1660 Quaestio
905 1605 973 1652 1⁸.
1003 1603 1220 1661 Quaenam
1250 1608 1520 1670 requiratur
1544 1609 1692 1655 aetas?
1718 1644 1730 1657 .
1786 1641 1804 1659 .
1852 1641 1867 1656 .
1921 1643 1933 1656 .
2054 1636 2650 1655 ..........
2722 1605 2814 1651 331

656 1688 873 1745 Quaestio
892 1689 966 1736 2⁸.
991 1689 1061 1736 An
1081 1696 1128 1736 et
1149 1690 1301 1752 qualis
1320 1691 1436 1741 ordo
1456 1693 1743 1755 requiratur,
1766 1700 1816 1740 ut
1837 1692 1945 1755 quis
1965 1689 2185 1739 constitui
2215 1690 2367 1753 possit
2392 1690 2656 1752 parochus!
2722 1689 2823 1735 332

654 1770 877 1834 Quaestio
894 1774 969 1821 3⁸.
1003 1773 1222 1831 Quaenam
1246 1777 1439 1825 scientia
1466 1777 1733 1838 requiratur
1758 1777 1803 1825 in
1821 1778 2027 1840 parocho
2056 1805 2651 1825 ..........
2721 1773 2821 1819 331

654 1856 877 1919 Quaestio
896 1860 967 1907 ⁴⁸.
996 1860 1067 1907 An
1089 1861 1327 1921 regulares
1344 1861 1527 1923 possint
1543 1875 1647 1910 esse
1664 1861 1855 1924 parochi
1878 1859 2160 1922 (remissive)
2196 1890 2655 1907 ........
2723 1858 2821 1904 331

587 1940 836 1992 ΞΕΟΤΙΟ
859 1943 964 1991 111.
996 1945 1099 2000 Qua
1128 1945 1276 1994 forma
1304 1946 1617 1996 constituendi
1645 1946 1742 1994 sint
1764 1945 1973 2007 parochi,
1997 1957 2080 1992 seu
2105 1944 2163 1992 de
2182 1943 2285 2006 lege
2312 1955 2569 1992 concursus
2595 1975 2608 1987 .
2642 1976 2655 1988 .
2724 1941 2825 1988 335

586 2026 784 2075 CAPUT
813 2028 854 2074 1.
884 2025 1206 2078 Recensentur
1248 2031 1377 2092 leges
1408 2031 1755 2091 ecclesiasticae,
1795 2044 1897 2093 quae
1923 2028 2200 2078 servandam
2232 2030 2278 2076 in
2328 2024 2665 2076 constituendis

649 2110 869 2172 parochis
904 2127 1160 2162 concursus
1219 2114 1417 2164 formam
1458 2117 1771 2177 praescribunt
1797 2145 2660 2165 ..............
2732 2110 2834 2158 535

650 2193 675 2256 5
710 2194 749 2243 1.
770 2195 1043 2244 Tridentina
1061 2196 1135 2247 lex
1158 2199 1216 2247 de
1237 2200 1468 2249 servanda
1485 2201 1532 2249 in
1553 2199 1891 2249 constituendis
1910 2198 2127 2261 parochis
2146 2210 2407 2245 concursus
2423 2196 2572 2245 forma
2598 2229 2612 2244 .
2647 2232 2658 2242 .
2729 2195 2832 2241 335

656 2275 762 2342 ξῐῐ.
790 2280 1032 2336 Quomodo
1067 2289 1257 2331 sanctus
1286 2285 1398 2334 Pius
1424 2285 1464 2332 V
1490 2293 1537 2333 et
1565 2285 1864 2333 Innocentius
1886 2285 1954 2333 XI
1981 2283 2301 2332 'tridentinam
2329 2281 2479 2344 legem
2515 2280 2666 2341 magis

719 2362 1130 2415 determinaverint
1194 2399 2658 2420 .......................
2732 2362 2833 2412 338

654 2446 680 2511 5
707 2447 794 2496 111.
826 2448 946 2506 Quid
972 2450 1223 2501 Clementis
1248 2452 1315 2502 xl
1346 2453 1621 2502 auctoritate
1649 2460 1873 2502 statutum
1902 2452 2041 2503 fucrit
2070 2482 2662 2504 ..........
2731 2448 2833 2496 540

658 2534 682 2596 5
704 2534 785 2581 tv.
808 2533 931 2591 Quid
959 2549 987 2583 a
1003 2537 1249 2585 Benedicto
1278 2539 1387 2587 XIV
1411 2546 1633 2587 statutum
1664 2574 1677 2588 .
1798 2569 2661 2589 ..............
2732 2534 2832 2580 3⁴5

587 2618 785 2667 CAPUT
812 2620 880 2666 11.
913 2620 1258 2670 Enumerantur
1276 2623 1503 2672 beneficia
1521 2630 1683 2672 curata
1709 2637 1795 2685 pro
1819 2624 1989 2686 quibus
2016 2620 2282 2671 adhibenda
2310 2633 2402 2669 non
2427 2625 2498 2667 est
2517 2617 2669 2668 forma

657 2716 917 2752 concursus
943 2736 2661 2761 ...........................
2733 2700 2833 2748 349

589 2789 784 2838 CAPUT
816 2791 905 2837 111.
946 2790 1235 2847 Quaestiones
1259 2794 1494 2843 nonnullae
1530 2796 1655 2844 circa
1683 2793 2021 2843 examinatores
2056 2790 2307 2854 synodales
2336 2822 2662 2840 ......
2737 2784 2832 2833 553.

660 2873 877 2933 Qua’stt'o
904 2877 976 2923 1¹.
1007 2876 1131 2933 Quot
1166 2878 1506 2928 examinatores
1528 2880 1576 2928 in
1612 2878 1790 2941 synodo
1818 2877 2091 2941 provinciali
2131 2874 2354 2924 constitui
2380 2872 2561 2935 possint
2588 2880 2670 2919 aut

720 2958 920 3008 debeant
943 2990 2663 3014 ...........................
2734 2953 2834 3003 352

661 3044 879 3104 Quaestio
907 3043 981 3093 2⁸.
1009 3044 1227 3104 Quandiu
1253 3048 1390 3097 duret
1418 3061 1583 3097 eorum
1612 3055 1837 3110 potestas,
1859 3044 2034 3108 etquid
2064 3046 2104 3094 si
2132 3044 2322 3093 deficiat
2340 3042 2555 3091 senarius
2577 3054 2667 3089 nu-

726 3132 1023 3179 merusl..
1148 3125 2834 3183 ὁδὶ

659 3214 875 3273 Quoestio
893 3212 966 3262 3⁵.
994 3215 1239 3270 Quomodo
1263 3225 1311 3266 et
1328 3217 1513 3279 quando
1537 3217 1879 3266 examinatores
1898 3214 2118 3276 suffragia
2137 3228 2224 3263 sua
2244 3212 2363 3261 terre
2382 3211 2606 3259 debeant.
2652 3247 2663 3258 .
2735 3207 2832 3257 5⁵5

662 3299 879 3358 Quaestt‘o
907 3298 979 3347 4⁸.
1022 3302 1093 3347 An
1118 3302 1396 3364 Episcopus,
1421 3303 1493 3350 vel
1522 3302 1626 3363 ejus
1649 3302 1853 3350 vicarius
1879 3299 2082 3348 examini
2106 3299 2355 3358 assistenS,
2374 3303 2533 3344 votum
2562 3308 2668 3343 cum

727 3382 1126 3433 examinatoribus
1153 3386 1354 3435 habeat?
1401 3420 1684 3437 .....
1720 3368 1725 3375 ’
1737 3412 2668 3435 ...............
2736 3374 2834 3425 354

592 3466 788 3516 CAPUT
813 3466 896 3514 IV.
917 3467 1036 3516 Num
1054 3468 1325 3518 Tridentina
1340 3470 1414 3518 lex
1436 3470 1493 3519 de
1513 3484 1745 3519 concursu
1760 3469 1901 3518 hodie
1925 3470 1971 3517 in
1990 3468 2142 3517 Gallia
2156 3468 2314 3527 vigere
2334 3462 2569 3514 censenda
2588 3463 2670 3511 sit!
2736 3464 2832 3510 354

658 3550 741 3613 51.
773 3551 891 3600 Num
915 3565 969 3601 ex
996 3552 1273 3602 concordate
1299 3555 1408 3603 anni
1438 3554 1560 3604 1801
1595 3562 1816 3617 sequatur
1844 3554 2101 3602 Galliarum
2122 3551 2346 3601 ecclesias
2366 3549 2456 3610 legi
2478 3546 2673 3597 Triden-

728 3636 832 3685 tinoe
854 3636 914 3685 de
940 3650 1169 3687 concursu
1199 3653 1290 3688 non
1320 3640 1596 3700 subjacere?
1638 3659 2668 3688 ...................
2737 3631 2833 3679 356

659 3718 683 3782 5
707 3719 771 3768 11.
802 3721 873 3768 An
909 3723 1300 3784 quinquagenaria
1317 3722 1605 3772 consuetudo
1649 3722 1896 3786 parochias
1922 3723 2097 3782 absque
2115 3721 2287 3784 praevio
2306 3732 2539 3768 concursu
2563 3731 2671 3767 cou-

729 3804 923 3865 terendi,
955 3808 1134 3855 evincat
1167 3822 1258 3856 non
1278 3809 1433 3871 vigere
1456 3809 1595 3858 hodie
1622 3808 1670 3856 in
1698 3809 1848 3856 Gallia
1872 3805 2189 3855 'tridentinam
2217 3804 2275 3853 de
2297 3803 2526 3866 ejusmodi
2553 3816 2667 3852 con·

729 3902 871 3938 cursu
898 3891 1048 3952 legem
1066 3923 2659 3942 .............................
2734 3885 2830 3935 359

660 3970 686 4039 ξ
710 3974 797 4022 m.
837 3976 909 4023 An
937 3975 1028 4024 dici
1055 3984 1194 4038 queat
1221 3976 1515 4041 disciplinam
1539 3991 1797 4027 concursus
1822 3990 1926 4024 esse
1961 3974 2075 4038 quid
2124 3975 2398 4037 evangelicae
2419 3974 2670 4023 humilitati

725 4071 1010 4122 repugnans,
1033 4070 1079 4109 et
1101 4076 1156 4109 ex
1185 4070 1351 4110 natura
1371 4077 1456 4111 sua
1484 4059 1794 4122 nocivum,'ac
1823 4061 1980 4110 minus
1998 4059 2324 4122 probandum?
2360 4094 2663 4110 ......
2734 4055 2824 4104 361

593 4141 773 4194 SECT
769 4142 840 4195 10
863 4145 893 4193 1
900 4145 956 4197 V.
981 4148 1046 4195 De
1073 4161 1236 4196 norma
1272 4150 1491 4212 canpnica
1521 4149 1751 4209 parochos
1776 4145 2043 4195 removendi
2084 4178 2667 4194 ...........
2736 4141 2827 4188 361

596 4228 878 4280 subsanio
909 4232 947 4280 1.
980 4235 1046 4281 De
1072 4247 1234 4281 norma
1252 4234 1475 4282 canonica
1494 4231 1759 4281 removendi
1781 4230 2076 4280 beneficiatos
2081 4262 2658 4280 ...........
2729 4226 2823 4273 364

597 4319 792 4367 CAPUT
822 4320 862 4366 1.
892 4320 1064 4367 Norma
1092 4318 1388 4367 beneficiatos
1413 4315 1678 4365 removendi
1698 4329 1782 4378 per
1809 4313 2188 4376 degradationem
2212 4315 2441 4363 actualem
2477 4350 2488 4360 .
2531 4350 2543 4361 .
2593 4347 2604 4360 .
2649 4346 2661 4359 .
2730 4309 2827 4356 365

664 4404 883 4463 Quaestio
909 4407 980 4453 1¹.
1010 4403 1133 4461 Quid
1158 4404 1219 4452 sit
1250 4404 1446 4452 actualis
1470 4416 1553 4451 seu
1583 4401 1723 4450 realis
1766 4399 2068 4462 degradatio?
2076 4430 2652 4447 ...........
2727 4393 2823 4441 365

665 4491 886 4550 Quaestt‘o
911 4492 986 4538 2¹.
1017 4490 1322 4549 Quandonam
1341 4488 1547 4537 deveniri
1565 4488 1718 4553 possit
1745 4484 1804 4535 ad
1833 4484 2212 4549 degradationem
2236 4485 2441 4534 realem?
2482 4520 2494 4531 .
2537 4520 2546 4530 .
2594 4520 2603 4529 .
2651 4517 2662 4526 .
2732 4479 2825 4525 365
