3146 4973
599 392 729 455 ⁴70
1277 407 1653 455 raso‘rxrus
1700 410 1788 455 m:
1835 407 2163 455 ranocuo.

594 536 820 598 dicatis
843 536 1122 598 remediis
1150 536 1490 595 necessitati
1519 538 1753 594 occurri
1769 537 1985 612 possit.
2003 565 2077 577 —-—
2095 531 2274 594 Tunc
2302 530 2474 593 enim
2494 546 2620 591 nou
2643 524 2825 590 ades-

595 657 699 713 set
725 667 880 714 vera
923 655 993 713 et
1023 668 1057 712 a
1104 647 1252 730 jure
1283 647 1595 729 requisita
1637 646 2033 711 necessitatis
2065 664 2280 709 causa.
2316 643 2505 708 Unde
2539 645 2593 705 si
2627 642 2825 724 possit

595 764 763 829 alter
794 761 1098 827 sacerdos
1128 761 1457 843 deputari,
1485 762 1597 845 qui
1627 759 1981 825 secundam
2012 761 2264 824 missam
2288 758 2604 832 celebret,
2645 757 2752 820 vel
2772 757 2828 820 si

595 879 736 960 cogi
765 879 966 961 possit
1003 877 1321 960 parochus
1350 876 1437 941 ad
1464 876 1589 940 sibi
1624 874 2082 941 assumendum
2116 876 2452 950 vicarium,
2489 873 2596 937 vel
2621 872 2674 936 si
2702 870 2829 935 dis-

593 993 940 1059 membrari
974 993 1273 1076 parochia
1305 998 1525 1076 queat,
1554 994 1646 1056 ita
1680 998 1752 1055 ut
1801 1010 1959 1055 suus
2001 992 2267 1055 nimium
2291 988 2554 1054 distanti
2586 987 2826 1070 populo

593 1109 790 1175 detur
827 1109 1167 1191 parochus,
1199 1109 1307 1172 vel
1341 1107 1468 1172 alio
1506 1106 1828 1189 ejusmodi
1858 1104 2150 1170 remedio
2189 1103 2542 1187 provideri,
2587 1120 2827 1186 nequa-

592 1243 781 1308 quam
815 1222 1255 1306 permittenda
1280 1230 1380 1288 est
1408 1221 1491 1286 ab
1526 1222 1859 1304 Episcopis
1899 1223 2102 1285 missae
2145 1220 2428 1284 iteratio,
2462 1216 2652 1297 Quod
2675 1217 2825 1281 vide

593 1342 929 1406 evolutum
961 1342 1024 1403 in
1075 1342 1274 1404 citato
1312 1346 1467 1404 voto
1505 1337 1863 1403 cardinalis
1897 1336 2172 1411 Zeladae,
2205 1342 2234 1412 5
2267 1338 2374 1401 20.

683 1458 1082 1521 PnoPoslrto
1113 1458 1248 1519 lx·.
1278 1491 1369 1503 —
1397 1458 1468 1519 Si
1509 1474 1628 1515 non
1675 1456 1760 1516 acl
1791 1460 1873 1515 sit
1900 1459 2191 1533 requisita
2234 1473 2272 1514 a
2309 1457 2453 1532 jure
2483 1457 2820 1524 necessitas,

591 1574 763 1632 nulla
791 1573 1149 1633 consuetudo
1176 1572 1408 1632 licitam
1434 1572 1633 1647 facere
1649 1576 1848 1650 potest
1873 1575 2273 1633 iterationem.
2298 1600 2383 1613 -—
2404 1567 2567 1646 Quia
2593 1583 2825 1647 nempe

591 1685 738 1750 talis
778 1683 1183 1750 consuetudo
1215 1703 1335 1767 pro
1391 1684 1813 1750 irrationabili
1864 1694 1933 1750 et
1976 1693 2282 1768 tanquam
2321 1682 2560 1747 abusus
2595 1682 2828 1748 merito

592 1808 917 1866 censetur.
983 1798 1173 1880 Quod
1236 1799 1386 1864 vide
1450 1799 1778 1865 firmatum
1846 1802 1909 1864 in
1974 1800 2150 1863 bulla
2215 1801 2553 1862 Declarasti
2622 1799 2826 1862 Bene-

593 1915 749 1980 dicti
779 1916 945 1988 XIV,
1001 1923 1069 1979 et
1115 1916 1183 1979 iu
1215 1922 1573 1980 memorato
1613 1921 1766 1980 voto
1815 1914 2176 1980 cardinalis
2211 1913 2485 1986 Zeladae,
2527 1919 2556 1990 5
2599 1916 2703 1977 25.
2750 1912 2826 1974 Vi

591 2037 812 2094 autem
872 2030 1151 2095 abusivae
1205 2028 1696 2095 consuetudinis
1742 2049 2072 2113 nunquam
2127 2035 2356 2093 contra
2398 2027 2608 2109 legem
2662 2045 2825 2108 pmc-

593 2145 786 2209 scribi
817 2145 1106 2227 legitime
1133 2153 1373 2226 potest.

683 2264 861 2324 Nota.
889 2295 976 2308 --
1019 2264 1081 2323 1⁰
1121 2260 1429 2339 Quamvis
1465 2260 1659 2325 alicui
1710 2260 1995 2342 parocho
2039 2260 2235 2324 liceat
2266 2257 2428 2322 duas
2457 2257 2691 2323 eodem
2721 2255 2823 2320 die

600 2374 821 2440 missas
857 2374 1219 2449 celebrare,
1261 2398 1292 2434 «
1335 2376 1519 2440 Feria
1567 2383 1782 2439 tamen
1812 2383 2001 2439 sexta
2029 2391 2414 2457 parasceves
2457 2391 2587 2436 non
2614 2378 2825 2455 potest

599 2516 626 2545 «ι
672 2490 792 2554 nisi
819 2490 1019 2554 semel
1051 2488 1328 2554 officium
1353 2490 1597 2565 facere,
1632 2492 1783 2573 quia
1814 2509 1961 2572 pars
1993 2490 2213 2554 hostiae
2237 2496 2634 2554 cousecratae
2665 2486 2826 2551 sumi

594 2627 626 2663 α
666 2602 870 2669 debet
897 2621 1044 2667 cum
1075 2605 1247 2679 vino,
1282 2611 1351 2668 et
1379 2606 1470 2668 sic
1499 2603 1739 2668 desinit
1770 2624 1911 2668 esse
1941 2603 2282 2688 jejunus.»
2316 2604 2613 2687 (SylviuS,
2652 2600 2825 2684 apud

591 2716 1018 2783 Benedictum
1049 2718 1218 2797 XIV,
1257 2721 1331 2781 de
1371 2719 1691 2795 Sacrificio
1721 2725 1940 2796 missoe,
1977 2720 2024 2784 l.
2058 2723 2123 2795 3,
2156 2739 2214 2783 c.
2258 2724 2319 2798 5,
2351 2739 2418 2783 n.
2452 2717 2542 2799 5.)

682 2835 750 2894 ‘2⁶
780 2833 945 2896 Item
986 2834 1216 2916 nequit
1243 2832 1411 2900 feria
1461 2837 1498 2898 5
1534 2836 1601 2899 in
1644 2854 1827 2899 coeua
1859 2837 2114 2899 Domini
2144 2835 2244 2900 bis
2274 2834 2639 2915 celebrare3
2679 2832 2828 2917 quia

594 2968 724 3014 non
754 2955 1021 3013 tenetur
1048 2941 1331 3031 populus
1359 2949 1484 3014 hoc
1522 2948 1633 3016 die
1660 2969 1843 3015 sacro
1872 2950 2123 3016 adesse.
2159 2952 2368 3035 Atque
2400 2949 2575 3017 idem
2604 2948 2709 3015 dic
2740 2946 2825 3012 de

594 3061 891 3128 omnibus
933 3064 1118 3129 sestis
1157 3083 1298 3147 quae
1337 3083 1466 3128 non
1526 3071 1677 3128 sunt
1725 3065 1810 3130 de
1843 3073 2176 3147 praecepto
2219 3064 2436 3148 quoad
2466 3063 2819 3147 populum3

593 3179 743 3260 quia
772 3186 928 3243 tunc
958 3178 1147 3245 deest
1167 3180 1575 3245 necessitatis
1593 3199 1807 3255 causa,
1841 3198 1965 3262 qua
1988 3198 2115 3244 non
2138 3179 2462 3256 adstante,
2489 3181 2663 3244 licita
2685 3196 2823 3242 eaee

592 3294 818 3376 nequit
847 3295 1127 3367 iteratio,
1155 3295 1577 3378 quantumvis
1600 3313 1742 3360 eam
1769 3294 2165 3361 concederet
2192 3297 2569 3378 Episcopus,

680 3410 752 3471 3⁰
782 3407 1056 3487 Quando
1089 3410 1409 3490 parochus
1439 3409 1717 3474 alteram
1756 3410 2010 3475 missam
2043 3410 2497 3477 celebraturus
2531 3416 2654 3485 est,
2699 3428 2825 3475 non

588 3522 896 3603 purificet
922 3524 1213 3600 calicem,
1243 3524 1364 3589 sed
1400 3525 1591 3588 illum
1618 3532 1879 3605 patena,
1925 3525 2098 3606 palla
2127 3533 2199 3590 et
2230 3525 2374 3590 velo
2408 3524 2673 3609 (absque
2711 3543 2826 3606 pu-

591 3636 942 3703 rificatorio
972 3637 1380 3721 interposito)
1419 3641 1775 3720 cooperiat.
1805 3641 2037 3722 Digitis
2074 3648 2293 3704 autem
2318 3639 2558 3704 ablutis
2584 3641 2646 3702 in
2672 3657 2826 3704 vase

590 3749 801 3827 solito,
839 3756 908 3814 et
951 3752 1132 3816 finita
1168 3753 1379 3829 missa,
1416 3755 1687 3819 calicem
1724 3754 1869 3820 velo
1921 3755 2439 3836 circumligatum
2469 3751 2829 3835 asportabit

591 3861 676 3925 ad
705 3863 920 3928 locum
964 3865 1076 3930 ubi
1114 3868 1354 3933 iterum
1385 3887 1565 3933 sacra
1603 3869 1895 3933 facturus
1943 3878 2063 3934 est.
2105 3870 2281 3934 Calix
2319 3877 2562 3943 autem,
2614 3865 2825 3934 donec

592 3978 1001 4059 purificetur,
1036 3989 1176 4049 tum
1231 3986 1301 4048 in
1342 3985 1613 4050 ecclesia
1663 3985 1730 4048 in
1777 4002 1906 4067 qua
1939 3986 2215 4067 primum
2252 3984 2659 4051 celebratum
2695 3991 2817 4058 est,

589 4099 731 4157 tum
769 4095 836 4158 in
866 4097 1093 4174 altera,
1121 4118 1320 4182 super
1349 4099 1671 4180 corporali
1709 4105 2086 4180 reponatur.
