3146 4973
569 339 695 399 258
1243 347 1618 394 Tnacrxrus
1665 348 1752 393 nt:
1796 346 2122 395 PAnocno.

652 473 1047 547 Pnoeosrno
1076 468 1213 534 [Vs.
1242 507 1329 517 —
1351 474 1443 533 Ad
1466 472 1796 551 leqitimam
1824 444 2432 554 dimembrationmn,
2466 495 2586 538 non
2611 479 2798 538 simul

564 593 897 670 requiritur
923 590 1223 650 distantia
1245 593 1303 648 et
1331 587 1661 665 difficultas
1688 588 2037 667 accedendi‚·
2055 590 2160 651 sed
2183 608 2308 652 una
2331 609 2410 652 ea:
2434 595 2574 653 istis
2601 597 2798 654 causis

559 707 775 786 absque
805 706 1000 766 altera
1033 702 1303 780 sufficere
1325 709 1544 783 potest.
1581 740 1670 750 ·—--
1695 701 2090 787 contingere
2116 712 2333 787 potest
2357 713 2433 770 ut
2466 705 2799 789 parochi&

559 838 793 884 norum
838 837 988 901 pars
1028 814 1259 902 aliqua,
1302 817 1459 881 licet
1498 836 1731 899 parum
1768 837 1804 882 a
1847 818 2198 900 parochiali
2242 821 2516 886 ecclesia
2566 820 2789 899 distet,

558 943 843 1020 nequeat
870 944 1090 999 tamen
1134 932 1216 998 ad
1246 952 1389 999 eam
1431 933 1748 999 accedere
1782 934 2024 1019 absque
2071 954 2303 1019 magno
2332 936 2743 1003 incommodo
2774 960 2789 1004 :

558 1073 637 1118 eo
667 1052 845 1138 quod
873 1070 1104 1135 nempe
1142 1050 1479 1116 interfluat
1510 1059 1794 1131 torrenS,
1826 1051 1936 1116 vel
1973 1052 2231 1118 intersit
2266 1053 2371 1118 via
2404 1053 2645 1132 ferrea,
2682 1062 2794 1120 aut

556 1169 732 1236 aliud
763 1167 1084 1252 ejusmodi
1119 1168 1553 1233 obstaculum.
1593 1168 1799 1234 Porro
1839 1166 2114 1233 dicimus
2141 1168 2436 1236 sufficere
2478 1189 2664 1253 posse
2692 1190 2794 1235 so-

556 1286 685 1350 lam
717 1284 1109 1360 distantiam,
1154 1284 1261 1349 vel
1285 1283 1486 1347 solam
1518 1269 1898 1366 praedictam
1927 1283 2285 1349 accedendi
2311 1284 2785 1351 difficultatem.

555 1404 764 1486 Atque
803 1400 872 1466 id
904 1399 1352 1467 concludimus
1375 1418 1460 1465 ex
1484 1398 1867 1464 Tridentina
1894 1399 2041 1483 lege
2080 1399 2256 1485 (sess.
2307 1403 2416 1477 21,
2466 1420 2524 1466 c.
2563 1399 2656 1485 4).
2692 1400 2791 1465 Ibi

552 1518 869 1603 siquidem
899 1516 1285 1601 disjunctive
1322 1515 1615 1598 ponitur,
1662 1519 1733 1579 ob
1767 1519 2028 1579 locorum
2058 1520 2422 1580 distantiam
2466 1524 2593 1580 sive
2624 1518 2791 1596 diffi-

549 1637 830 1696 cultatem
865 1654 886 1695 .·
917 1652 999 1697 ex
1036 1650 1163 1717 qua
1192 1630 1472 1696 formula
1505 1632 1791 1714 rigorose
1821 1632 2236 1699 concluditur
2271 1632 2568 1698 sufficere
2594 1651 2786 1698 unam

551 1752 796 1818 existis
825 1750 1063 1832 causis;
1095 1747 1168 1813 id
1199 1756 1320 1827 est,
1356 1747 1461 1813 vel
1494 1747 1889 1826 distantiam,
1929 1749 2038 1814 vel
2074 1748 2540 1815 difficultatem.

637 1869 719 1931 Et
755 1866 843 1930 ita
876 1866 1091 1949 legem
1128 1865 1301 1929 illam
1337 1883 1480 1930 esse
1518 1864 2007 1948 intelligendam
2039 1863 2312 1930 tradunt
2349 1866 2787 1931 communiter

554 1984 931 2058 canonistae,
977 1982 1150 2045 inter
1187 1999 1348 2065 quos
1385 1981 1475 2045 sic
1499 1982 1839 2064 Fagnanus
1881 1981 1966 2065 (in
2006 1988 2206 2063 caput
2239 1985 2334 2045 Ad
2367 1985 2773 2061 audientiam,

550 2103 626 2163 de
662 2102 942 2162 Ecelaeiis
972 2097 1223 2177 oedific„
1274 2117 1341 2160 n.
1393 2093 1495 2180 19)
1551 2118 1565 2161 :
1627 2119 1660 2157 «
1711 2096 2006 2162 Infertur
2042 2096 2333 2162 secundo
2377 2104 2453 2161 ut
2489 2098 2784 2163 similiter

554 2241 586 2277 «
617 2217 794 2301 justa
832 2215 916 2280 sit
948 2214 1296 2281 erectionis
1329 2231 1542 2291 causa,
1577 2213 1631 2278 si
1660 2214 1831 2279 inter
1852 2213 2170 2297 populum
2199 2213 2469 2299 alicujus
2493 2214 2680 2290 villae,
2715 2222 2786 2279 et

553 2358 586 2395 α
622 2332 1074 2417 parochialem,
1112 2337 1374 2395 torrens
1412 2331 1519 2395 vel
1561 2330 1806 2396 flumen
1843 2329 2106 2415 aliquod
2148 2329 2586 2408 intercedant,
2639 2349 2785 2416 quae

553 2474 586 2514 «
621 2469 741 2515 nec
791 2456 1059 2534 pontem
1111 2446 1424 2526 habeant,
1471 2464 1594 2512 nec
1642 2446 1812 2513 vado
1865 2448 2128 2514 transiri
2181 2449 2510 2532 possint...
2568 2447 2787 2514 Unde·

551 2590 584 2628 «
619 2582 899 2650 cumque
924 2566 1096 2628 enim
1126 2563 1472 2646 proveniat
1501 2581 1731 2647 magna
1762 2561 2104 2629 difficultas
2125 2563 2530 2650 percipiendi
2561 2583 2784 2628 sacra-

553 2705 587 2744 «
620 2689 868 2759 menta,
928 2680 1172 2746 dicitur
1227 2679 1493 2748 subesse
1537 2678 1712 2763 justa
1747 2699 1936 2745 causa
1991 2679 2285 2764 erigendi
2323 2700 2554 2746 novam
2600 2700 2785 2763 paro-

497 2887 501 2891 ·
551 2823 584 2860 α
618 2799 845 2874 chiam,
897 2817 940 2861 u
978 2816 1060 2863 ex
1105 2796 1300 2862 dictis
1345 2803 1547 2879 patet.
1598 2794 1887 2880 Ideoque
1936 2797 2278 2862 concilium
2330 2796 2777 2862 Tridentinum

555 2939 590 2976 α
630 2915 718 3001 (in
759 2913 938 2978 dicto
982 2914 1192 2996 capite
1222 2914 1255 2976 4
1293 2913 1593 2977 sessionis
1632 2911 1741 2995 21)
1778 2913 2168 2977 alternative
2197 2913 2508 2998 loquitur,
2545 2913 2637 2977 ibi
2670 2935 2684 2977 :
2721 2915 2794 2974 ob

554 3051 586 3088 «
624 3031 884 3088 locorum
912 3029 1294 3104 distantiam,
1335 3031 1460 3087 sive
1488 3026 1934 3106 difficultatem.
1971 3025 2070 3089 lta
2109 3032 2185 3090 ut
2217 3032 2564 3109 propterea
2598 3024 2792 3090 alter-

555 3166 587 3204 «
624 3150 843 3207 utrum
871 3139 1165 3205 sufficiat.
1215 3166 1242 3197 n

633 3261 1031 3325 Pnoposmo
1060 3258 1164 3320 V·.
1198 3292 1289 3302 ——
1320 3259 1399 3318 Ut
1424 3262 1650 3318 constet
1685 3259 1760 3319 de
1797 3275 2013 3337 maqno
2039 3258 2406 3321 incommodo
2433 3275 2512 3317 ex
2542 3257 2787 3318 distan-

553 3381 644 3441 tia
681 3378 776 3438 vel
816 3395 894 3436 ex
935 3375 1063 3435 alia
1112 3373 1477 3450 difficultate
1520 3373 1861 3450 accedendi,
1901 3391 2130 3434 necessa
2158 3391 2279 3433 non
2306 3379 2396 3433 est
2427 3374 2661 3451 aliquos
2691 3376 2789 3433 in-

553 3498 751 3574 fantes
773 3494 991 3571 absque
1017 3493 1397 3570 baptismate,
1443 3491 1541 3550 vel
1567 3490 1722 3549 alios
1760 3491 1976 3569 absque
2011 3494 2402 3550 sacramentis
2442 3492 2780 3551 decessisse.

554 3646 641 3656 —-
678 3608 838 3670 Nam
876 3606 1147 3668 citatum
1178 3601 1523 3667 decretum
1558 3600 2009 3667 Tridentinum
2051 3609 2122 3668 et
2152 3601 2500 3668 decretalis
2547 3606 2641 3665 Ad
2677 3623 2791 3664 aa·

551 3728 874 3799 decentiam,
914 3720 1257 3803 requirunt
1305 3717 1650 3783 dumtaxat
1688 3737 1992 3801 magnum
2039 3738 2121 3782 ex
2165 3717 2467 3783 distantia
2511 3717 2616 3781 vel
2661 3717 2786 3781 alia

554 3837 933 3902 difficultate
960 3833 1447 3902 incommodum
1475 3856 1489 3916 ;
1532 3832 1650 3898 sed
1677 3852 1980 3916 magnum
2008 3831 2174 3898 illud
2204 3831 2687 3900 incommodum
2716 3839 2788 3897 et

552 3956 832 4020 existere
865 3960 934 4017 et
963 3950 1227 4035 probari
1250 3960 1488 4035 potest,
1520 3957 1869 4035 antequam
1894 3949 2174 4015 infantes
2203 3951 2341 4014 sine
2364 3949 2778 4032 baptismate,

551 4073 658 4138 vel
688 4070 894 4135 adulti
932 4070 1069 4133 sine
1100 4071 1517 4134 sacramentis
1551 4068 1955 4134 decesserint
1991 4088 2005 4131 ε
2039 4084 2197 4149 ergo
2238 4073 2312 4130 ut
2349 4067 2501 4130 satis
2530 4070 2787 4129 constet

552 4189 637 4254 de
685 4187 857 4273 justa
907 4184 1490 4251 dismembrationis
1532 4205 1746 4263 causa,
1795 4201 2200 4268 nequaquam
2252 4182 2608 4266 requiritur
2652 4180 2784 4264 jam

550 4305 844 4372 evenisse
878 4301 1235 4385 lugendum
1272 4301 1592 4385 ejusmodi
1623 4321 1863 4367 casum.

637 4424 793 4503 Quae
829 4419 1222 4503 caeteroquin
1246 4418 1542 4484 doctrina
1570 4419 2002 4484 communiter
2031 4437 2067 4481 a
2098 4415 2446 4482 canonistis
2467 4413 2777 4491 traditur,
