3146 4973
627 338 758 402 490
1264 399 1269 404 .
1309 356 1686 404 ruscum-us
1731 357 1818 404 na
1866 355 2190 403 samono.

633 504 660 537 «
696 487 815 545 aut
853 480 1068 557 aliter,
1125 480 1209 546 ad
1252 479 1530 548 levanda
1577 489 1649 547 et
1694 480 2025 547 efferenda
2062 480 2526 547 defunctorum
2556 498 2838 562 corpora,

630 620 658 652 τι
704 595 978 672 intrare,
1009 596 1115 661 vel
1145 596 1257 660 illa
1282 596 1530 673 levare,
1582 603 1649 661 et
1681 595 1939 674 efferre,
1984 598 2102 660 nisi
2149 603 2378 663 vocato
2407 603 2479 661 et
2512 602 2847 677 expectato

631 734 659 763 «ι
692 710 955 793 proprio
999 710 1304 792 parocho,
1342 730 1550 794 eoque
1604 712 1848 778 ibidem
1893 718 2234 795 praesente,
2291 710 2413 775 nisi
2459 718 2675 775 tamen
2721 710 2848 793 ipse

632 850 660 883 «
691 825 881 890 aliter
910 824 1057 889 fieri
1085 826 1474 903 consentiat,
1507 827 1613 892 vel
1640 829 1991 912 requisitus
2021 827 2243 891 venire
2272 841 2581 909 expresse
2605 826 2851 890 omnino

629 965 657 996 «
697 947 985 1024 recuset3
1011 959 1226 1024 neque
1249 941 1444 1007 etiam
1464 942 1666 1009 licere
1700 941 1951 1009 eisdem
1977 941 2390 1026 regularibus
2415 950 2530 1006 aut
2550 942 2618 1005 in
2638 940 2846 1014 domo,

631 1079 659 1110 σι
702 1060 815 1118 aut
838 1072 958 1135 per
995 1056 1183 1130 viam,
1211 1053 1367 1120 dum
1409 1055 1704 1122 defuncti
1731 1057 2015 1123 cadaver
2044 1056 2130 1122 ad
2158 1055 2612 1140 sepeliendum
2643 1054 2853 1121 defer-

632 1195 660 1226 «
699 1177 832 1246 tur,
867 1169 1032 1235 illud
1072 1189 1445 1254 aspergere,
1484 1191 1698 1255 neque
1735 1178 1887 1238 ante
1910 1172 2173 1257 januam
2195 1172 2478 1237 ecclesiae
2503 1171 2856 1235 orationem

633 1311 660 1342 «
699 1284 952 1351 solitam
988 1294 1251 1351 cantare
1306 1307 1423 1352 seu
1470 1286 1729 1364 dicere,
1766 1293 2113 1371 anitequain
2167 1285 2451 1352 cadaver
2485 1287 2660 1350 intus
2688 1286 2855 1349 illam

633 1425 662 1456 «
700 1399 1078 1478 collocetur,
1107 1402 1358 1465 etiamsi
1381 1404 1444 1465 in
1465 1421 1695 1467 eorum
1715 1403 2003 1467 ecclesiis
2020 1422 2203 1467 suam
2222 1401 2521 1467 defuncti
2548 1402 2859 1484 elegerint

633 1540 660 1572 «
701 1515 1144 1598 sepulturam3
1186 1516 1322 1581 haec
1360 1517 1534 1581 enim
1576 1520 1790 1582 omnia
1833 1518 2102 1601 proprio
2151 1517 2435 1600 parocho
2457 1523 2853 1599 competere.

637 1658 659 1683 ‹-
706 1629 792 1695 ad
809 1631 1142 1714 regulares
1169 1651 1325 1698 vero
1349 1632 1760 1716 supradictos
1784 1636 1993 1699 solum
2025 1641 2323 1717 spectare
2347 1633 2563 1698 facere
2586 1630 2860 1696 officium

637 1769 664 1802 «
701 1746 875 1810 circa
899 1765 1136 1829 corpus
1165 1746 1485 1825 defuncti,
1517 1756 1859 1833 postquam
1890 1752 2065 1813 intus
2089 1768 2315 1813 eorum
2344 1748 2649 1813 ecclesias
2668 1746 2861 1811 fuerit

639 1886 668 1917 κ
706 1860 1022 1927 delatum.
1054 1886 1085 1922 »ι
1128 1863 1234 1947 (12
1265 1863 1551 1928 octobris
1595 1842 1792 1941 161'9,
1827 1862 2210 1944 Gardellini,
2237 1883 2298 1927 n.
2326 1861 2506 1944 429.)

727 2001 755 2034 «
790 1977 1143 2061 Saepissime
1170 1999 1206 2042 a
1233 1981 1423 2044 Sacra
1451 1981 1718 2044 Rituum
1750 1980 2261 2062 congregatione
2286 1978 2690 2043 declaratum
2716 1978 2858 2052 fuit,

638 2117 666 2148 «
708 2091 795 2156 ad
824 2094 1178 2175 parochum
1211 2093 1506 2158 defuncti
1531 2101 1832 2178 spectare
1858 2097 1922 2159 in
1943 2095 2284 2159 funeribus
2311 2095 2541 2160 stolam
2567 2092 2853 2170 deferre,

637 2233 666 2262 «
712 2227 875 2293 aqua
907 2207 1256 2274 benedicta
1287 2209 1607 2275 cadavera
1646 2228 1997 2293 aspergere
2027 2218 2372 2294 antequam
2417 2230 2454 2274 e
2495 2209 2688 2276 domo
2718 2208 2863 2275 effe·

642 2347 672 2380 «
711 2331 962 2402 rantur,
1013 2333 1083 2390 et
1117 2325 1535 2408 antiphonam
1575 2328 1951 2407 praecinere,
1981 2329 2341 2389 exultabunt
2362 2332 2699 2391 Domino...
2731 2326 2864 2389 Imo

638 2465 667 2497 «ι
709 2461 746 2504 a
783 2441 975 2506 Sacra
1036 2442 1555 2525 Congregatione
1607 2442 1868 2508 Concilii
1908 2442 1998 2527 (in
2044 2441 2364 2519 Cannensi,
2405 2442 2647 2526 jurium
2688 2459 2863 2524 paro-

640 2582 668 2616 «
713 2557 1038 2636 chialium,
1072 2561 1156 2623 ’20
1182 2558 1553 2624 decembris
1584 2558 1777 2642 1828)
1811 2558 2210 2623 declaratum
2241 2558 2369 2622 fuit
2398 2559 2519 2624 hoc
2538 2560 2862 2643 pertinere
2963 2570 2969 2575 ’

641 2700 669 2731 «
710 2675 904 2739 etiam
941 2676 1008 2738 in
1039 2674 1383 2740 funeribus
1435 2675 1895 2740 canonicorum
1931 2674 2217 2740 ecclesiae
2252 2674 2663 2741 cathedralis.
2695 2676 2865 2741 Prae·

641 2813 670 2847 «
719 2788 1016 2853 cedentia
1066 2808 1228 2853 vero
1278 2788 1543 2870 parochi
1599 2807 1796 2870 supra
1834 2790 2184 2871 capitulum
2231 2790 2581 2873 collegiatae
2627 2797 2864 2854 statuta

642 2928 671 2960 α
723 2904 847 2967 fuit
885 2924 922 2968 a
964 2905 1157 2969 Sacra
1219 2905 1478 2969 Rituum
1529 2904 2042 2986 congregatione
2079 2905 2147 2967 in
2201 2905 2575 2981 Faventina,
2634 2908 2711 2968 15
2771 2923 2863 2968 se-

643 3046 673 3080 «
712 3021 1027 3104 ptembris
1063 3024 1313 3088 1668.»
1359 3023 1572 3107 (Sacra
1607 3022 2035 3105 congregatio
2076 3021 2360 3097 Rituum,
2392 3020 2568 3104 apud
2597 3018 2864 3084 Gardel-

635 3136 768 3213 liui,
788 3156 851 3199 n.
878 3134 1104 3220 4524.)
1126 3136 1290 3201 Vide
1313 3137 1508 3202 etiam
1525 3137 1941 3214 Leureuium,
1959 3141 2177 3199 Forum
2198 3136 2560 3213 beneficiola,
2588 3139 2774 3217 parte
2804 3136 2855 3205 1,

637 3271 701 3336 q.
734 3253 887 3329 453,
921 3273 986 3317 n.
1020 3257 1059 3317 2
1089 3261 1158 3318 et-
1181 3272 1318 3337 seq.

725 3373 793 3432 2⁰
839 3368 1113 3451 Quando
1151 3367 1504 3433 defunctus
1553 3369 1618 3431 iu
1670 3369 1941 3432 ecclesia
1986 3367 2381 3450 regularium
2438 3365 2859 3432 tumulandus

636 3493 771 3561 est,
823 3492 1090 3549 tenetur
1137 3482 1457 3565 parochus
1501 3485 1819 3549 associare
1872 3481 2154 3547 cadaver
2203 3502 2405 3567 usque
2455 3481 2541 3547 ad
2582 3483 2859 3547 ecclesiae

639 3600 1033 3683 regularium
1063 3598 1350 3681 januam.
1382 3600 1573 3663 Sacra
1612 3598 2040 3681 Congregatio
2067 3599 2354 3673 Rituum,
2386 3596 2563 3680 apud
2593 3595 2861 3662 Gardel-

637 3716 771 3792 lini,
800 3717 995 3793 2581,
1028 3717 1224 3782 2688.
1258 3714 1450 3795 Quod
1485 3716 1538 3779 si
1569 3713 1891 3796 parochus
1922 3714 2137 3779 funeri
2168 3713 2394 3780 adesse
2426 3723 2706 3789 recuset,
2742 3731 2858 3777 nec

638 3830 837 3895 alium
891 3832 1135 3907 mittat,
1195 3838 1465 3913 possunt
1511 3831 1848 3914 regulares
1906 3830 2131 3895 levare
2186 3827 2500 3893 cadaver.
2550 3826 2852 3913 (Ibidem,

640 3965 708 4009 n.
744 3947 940 4022 2581,
976 3943 1201 4027 2694.)

729 4064 797 4126 3⁰
824 4062 1100 4144 Quando
1148 4062 1467 4146 parochus
1499 4064 1802 4146 pervenit
1843 4062 1927 4128 ad
1968 4063 2228 4147 januam
2282 4061 2571 4126 ecclesiae
2620 4060 2862 4144 regula-

641 4180 810 4244 rium
839 4181 905 4243 in
927 4200 1055 4264 qua
1086 4179 1530 4262 sepeliendum
1566 4187 1666 4244 est
1696 4197 1956 4263 corpuS,
1991 4198 2073 4244 an
2102 4181 2302 4262 possit
2342 4183 2685 4244 consuetas
2721 4195 2861 4260 pre-

641 4314 751 4361 ces
793 4295 1089 4378 deposito
1141 4295 1391 4362 feretro
1441 4297 1717 4360 recitare
1740 4298 1773 4361 ⁴?
1823 4296 1917 4360 An
1952 4294 2207 4380 ingredi
2239 4296 2579 4389 ecclesiam
2609 4310 2862 4377 pmces-

640 4413 970 4479 sionaliter
1004 4431 1148 4476 cnm
1199 4411 1363 4476 stola
1405 4431 1607 4494 usque
1647 4410 1732 4476 ad
1770 4410 1987 4475 looum¹
2012 4412 2079 4475 in
2116 4430 2247 4494 quo
2284 4408 2743 4493 deponendum
2770 4413 2860 4471 est
