3146 4973
1383 318 1544 368 rans
1586 316 1844 367 raim:
2672 310 2714 370 9

490 444 945 529 parochiarum
983 463 1147 511 voce
1192 445 1404 512 utitur
1452 443 1536 510 ad
1583 445 1931 512 Romanam
1955 493 1972 522 ,
2015 440 2509 512 Alexandrinam
2534 494 2551 524 ,
2589 451 2715 511 An·

493 559 859 627 tiochenam
881 609 898 637 ‚
939 561 1714 645 Hierosolymitanamque
1753 561 2059 627 ecclesias
2093 579 2211 625 seu
2247 557 2562 626 dioeceses
2591 560 2717 627 de-

496 673 841 759 signandas
873 673 1090 761 (Bisa,
1131 693 1273 758 cap.
1308 677 1369 758 13
1406 674 1520 740 lib.
1557 678 1622 752 3,
1655 692 1799 761 cap.
1829 678 1871 739 2
1909 684 1978 742 et
2017 674 2123 759 143
2157 672 2271 742 lib.
2311 684 2373 755 7,
2412 694 2553 761 cap.
2580 675 2713 760 29).

578 792 853 858 Sanctus
911 792 1273 858 celestinus
1327 791 1503 877 Papa
1555 793 1730 858 circa
1787 810 2026 858 annum
2087 793 2240 870 423,
2298 790 2572 859 decreto
2638 798 2660 858 l
2693 843 2709 870 ,

487 905 820 989 prohibet,
845 926 929 972 ne
959 907 1103 992 quis
1129 908 1401 985 Primas,
1428 907 1963 990 Metropolitanus
1992 914 2109 972 aut
2138 906 2496 990 Episcopus
2525 905 2717 992 quid-

476 1038 677 1106 qnam
704 1028 855 1105 agat
873 1021 941 1086 in
964 1018 1234 1086 alterius
1254 1022 1571 1103 parochia,
1608 1021 1732 1085 nisi
1769 1019 1853 1086 ab
1885 1021 2203 1105 Episcopo
2231 1019 2403 1086 illius
2438 1020 2717 1086 civitatis

478 1144 771 1202 vocatus

570 1251 929 1317 Concilium
973 1250 1445 1317 Antiochenum
1506 1251 1703 1337 (circa
1747 1266 1987 1314 annum
2036 1247 2221 1335 450),
2262 1268 2507 1315 canone
2565 1253 2645 1316 18
2696 1272 2711 1315 :

475 1372 552 1431 St·
584 1373 722 1448 quis
755 1370 1083 1449 Episcopus
1116 1369 1520 1432 ordinatus...
1556 1374 1618 1430 et
1647 1373 1717 1429 in
1737 1371 2082 1448 paroeciam
2123 1372 2191 1429 in
2229 1386 2349 1447 qua
2400 1367 2721 1429 ordinatus

476 1491 568 1546 est
592 1503 713 1546 nou
738 1490 859 1559 eat,
894 1489 1070 1565 etc.;
1116 1480 1269 1548 vide
1301 1482 1498 1547 etiam
1544 1478 1840 1565 ejusdem
1878 1478 2117 1565 synodi
2158 1498 2440 1546 canones
2470 1483 2506 1547 3
2550 1488 2618 1546 et
2645 1485 2713 1547 9.

569 1596 764 1682 Apud
797 1598 1173 1664 Gratianum
1220 1596 1380 1683 (XV,
1424 1614 1490 1682 q.
1528 1604 1590 1674 7,
1633 1601 1768 1661 Piae
1803 1602 2023 1660 mentis
2063 1605 2136 1662 et
2179 1593 2546 1679 Friqenuus)
2586 1595 2722 1663 duo

476 1715 866 1782 referuntur
896 1716 1101 1779 sancti
1136 1713 1374 1779 Gelasii
1413 1714 1631 1797 Papoe‚
1665 1713 1734 1776 in
1771 1711 2007 1797 quibus
2051 1706 2160 1778 ille
2199 1711 2530 1788 Pontifex,
2578 1714 2723 1795 Epi·

479 1847 753 1914 scopum
789 1828 1139 1915 quemdam
1176 1828 1532 1913 alloquens,
1560 1829 1773 1893 utitur
1816 1827 1936 1893 hac
1973 1827 2273 1906 formula,
2327 1834 2395 1891 in
2431 1829 2722 1910 parochia

482 1956 592 2012 tua
627 1946 818 2033 (anno
848 1946 1113 2011 circiter
1144 1942 1328 2029 492).

573 2064 782 2145 Quam
830 2063 1228 2127 locutionem
1272 2061 1641 2126 Anastasius
1685 2060 1863 2144 Papa
1908 2061 1972 2125 ΙΙ
2014 2057 2283 2126 adhibet
2329 2060 2396 2123 in
2429 2076 2547 2125 sua
2593 2059 2725 2145 epi-

482 2178 651 2244 stola
681 2183 723 2245 9
755 2176 839 2243 ad
869 2177 1089 2244 Gallim
1121 2178 1494 2260 Episcopos‚
1535 2195 1706 2241 anno
1742 2176 1896 2243 496.

574 2294 916 2360 Provincia
947 2293 1148 2377 Epiri,
1193 2292 1417 2358 multis
1452 2299 1756 2357 constans
1793 2289 2208 2366 dioecesibus,
2260 2291 2565 2372 parochia>-
2607 2308 2722 2355 no-

483 2409 662 2475 mine
712 2408 1047 2494 designata
1087 2409 1377 2474 occurrit
1426 2410 1491 2472 in
1544 2405 1822 2491 epistola
1883 2404 2196 2492 synodica
2250 2408 2723 2493 Episcoporum

485 2526 668 2610 Epiri
691 2527 843 2591 anni
868 2528 995 2590 512
1034 2525 1281 2612 (Mansi,
1311 2532 1472 2590 tom.
1504 2528 1569 2602 8,
1607 2525 1732 2590 col.
1769 2522 1955 2607 404).
2679 2547 2686 2556 ·

579 2640 847 2706 Sanctus
885 2637 1257 2706 Hormisdas
1308 2641 1508 2723 Papa,
1570 2640 1846 2724 epistola
1882 2645 1924 2708 9
1946 2690 1963 2719 ‚
2021 2642 2421 2724 provinciam
2475 2643 2724 2724 pariter

484 2757 805 2841 parochiae
842 2758 1101 2822 nomine
1149 2754 1446 2841 designat
1486 2777 1501 2823 ε
1537 2753 1889 2840 Episcopos
1929 2756 2103 2822 enim
2153 2756 2494 2843 alloquens
2535 2766 2605 2824 et
2637 2757 2724 2825 de

486 2889 719 2938 eorum
784 2871 1073 2936 Primate
1143 2889 1342 2955 agens
1412 2872 1504 2936 sic
1573 2871 1774 2937 habet
1825 2892 1840 2936 :
1897 2878 2061 2936 Tunc
2130 2876 2355 2936 Beatus
2418 2875 2724 2956 Eupo-nius

481 2992 764 3069 paroecioe
801 2994 1015 3049 vescroe
1060 2988 1337 3050 obtinens
1373 2990 1824 3069 Principatum.
1875 2987 2043 3053 Item
2094 2986 2371 3070 epistola
2425 2989 2509 3051 25
2555 2985 2727 3052 dioe-

490 3119 677 3165 ceses
718 3099 1055 3183 parochias
1100 3108 1312 3165 vocat.
1359 3100 1440 3165 Et
1480 3100 1545 3164 in
1582 3100 2012 3165 instructione
2054 3102 2190 3165 suis
2216 3100 2448 3184 legatis
2480 3100 2724 3167 tradita

490 3212 692 3299 (apud
720 3216 947 3292 Mansi,
985 3221 1169 3280 tom.'
1195 3220 1258 3292 8,
1300 3214 1425 3279 col.
1474 3212 1631 3298 442)
1672 3213 1833 3279 dicit
1871 3237 1889 3281 τ
1937 3219 2266 3298 Episcopus
2300 3219 2725 3281 Constantino-

478 3333 822 3413 politanus‚
870 3333 1126 3394 directis
1182 3333 1686 3412 proeeeptionibus
1735 3333 2055 3410 Episcopi-³
2117 3336 2245 3394 auis
2305 3331 2727 3411 paroecialibus

495 3444 939 3530 (sum-aganeis
980 3464 1217 3529 nempe
1265 3463 1395 3510 suae
1434 3443 1919 3530 Metropoleos)‚
1961 3448 2057 3508 vel
2104 3450 2339 3509 coeteris
2385 3445 2729 3527 Metropoli·

493 3568 679 3626 tanis.

582 3675 768 3740 Anno
800 3678 925 3741 517
961 3683 1221 3741 sauctus
1257 3675 1486 3741 Avitus
1531 3677 1913 3744 Viennensis
1961 3677 2500 3761 Archiepiscopus
2535 3689 2727 3761 syuo-

492 3790 652 3857 dum
683 3797 1000 3858 convocat
1027 3809 1154 3876 pro
1190 3811 1416 3859 mense
1469 3793 1859 3876 septembris
1894 3794 1960 3857 in
2003 3795 2298 3876 parochia
2332 3798 2678 3875 Epaonensi
2695 3818 2727 3874 ,-

498 3905 612 3972 ubi
647 3906 845 3971 etiam
875 3906 1177 3990 parochia
1208 3925 1335 3991 pro
1364 3906 1635 3974 dioecesi
1671 3906 1938 3972 w’detur
1971 3903 2418 3991 intelligenda.

585 4020 943 4086 Concilium
969 4022 1351 4088 Toletanum
1374 4022 1475 4086 III
1497 4023 1647 4088 anni
1679 4021 1829 4099 589,
1859 4039 2104 4087 canone
2134 4026 2199 4099 9,
2229 4020 2546 4088 dioeceses
2563 4023 2728 4106 pari-

500 4145 604 4203 ter
639 4135 977 4221 parochias
1015 4145 1232 4204 vocat.
1276 4138 1489 4220 Quem
1525 4137 1836 4225 loquendi
1881 4137 2143 4205 modum
2183 4140 2478 4223 reperies
2530 4141 2725 4205 etiam

502 4250 679 4334 apud
708 4252 964 4317 Surium
992 4254 1058 4317 in
1086 4254 1219 4319 vita
1246 4254 1452 4318 sancti
1475 4254 1823 4336 Gangerici
1859 4253 2344 4321 Cameracensis
2384 4253 2717 4339 Episcopi,

504 4373 573 4430 et
606 4368 669 4430 in
702 4366 836 4432 vita
860 4369 1067 4433 sancti
1093 4365 1388 4433 Audoeni
1419 4367 1685 4454 (Sarius,
1719 4385 1923 4434 mens.
1963 4366 2168 4452 aug.).
