3146 4973
694 378 825 443 656
1364 388 1743 438 ‘tason-rus
1785 389 1875 436 ns
1919 387 2252 436 ranouno.

703 540 734 577 α
766 514 1092 582 substitui.
1121 537 1155 577 υ
1199 511 1783 599 (Animadversiones
1824 517 1908 578 acl
1950 517 2387 596 Ceccoperiwm,
2435 520 2613 579 tomo
2663 514 2874 591 ultimo,

695 631 1028 699 additione
1069 630 1200 716 19.)
1347 706 1351 712 ,
3021 720 3022 723 ¹

785 755 855 816 3⁰
890 748 1092 833 Argui
1118 749 1315 815 etiam
1344 754 1560 832 potest
1594 770 1633 811 a
1653 754 1821 829 pari,
1859 766 1942 814 ex
1986 766 2140 814 casu
2189 765 2320 831 quo
2370 747 2730 813 animarum
2756 766 2882 813 cura
3021 760 3024 823 ι

696 867 824 934 fuit
847 866 1039 932 alicui
1061 864 1346 948 capitulo
1377 864 1480 930 vel
1518 865 1915 930 monasterio
1942 861 2218 929 adnexa.
2260 865 2438 929 Tunc
2479 881 2719 946 nempe
2752 865 2888 946 capi-

696 982 933 1058 tulum,
967 979 1127 1045 licet
1152 996 1282 1043 non
1310 979 1393 1044 sit
1435 978 1757 1062 parochus
1797 979 1919 1044 nisi
1956 986 2022 1043 in
2064 982 2296 1056 habitu,
2351 985 2569 1063 potest
2609 978 2889 1044 vicarium

698 1106 997 1163 curatum
1034 1097 1435 1173 arnovibilem,
1474 1094 1562 1160 ad
1599 1114 1770 1161 curae
1818 1095 2203 1160 exercitium
2256 1093 2667 1177 deputatum,
2723 1112 2895 1159 remo-

700 1231 860 1280 vere
905 1217 1036 1275 sine
1060 1230 1264 1287 causa,
1302 1215 1499 1293 prout
1534 1229 1653 1275 suo
1679 1210 1825 1275 loco
1856 1209 2297 1294 probavimus,
2335 1217 2403 1274 et
2447 1217 2751 1294 tanquam
2781 1228 2899 1274 cer·
3021 1188 3022 1211 ¹

698 1333 841 1392 tum
868 1323 1071 1392 tradit
1100 1323 1497 1391 Benedictus
1531 1325 1679 1391 XIV
1710 1326 1808 1412 (de
1834 1330 1984 1407 Syn.
2012 1328 2273 1402 dicaces„
2306 1324 2353 1389 l.
2397 1327 2499 1403 12,
2533 1345 2599 1389 n.
2633 1323 2726 1408 2).
2760 1325 2898 1405 Ergo

698 1465 740 1511 a
753 1451 902 1528 pari
932 1450 1222 1529 potestas
1249 1442 1563 1509 vicarium
1593 1459 1782 1507 suum
1812 1440 2198 1507 removendi
2233 1448 2364 1505 sinc
2387 1462 2592 1519 causa,
2617 1440 2705 1507 ad
2748 1457 2902 1524 paro-

702 1559 894 1626 chum
922 1560 1256 1644 pertinere
1282 1556 1604 1624 censenda
1625 1562 1751 1623 est.
1786 1559 1924 1622 Imo
1945 1577 1985 1620 a
2003 1560 2249 1638 fortiori
2265 1555 2338 1621 id
2355 1556 2486 1622 dici
2508 1563 2750 1641 posset,
2775 1572 2902 1620 cum
3021 1574 3022 1593 ¹

702 1675 1023 1761 parochus
1057 1694 1187 1740 non
1209 1681 1466 1741 tantum
1503 1673 1923 1751 habitualem,
1950 1671 2068 1738 sed
2099 1682 2170 1738 et
2210 1673 2536 1739 actualem
2566 1690 2790 1738 curam
2815 1671 2906 1735 ha·

702 1791 879 1869 beat,
916 1798 985 1856 et
1011 1789 1099 1856 ad
1127 1792 1362 1875 ipsum,
1400 1808 1530 1856 non
1567 1790 1782 1854 minus
1822 1806 2016 1873 quam
2061 1787 2145 1853 ad
2185 1789 2566 1872 capitulum,
2603 1788 2910 1873 pertineat

703 1906 1015 1973 vicarium
1044 1924 1234 1971 suum
1271 1904 1397 1970 sibi
1421 1905 1666 1988 eligere
1693 1912 1762 1969 et
1781 1905 2116 1970 nominare
2131 1954 2145 1968 .

793 2021 943 2086 Haec
988 2037 1110 2103 pro
1155 2019 1478 2085 sententia
1527 2015 1930 2084 affirmativa.
1998 2020 2113 2084 Ast
2160 2021 2226 2083 in
2278 2019 2712 2096 contrarium,
2759 2017 2913 2102 quod

704 2154 940 2219 nempe
978 2143 1262 2220 nequeat
1291 2133 1615 2217 parochus
1645 2133 1964 2200 vicarium
1995 2152 2186 2199 suum
2217 2153 2560 2200 removere
2588 2141 2730 2198 sine
2756 2154 2912 2198 causa

703 2255 780 2315 ab
819 2256 1110 2335 Episcopo
1155 2253 1509 2334 approbata,
1559 2251 1873 2316 nonnulla
1920 2250 2119 2317 etiam
2157 2250 2377 2318 afferri
2412 2259 2698 2336 possunt
2735 2250 2916 2316 docu·
3021 2250 3022 2253 ’

706 2375 947 2434 menta.

795 2483 881 2548 Π.
927 2486 1052 2548 Pro
1098 2488 1396 2548 sententia
1439 2489 1748 2565 mqativa.
1787 2519 1876 2531 --
1921 2484 1998 2549 In
2036 2502 2228 2549 causa
2284 2458 2922 2548 Lami-Sursum

711 2598 775 2684 (2
804 2596 1196 2681 septembris
1229 2598 1423 2676 1747,
1460 2605 1641 2664 tomo
1687 2599 1766 2663 16
1809 2599 2099 2663 Thasum-i
2133 2596 2584 2682 resolutivam)
2617 2599 2720 2663 sic
2757 2596 2928 2662 habe·

711 2721 821 2779 tur
855 2735 870 2779 :
917 2735 950 2776 α
1001 2714 1150 2779 Duo
1193 2720 1345 2779 sunt
1379 2711 1623 2797 oppida
1667 2715 1734 2778 in
1788 2713 2056 2780 dioecesi
2094 2713 2473 2779 Sarzanensi
2500 2714 2614 2778 uni
2645 2710 2928 2796 subjecta

714 2851 747 2891 α
779 2828 1062 2913 parocho
1099 2850 1113 2894 ε
1144 2829 1427 2895 alterum
1465 2832 1651 2908 Fani,
1700 2831 1982 2896 alterum
2023 2832 2388 2895 Bas-tremuli
2431 2837 2927 2913 nuncupatur...

715 2969 748 3007 a
783 2944 1008 3011 Veteri
1047 2943 1517 3011 consuetudine
1551 2964 1805 3030 usuque
1846 2946 2141 3029 longaevo
2169 2952 2512 3029 receptum
2546 2952 2673 3024 est,
2727 2955 2808 3009 nt
2849 2963 2938 3028 pa·

711 3083 745 3122 α
773 3060 1009 3128 rochus
1052 3060 1367 3145 oppidum
1414 3060 1578 3126 Folli
1622 3061 1884 3139 incolat,
1931 3064 2002 3126 in
2038 3062 2247 3128 altero
2283 3061 2672 3127 Bastremoli
2709 3058 2936 3144 oppido

713 3201 744 3240 α
778 3177 1230 3261 cappellanum
1278 3183 1573 3242 curatum
1618 3179 1919 3244 retineat.
1980 3179 2175 3244 Venit
2215 3179 2282 3243 in
2330 3185 2619 3245 mentem
2658 3177 2938 3263 parocho

712 3315 745 3354 α
778 3292 1232 3376 cappellanum
1255 3291 1429 3358 hunc
1448 3291 1852 3359 removendi.
1886 3291 2018 3359 Sed
2038 3293 2292 3359 obstitit
2309 3293 2738 3376 cappellanus
2768 3295 2938 3379 ipse:

712 3430 746 3470 α
780 3406 1093 3474 obstitere
1113 3406 1401 3474 homiues
1419 3411 1804 3486 Bastremoli,
1834 3415 2146 3492 negantes
2172 3407 2453 3492 parocho
2476 3406 2601 3473 hoc
2616 3407 2760 3493 jus,
2784 3408 2942 3473 nulla

714 3544 747 3584 α
780 3520 1044 3589 reddita
1091 3541 1305 3600 causa,
1366 3528 1437 3589 et
1478 3523 1617 3589 sine
1660 3524 2023 3607 cognitione
2068 3522 2399 3608 Episcopi3
2442 3524 2642 3588 etiam
2673 3533 2946 3591 conten·

714 3661 748 3701 α
784 3637 1019 3708 dentes
1046 3657 1180 3706 non
1214 3656 1404 3722 posse
1456 3657 1611 3704 eum
1655 3637 2055 3722 parochiales
2103 3638 2472 3705 functiones
2515 3655 2852 3705 exercere
2885 3638 2938 3700 in

717 3779 748 3816 α
783 3753 1019 3821 eodem
1045 3752 1369 3839 oppido...
1397 3754 1611 3820 Dubia
1641 3754 1774 3821 duo
1814 3761 2274 3840 proponuntur
2303 3778 2317 3821 :
2356 3757 2410 3820 I.
2451 3756 2547 3821 An
2589 3756 2812 3822 liceat
2851 3774 2944 3838 pa·

716 3896 747 3932 κ
786 3870 987 3937 rocho
1020 3873 1180 3936 Folli
1209 3868 1296 3936 ad
1324 3870 1672 3936 arbitrium
1704 3889 2043 3938 removere
2084 3871 2536 3956 cappellanum
2569 3881 2888 3939 curatum
2914 3887 2943 3933 ι

714 4010 746 4051 α
780 3995 964 4052 terra
998 3988 1385 4066 Bastremoci,
1436 3984 1520 4051 ab
1549 3986 1691 4069 ipso
1727 3985 2151 4064 nominatum,
2209 3986 2408 4051 etiam
2455 3986 2710 4072 absque
2763 4003 2940 4052 caus·

715 4126 748 4165 ι
778 4102 862 4168 ab
908 4100 1252 4168 Ordinatio
1311 4100 1784 4185 cognoscenda.
1842 4103 1929 4166 ΙΙ.
1980 4101 2079 4166 An
2133 4099 2331 4168 liceat
2393 4100 2607 4167 eidem
2655 4099 2944 4186 parocho

713 4241 744 4281 α
779 4217 943 4283 Folli
969 4215 1056 4281 ad
1086 4216 1187 4282 sui
1217 4215 1474 4283 libitum
1501 4216 1770 4301 explere
1799 4235 2025 4284 omnes
2047 4216 2419 4284 functiones
2441 4217 2867 4301 parochiales
2883 4216 2935 4278 in

713 4356 747 4397 «
779 4332 1052 4399 ecclesia
1073 4340 1144 4398 et
1163 4332 1229 4397 in
1258 4329 1434 4398 dicto
1461 4332 1607 4398 loco
1629 4333 2036 4412 Basti-emon,
2065 4332 2287 4420 ibique
2317 4331 2403 4402 ad
2425 4333 2526 4399 sui
2553 4333 2830 4402 libitum
2853 4350 2942 4399 re·
