3146 4973
495 350 614 414 136
1170 365 1543 413 Trucu‘rus
1591 368 1680 414 ne
1724 365 2051 413 rmocno.

578 489 724 554 vlla
765 505 1156 555 ALLEGATIO.
1201 525 1291 536 --
1341 510 1375 549 α
1408 491 1540 555 Nec
1592 487 1924 555 dubitasse
1976 488 2244 556 videtur
2279 490 2730 556 Nemausensis

486 628 520 668 α
559 604 850 691 synodus
885 606 1033 671 anni
1095 607 1285 684 1264,
1327 607 1484 690 quin
1523 604 1847 690 parochus
1877 613 1945 670 et
1979 604 2350 671 subsidiarii
2382 605 2525 689 ejus
2556 626 2731 690 pres-

493 745 526 783 «
554 721 773 806 byteri
804 719 986 785 aditu
1019 720 1310 786 ecclesiae
1342 720 1741 786 interdicere
1774 721 2042 804 possint,
2081 740 2205 785 nec
2237 722 2445 804 petita
2475 722 2731 805 Episco-

494 861 527 900 ι(
564 841 628 922 pi
648 839 906 904 licentia
948 860 962 903 :
993 843 1150 918 Quia
1181 841 1477 918 diximus,
1515 842 1675 919 quod
1697 841 2031 903 sacerdotes
2060 846 2117 901 et
2150 845 2403 901 rectores
2450 843 2731 903 ecclesia-

492 978 526 1016 «
558 976 695 1019 rum
728 963 983 1037 possunt
1020 957 1297 1036 proferre
1339 955 1701 1019 sententiam
1758 958 2104 1035 interdicti,
2158 960 2521 1035 attendant,
2571 961 2732 1038 quod

494 1093 530 1131 «
563 1078 689 1134 sive
719 1073 1007 1134 mandato
1041 1078 1269 1150 nostro,
1329 1077 1455 1133 sive
1487 1072 1860 1134 authoritate
1877 1077 2129 1153 propria
2167 1077 2525 1137 sententiam
2548 1078 2731 1134 inter·

496 1209 529 1248 «
557 1189 710 1250 dicti
759 1188 1036 1268 proferre
1093 1188 1418 1265 voluerint,
1466 1192 1660 1267 ipsam
1699 1190 1763 1248 in
1829 1190 2074 1267 scriptis
2107 1189 2429 1267 proferant
2472 1194 2537 1249 in
2574 1188 2730 1249 hicne

496 1325 530 1362 «
565 1305 806 1365 modum
843 1322 864 1361 .·
890 1321 1023 1363 cum
1045 1320 1149 1381 eqo
1190 1309 1382 1364 rector
1411 1304 1506 1364 vel
1534 1303 1884 1383 capellanus
1920 1303 2064 1363 talis
2091 1303 2370 1381 ecclesia,
2399 1309 2528 1367 etc.
2563 1324 2593 1362 υ
2630 1303 2731 1367 lta

490 1417 937 1484 Thomassinus
958 1415 1167 1501 (parte
1195 1419 1250 1493 1,
1281 1417 1326 1481 l.
1361 1418 1422 1492 2,
1460 1436 1518 1480 c.
1546 1419 1654 1492 26,
1686 1436 1751 1478 n.
1788 1418 1828 1479 6
1871 1421 2033 1480 tom.
2072 1419 2130 1492 1,
2159 1434 2305 1499 pag.
2338 1419 2493 1493 307,
2528 1414 2728 1482 editio

494 1528 874 1594 Parisiensis
920 1525 1143 1610 1688).
1185 1528 1316 1592 Cur
1366 1527 1815 1593 Nemausensis
1866 1526 2155 1611 synodus
2218 1547 2345 1593 non
2404 1527 2728 1593 dubitavit

493 1644 649 1729 quin
703 1642 968 1727 parochi
1020 1651 1286 1726 possent
1353 1641 1690 1708 interdicti
1740 1662 2002 1726 poenam
2059 1642 2421 1709 decernere
2477 1643 2720 1726 absque

494 1758 760 1841 speciali
790 1758 1232 1823 commissione
1275 1757 1359 1822 ab
1390 1758 1709 1841 Episcopo
1737 1760 2050 1841 accepta?
2076 1759 2203 1841 Qui
2246 1757 2724 1824 Thomassinum

493 1881 748 1938 tantum
794 1873 1051 1956 legerit,
1098 1870 1522 1955 respondebit
1560 1894 1573 1937 :
1611 1875 1762 1957 quia
1793 1872 2093 1956 profecto
2124 1874 2381 1956 putavit
2422 1871 2492 1937 id
2522 1871 2604 1937 ad
2625 1872 2730 1956 jus

494 1989 859 2072 parochiale
893 1990 1254 2071 pertinere.
1300 1990 1461 2054 Toto
1488 1988 1654 2053 coelo
1687 1988 1956 2053 errabit.
1990 1986 2150 2053 Ideo
2178 2006 2413 2070 nempe
2447 2006 2578 2052 non
2609 1987 2731 2052 du-

494 2104 659 2169 bitat
717 2104 823 2168 illa
861 2103 1152 2189 synodus
1192 2102 1277 2168 de
1321 2110 1646 2186 potestate
1699 2109 2031 2167 rectorum
2093 2111 2162 2168 et
2214 2103 2724 2185 capellanorum,

491 2218 924 2286 interdicendi
939 2224 1154 2302 absque
1173 2223 1419 2302 speciali
1440 2225 1847 2283 commissione
1865 2224 2171 2301 Episcopi,
2199 2221 2351 2303 quia
2378 2220 2445 2283 in
2473 2239 2555 2284 eo
2589 2220 2731 2302 ipso

495 2335 766 2399 decreto
817 2343 885 2400 et
931 2336 1116 2401 lineis
1159 2335 1684 2418 praecedentibus
1732 2337 1887 2418 ipsis
1918 2334 2119 2400 dabat
2145 2338 2481 2415 qeneralem
2525 2333 2609 2400 ad
2662 2334 2729 2400 id

496 2451 1027 2516 commissionem.
1087 2452 1182 2515 En
1242 2451 1446 2516 verba
1528 2448 1781 2517 decreti
1845 2469 1861 2514 :
1925 2456 2085 2530 Quia
2127 2454 2536 2533 periculosum
2607 2461 2721 2531 est,

495 2574 756 2630 maxime
785 2569 1059 2649 prcelatis
1105 2574 1162 2629 et
1213 2570 1620 2630 Ecclesiarum
1665 2570 2014 2647 rectoribus,
2064 2573 2131 2631 in
2169 2571 2437 2631 subditos
2482 2575 2729 2652 majoris

492 2688 1122 2745 excommunicationis
1152 2688 1507 2744 sententiam
1531 2685 1920 2764 promulyare
1958 2703 1979 2744 :
2010 2684 2391 2764 prohibemus
2409 2705 2482 2747 ne
2505 2687 2737 2765 aliquis,

486 2803 684 2879 prior,
718 2817 820 2859 seu
846 2805 1061 2875 rector,
1093 2799 1437 2878 capellanus
1479 2799 1737 2878 alicujus
1785 2800 2043 2860 ecclesioe
2071 2802 2491 2862 Nemausensis
2520 2802 2732 2862 dioece-

496 2918 610 2992 sis,
664 2916 922 2993 aliquem
959 2918 1175 2993 majori
1213 2918 1823 2976 excommunicatione
1851 2922 2182 2994 proesumat
2226 2887 2591 2995 'qeneraliter
2636 2918 2731 2978 vel

496 3030 837 3108 specialiter
859 3033 1391 3106 excommunicare,
1419 3034 1659 3090 etiamsi
1693 3031 1882 3090 alicui
1896 3048 2008 3109 per
2032 3031 2272 3091 litteras
2289 3038 2529 3093 nostras
2560 3049 2731 3094 man·

498 3145 705 3205 demus
721 3146 877 3224 quod
899 3147 1156 3225 aliquem
1174 3165 1282 3224 per
1309 3164 1618 3207 censuram
1639 3147 2099 3207 ecclesiasticam
2113 3153 2372 3208 coerceat
2401 3167 2421 3207 .·
2444 3152 2591 3226 quia
2609 3150 2731 3208 tale

501 3261 854 3321 mandatum
890 3258 1042 3344 (cum
1075 3265 1270 3340 ipsum
1305 3262 1635 3340 aliquando
1682 3256 1991 3342 facimus),
2031 3262 2280 3322 extendi
2312 3263 2582 3324 volumus
2605 3268 2734 3325 tan·

505 3376 804 3436 tummodo
830 3376 912 3436 ad
937 3381 1293 3437 sententiam
1329 3378 1680 3438 interdicti:
1710 3395 1890 3454 quam
1911 3381 2267 3439 sententiam
2300 3379 2612 3440 interdicti
2647 3398 2733 3440 re-

501 3496 690 3550 ctores
729 3496 789 3549 et
841 3491 1172 3551 sacerdotes
1217 3491 1597 3550 ecclesiarum
1646 3491 2086 3571 parochialium
2127 3509 2335 3551 curam
2390 3497 2733 3554 animarum

505 3605 783 3666 habentes
807 3606 1080 3684 proferre
1101 3611 1386 3683 poterunt
1410 3609 1774 3667 auctoritate
1793 3623 1924 3680 sua,
1942 3608 2116 3685 justa
2143 3607 2218 3667 de
2247 3624 2450 3685 causa,
2478 3627 2611 3668 cum
2640 3614 2734 3670 vi-

504 3720 709 3780 derint
736 3721 1019 3799 eoepedire
1046 3717 1243 3802 (apud
1265 3717 1508 3793 Labbe.
1532 3726 1583 3782 t.
1612 3721 1715 3795 ll,
1745 3737 1890 3802 pag.
1916 3716 2133 3802 1224).
2157 3721 2269 3784 His
2297 3721 2560 3787 ultimus
2587 3741 2734 3788 ver-

506 3836 608 3900 bis
630 3834 707 3898 fit
743 3834 1014 3900 facultas
1044 3835 1372 3918 generalis
1402 3835 1698 3918 parochis
1737 3833 2174 3901 interdicendi
2209 3844 2569 3900 auctoritate
2595 3858 2728 3911 sua,

505 3950 576 4016 id
607 3958 704 4016 est
728 3951 825 4037 (ut
851 3957 1035 4035 patet
1064 3971 1147 4016 ex
1178 3949 1513 4035 contextu)
1549 3951 1793 4036 absque
1823 3952 2084 4034 speciali
2113 3954 2556 4019 commissione
2587 3955 2738 4037 Epi-

506 4068 684 4151 scopi
724 4087 845 4152 pro
875 4068 1142 4152 siugulis
1173 4069 1447 4144 casibuS,
1491 4076 1561 4133 et
1604 4069 1667 4131 vi
1707 4068 2169 4133 commissionis
2199 4069 2518 4151 generalis
2543 4089 2734 4155 quam

507 4187 859 4270 Episcopus
902 4185 1025 4250 hoc
1053 4187 1192 4269 ipso
1233 4186 1504 4252 decreto
1545 4187 1638 4251 eis
1680 4186 1958 4250 confert.
1990 4187 2073 4250 Et
2111 4185 2260 4251 ideo
2302 4195 2531 4269 postea
2560 4187 2735 4252 idem

509 4302 860 4386 Episcopus
894 4301 1053 4366 dicit
1087 4322 1100 4364 ε
1146 4309 1289 4367 Sive
1326 4308 1688 4366 auctoritate
1713 4309 1992 4384 propria,
2038 4308 2164 4364 sive
2203 4307 2491 4366 mandato
2534 4313 2735 4366 nostro

508 4425 859 4482 sententiam
906 4421 1218 4481 interdicti
1262 4422 1539 4500 proferre
1593 4420 1914 4483 voluerint.
1948 4418 2120 4500 Ergo
2168 4420 2431 4501 agnovit
2469 4418 2734 4505 quidem
