3146 4973
606 364 733 427 496
1274 378 1648 426 rnAcTArus
1709 381 1796 426 m:
1842 379 2166 426 mnocuo.

605 502 840 561 Sanetoe
893 501 1102 561 Mariae
1156 500 1567 579 Maqdalenoe,
1625 500 1801 582 hujus
1853 502 2113 563 eccle-eice
2162 521 2321 562 crux
2368 508 2456 562 est
2503 503 2824 576 elevanda,

605 619 843 676 etiamsi
856 616 1170 693 defunctus
1198 617 1281 677 ad
1298 617 1508 678 Sancti
1526 617 1764 678 Hilarii
1792 621 2118 696 paraeciam
2135 621 2468 697 pertineret
2512 635 2533 677 .·
2571 622 2631 678 et
2665 621 2836 678 vicis-

605 734 719 791 sim
759 735 952 793 crucis
987 731 1240 793 elevatio
1287 737 1566 812 competit
1609 734 1692 794 ad
1738 737 2060 810 paroeciam
2095 735 2308 796 Sancti
2340 733 2596 807 Hilarii,
2636 737 2694 794 si
2733 734 2832 793 de·

603 848 843 923 functus
881 853 945 908 in
981 847 1092 908 hac
1131 849 1374 908 ecclesia
1401 853 1483 909 sit
1515 850 1929 926 tumulandus,
1981 852 2257 928 quamvis
2297 850 2372 910 de
2401 848 2694 929 parochia
2723 850 2836 910 coi·

606 962 842 1041 leqiatae
867 969 1017 1024 esset
1041 983 1060 1023 .·
1083 982 1215 1024 cum
1242 965 1350 1024 sub
1379 982 1501 1025 una
1534 964 1945 1026 tantummodo
1980 982 2150 1024 cruce
2182 964 2438 1025 ecclesioe
2479 965 2837 1025 tumulantis

609 1083 673 1139 in
719 1079 1028 1156 funeribus
1065 1097 1188 1140 esse
1233 1081 1671 1157 procedendum
1711 1081 1946 1159 pluries
1981 1080 2312 1141 decreverit
2347 1081 2538 1142 Sacra
2591 1081 2832 1141 Rittium

606 1195 1032 1272 Conqreqatio;
1064 1199 1422 1273 praesertim,
1451 1197 1518 1256 in
1552 1195 1927 1272 Meiphitana
1964 1193 2045 1257 12
2069 1195 2225 1274 julii
2264 1195 2456 1272 1628,
2483 1200 2550 1257 in
2585 1197 2838 1257 Lucensi

614 1308 693 1370 15
740 1311 889 1368 maii
931 1308 1125 1385 1694,
1168 1313 1233 1370 in
1283 1309 1612 1371 Melvitana
1650 1313 1892 1389 jurium
1937 1309 2364 1389 parochialiem
2419 1310 2498 1372 27
2544 1309 2838 1387 februarii

615 1423 804 1500 1723,
836 1430 894 1484 et
927 1421 1183 1506 (omissis
1211 1419 1375 1504 aliis)
1401 1428 1723 1485 novissime
1753 1429 1819 1486 in
1857 1425 2134 1486 Aletrina
2163 1424 2203 1487 6
2239 1428 2390 1486 maii
2430 1424 2624 1488 1826.

694 1539 759 1601 6.
795 1537 961 1601 item
994 1534 1436 1601 si'defunctus
1477 1537 1702 1601 nonin
1739 1556 1854 1601 sua
1895 1518 2242 1620 parochiali
2291 1536 2585 1613 ecclesia,
2622 1536 2739 1602 sed
2771 1537 2834 1600 iu

612 1651 881 1716 ecclesia
935 1651 1328 1734 regularium
1376 1651 1793 1735 sepeliendus
1833 1654 1945 1731 sit,
1985 1653 2278 1718 ecclesiae
2318 1652 2672 1735 regulariS,
2707 1670 2837 1717 non

608 1765 925 1849 parochiae
971 1785 1133 1832 crux
1169 1765 1540 1833 adhibenda
1578 1776 1701 1833 est.
1754 1769 2059 1852 Sequitur
2101 1787 2183 1834 ex
2225 1768 2553 1851 praemisso
2585 1767 2830 1851 regula,

611 1879 1098 1964 procedendum
1165 1901 1398 1966 nempe
1443 1901 1584 1949 esse
1641 1887 1749 1947 sub
1799 1904 1968 1946 cruce
2023 1886 2284 1947 ecclesia·
2339 1886 2728 1962 mandantis,-
2770 1889 2840 1946 et

608 2004 926 2080 praeterea
947 1998 1239 2064 decisum
1272 2006 1374 2064 est
1402 2000 1467 2063 in
1488 2005 1898 2065 camerinensi
1931 2002 2011 2067 19
2033 2000 2424 2084 septembris
2453 2002 2621 2065 1750
2645 1997 2841 2083 (apud

610 2112 985 2190 Gardellini,
1028 2133 1094 2178 n.
1137 2111 1364 2197 4061).
1398 2114 1963 2181 Contendentibus
1995 2134 2228 2199 nempe
2269 2116 2838 2179 Franciscanorum

610 2237 935 2294 conventu
959 2236 1027 2294 ct
1056 2229 1336 2311 parocho
1358 2227 1695 2315 cujusdam
1727 2228 1973 2314 oppidi,
2011 2230 2264 2296 Ploraci
2290 2230 2671 2312 nuncupati,
2701 2245 2842 2311 pro-

611 2344 891 2425 positum
927 2352 1027 2409 est
1068 2342 1373 2424 dubium,
1434 2353 1523 2410 An
1570 2348 1866 2428 plebanus
1922 2349 2130 2427 oppidi
2181 2348 2447 2424 Ploraci,
2493 2345 2841 2408 associando

609 2462 907 2525 cadavera
941 2463 1278 2544 sepelienda
1301 2467 1367 2526 in
1393 2464 1637 2526 ecclesia
1674 2465 1885 2527 Sancti
1913 2464 2221 2527 Francisci
2251 2465 2509 2526 Patrum
2547 2466 2842 2525 minorum

609 2580 1111 2654 conventualium,
1167 2586 1439 2642 teneatur
1479 2581 1747 2642 incedere
1787 2582 1894 2641 sub
1947 2581 2192 2641 illorum
2237 2598 2443 2657 cruce,
2497 2598 2600 2641 seu
2640 2581 2844 2658 potius

613 2696 811 2757 valeat
850 2699 1160 2775 propriam
1192 2713 1424 2756 crucem
1454 2697 1720 2757 elevare?
1758 2696 1839 2759 Et
1879 2694 2072 2759 Sacra
2112 2693 2541 2778 Congregatio
2584 2710 2844 2775 respou-

613 2807 732 2886 dit,
774 2809 1138 2888 affirmative
1174 2811 1256 2871 acl
1288 2815 1555 2890 primam
1587 2817 1847 2890 partem,
1879 2817 1939 2872 et
1971 2814 2248 2890 neyative
2285 2812 2368 2873 acl
2413 2811 2751 2872 secundam.

701 2924 887 3001 Hinc,
925 2924 1047 2989 etsi
1091 2923 1243 2988 olim
1290 2924 1694 3009 disputatum
1734 2925 1956 3002 fuerit,
1995 2945 2092 2990 en·
2116 2926 2318 3008 possit
2347 2925 2670 3008 parochus
2717 2943 2844 2985 cum

610 3060 719 3103 sua
759 3059 928 3101 cruce
966 3038 1222 3123 ingredi
1260 3041 1657 3124 regularium
1709 3040 2044 3106 ecclesiam
2067 3088 2081 3115 ,
2129 3039 2191 3103 in
2238 3058 2364 3123 qua
2400 3035 2846 3123 sepeliendum

614 3162 713 3219 est
769 3172 1027 3237 corpm,
1078 3154 1465 3239 jamdudum
1513 3156 1651 3221 haec
1687 3154 2032 3221 difficultas
2076 3156 2372 3237 evanuit3
2415 3153 2734 3239 siquidem
2763 3172 2844 3219 ex

612 3286 741 3351 quo
765 3267 1056 3335 decisum
1101 3268 1227 3335 fuit
1262 3271 1536 3348 unicam,
1575 3278 1643 3336 et
1674 3270 1943 3355 quidem
1983 3269 2271 3335 ecclesiae
2319 3270 2719 3344 tumulantur,
2755 3269 2848 3330 in-

613 3387 940 3450 tervenire
976 3402 1162 3468 posse
1200 3403 1483 3464 crucem,
1539 3386 1704 3452 falso
1756 3392 2240 3470 supponeretur
2281 3384 2635 3468 parochum
2666 3400 2843 3447 suam

618 3498 886 3564 habere.

1673 3750 1781 3811 IV.

1049 3971 1146 4020 Jue
1166 3969 1388 4033 parochi
1409 3970 1586 4034 quoad
1609 3969 2010 4033 pra’cedcntiam
2029 3970 2086 4019 in
2112 3966 2400 4031 funeribus.

706 4193 936 4274 Quoad
967 4192 1467 4277 praecedentiam
1498 4195 1785 4275 parochi,
1818 4195 1979 4261 stola
2017 4193 2226 4259 induti
2262 4200 2332 4260 et
2369 4193 2567 4259 funus
2603 4193 2855 4260 duceu-

614 4312 717 4383 tis,
746 4309 906 4385 hoec,
945 4328 1027 4373 ex
1060 4309 1252 4373 variis
1291 4307 1495 4372 Sacrae
1528 4308 2053 4394 Congregationis
2084 4309 2351 4376 Rituum
2380 4308 2843 4385 decisionibus,

618 4421 902 4488 tenenda
935 4428 1084 4485 sunt
1121 4443 1134 4484 z
