3146 4973
1193 355 1352 404 mus
1392 355 1661 415 omnm.
2431 341 2552 403 577

335 499 537 547 annos
574 480 983 548 discretionis
1011 484 1497 563 pervenerunt3
1535 496 1682 543 cum
1711 485 1782 542 et
1812 476 1878 541 hi
1914 476 2229 559 paschalis
2275 494 2561 542 commu-

335 598 543 662 nionis
571 604 900 681 proecepto
933 595 1441 677 obstringuntur,
1477 595 1566 658 sic
1598 592 1949 659 definiente
1986 593 2257 658 concilio
2291 591 2563 659 Triden-

336 719 477 786 tino
512 718 692 803 (seSS.
745 721 846 795 13,
883 736 1129 783 canone
1159 714 1265 802 9):
1323 720 1394 781 Si
1428 723 1562 797 quis
1596 721 1907 798 neqaverit
1950 735 2150 779 omncs
2195 724 2255 779 et
2295 717 2563 796 sinqulos

339 834 572 897 Christi
603 833 813 910 fideles
832 838 1143 914 utriusque
1184 851 1387 911 eme,
1425 850 1558 894 cutm
1594 835 1678 894 ad
1719 851 1910 894 annos
1939 834 2318 894 discretionis
2351 849 2564 912 perve-

338 956 562 1025 nerint,
603 955 792 1012 teneri
818 950 1078 1029 sinqulis
1111 955 1314 1027 annis,
1342 950 1556 1011 saltem
1582 954 1651 1010 in
1671 949 1979 1029 paschate,
2009 950 2093 1011 ad
2128 953 2569 1012 communican-

341 1068 517 1141 dum,
557 1070 752 1148 juoeta
793 1073 1151 1146 pracceptum
1199 1071 1421 1126 sanctoe
1473 1069 1693 1126 nmtris
1738 1065 2046 1143 Ecclesioe,
2090 1064 2409 1126 anathema
2454 1068 2559 1126 sit.

343 1180 617 1260 Quinam
667 1187 886 1245 autem
935 1181 1062 1245 sint
1110 1177 1521 1245 discretionis
1583 1180 1733 1243 unni
1753 1226 1771 1255 ,
1830 1179 2055 1262 nequit
2113 1186 2294 1243 certa
2351 1177 2568 1262 quoad

344 1314 567 1361 omues
595 1296 819 1379 regula
845 1294 1304 1379 determinari3
1343 1314 1490 1360 cum
1540 1295 1647 1359 alii
1686 1294 1958 1372 tardius,
1999 1294 2193 1359 citius
2232 1294 2342 1359 alii
2384 1296 2569 1376 pueri

344 1409 429 1476 ad
460 1410 964 1476 intellectualem
993 1411 1166 1476 illam
1207 1412 1645 1496 evolutione-m
1678 1411 2085 1493 perveniunt.
2126 1411 2327 1475 Nimis
2354 1409 2567 1476 laxam

343 1527 712 1609 opinionem
749 1532 1013 1609 reputat
1039 1524 1344 1592 Giraldus
1373 1499 1830 1611 (Addiiamenta
1865 1528 1948 1588 acl
1982 1527 2338 1606 Bar-bosom,
2364 1529 2441 1588 dc
2470 1530 2574 1607 Of·

346 1643 486 1720 ficio
509 1645 781 1725 parochi,
825 1662 885 1708 e.
924 1645 1033 1721 20,
1060 1663 1125 1707 n.
1172 1640 1299 1727 18),
1336 1661 1462 1728 qua
1502 1644 1709 1727 prima
1737 1642 2104 1708 communio
2136 1641 2220 1707 ad
2244 1641 2573 1708 decimum

348 1764 650 1842 quartum
696 1777 935 1825 aunum
977 1777 1099 1842 pro
1141 1757 1457 1835 masculis,
1495 1756 1580 1823 ad
1629 1756 2095 1823 duodecimum
2134 1773 2257 1840 pro
2310 1757 2567 1841 puellis,

350 1873 637 1956 generali
693 1872 897 1939 veluti
967 1875 1114 1958 lege
1169 1874 1703 1958 protraheretnr3
1742 1891 1889 1938 cum
1943 1872 2135 1955 louge
2188 1881 2340 1938 ante
2398 1871 2574 1938 illam

349 1991 607 2049 aetntem
636 1984 863 2051 multis
893 1986 1111 2068 pueris
1142 1993 1211 2051 et
1239 1985 1476 2071 puellis
1502 2004 1635 2050 non
1667 1981 1838 2049 desit
1866 1983 2188 2050 sufficiens
2214 1984 2578 2068 intelligen-
2606 2025 2612 2032 -

349 2099 442 2164 tia
477 2098 562 2165 ad
607 2108 790 2165 recte
836 2101 1305 2179 aestimandum,
1341 2111 1483 2168 tum
1517 2105 1871 2187 ipsummet
1903 2111 2400 2181 sacramentum,
2436 2110 2577 2168 tum

349 2216 693 2300 requisitas
732 2218 798 2280 in
845 2237 924 2284 eo
971 2217 1348 2302 recipiendo
1385 2218 1579 2283 animi
1622 2216 2092 2302 dispositiones.
2139 2218 2580 2284 Communiter

352 2331 568 2397 evolvi
596 2332 768 2397 hunc
811 2334 1245 2399 necessarium
1288 2334 1553 2399 rationis
1593 2351 1783 2399 usum
1812 2335 1983 2398 intra
2012 2332 2339 2398 decimum
2368 2339 2439 2397 et
2464 2332 2583 2398 de·

352 2446 586 2512 cimum
621 2456 926 2533 quartum
957 2467 1224 2528 aunum,
1254 2456 1438 2517 notat
1458 2449 1810 2527 SuuresiuS,
1838 2456 1909 2515 et
1936 2456 2037 2515 est
2063 2449 2459 2533 generaliter
2482 2466 2582 2515 re·

352 2572 541 2647 cepta
567 2567 804 2647 opinio.
827 2567 904 2631 In
934 2566 1430 2633 determinando
1457 2575 1702 2644 autem,
1736 2565 1907 2632 intra
1932 2567 2055 2631 hoc
2088 2567 2390 2650 spatium,
2422 2566 2583 2631 inci-

351 2679 592 2762 pientis
614 2679 1018 2764 obligationis
1042 2688 1365 2765 tempore,
1391 2701 1520 2747 non
1556 2700 1687 2746 una
1714 2688 1815 2747 est
1851 2680 2200 2747 doctorum
2233 2683 2574 2748 sententia,

446 2803 517 2859 7·
554 2818 586 2857 α
625 2798 892 2875 Verum,
928 2799 1052 2863 etsi
1082 2798 1387 2865 doctores
1417 2800 1509 2863 ita
1547 2800 1721 2864 inter
1755 2817 1825 2864 se
1860 2797 2268 2875 dissentiant,
2310 2797 2453 2864 fere
2490 2805 2585 2864 ta-

361 2932 396 2970 «
433 2929 582 2975 meu
627 2912 1061 2978 communiter
1091 2911 1405 2990 fatentur,
1431 2920 1681 2977 tantam
1718 2928 1850 2977 non
1883 2910 2248 2978 desiderari
2289 2920 2572 2991 oetntem,

361 3046 396 3085 α
435 3030 511 3089 ut
546 3025 689 3109 quis
731 3027 797 3090 in
848 3027 1074 3092 mortis
1114 3027 1387 3092 articulo
1423 3035 1493 3092 et
1541 3027 1746 3110 possit
1784 3033 1854 3091 et
1896 3025 2139 3092 debeat
2184 3028 2583 3092 sanctissimo

360 3165 395 3204 α
441 3143 671 3208 viatico
715 3145 991 3227 muniri;
1042 3145 1329 3229 quinimo
1377 3141 1680 3209 laudatus
1716 3143 1959 3209 Suarez
2000 3158 2311 3225 expresse
2353 3143 2572 3224 docet,

359 3282 394 3320 ι
430 3259 731 3325 omnibus
758 3262 868 3345 qui
898 3266 1051 3325 sunt
1081 3259 1214 3326 doli
1241 3276 1530 3344 capoceS,
1557 3258 1784 3342 positis
1808 3258 1874 3321 in
1901 3258 2052 3323 vitae
2081 3256 2474 3337 discrimine,
2505 3260 2585 3325 il-

363 3396 398 3435 «
430 3374 546 3439 lud
582 3394 726 3441 esse
754 3392 836 3441 ex
866 3374 1089 3440 divino
1128 3382 1456 3458 proecepto
1493 3369 1956 3458 porrigendum
1986 3391 2000 3435 ε
2039 3373 2306 3438 citatam
2338 3374 2583 3458 quippe

361 3510 396 3549 α
438 3491 793 3556 sectionem
818 3492 1018 3576 (tomo
1043 3494 1106 3568 3,
1137 3491 1202 3554 in
1220 3490 1483 3555 tertiam
1505 3496 1781 3573 partem,
1814 3494 2042 3572 quaest.
2068 3491 2178 3566 80,
2204 3487 2447 3572 disput.
2469 3491 2576 3567 70,

363 3626 398 3665 α
431 3612 593 3670 sect.
625 3603 684 3687 l)
717 3605 785 3669 in
816 3604 987 3671 hunc
1016 3603 1282 3670 modum
1319 3604 1599 3702 absolvit
1631 3622 1647 3666 t
1688 3606 1913 3668 Alvero
1942 3606 2018 3666 de
2051 3610 2458 3667 communione
2485 3606 2585 3684 fa-

366 3740 399 3780 a
434 3722 646 3783 cienda
681 3724 748 3784 in
774 3724 1034 3786 articulo
1062 3728 1278 3785 mortis
1305 3741 1427 3786 non
1460 3729 1550 3783 est
1578 3723 1787 3785 cadem
1824 3724 2068 3784 ratio...
2103 3722 2272 3783 Unde
2301 3726 2585 3784 existimo

361 3857 396 3896 α
428 3842 496 3899 in
539 3838 650 3899 illo
690 3840 947 3899 articulo
990 3840 1256 3902 dandam
1304 3856 1428 3901 esse
1474 3840 1941 3900 communionem
1979 3841 2320 3916 evaeumque
2354 3836 2587 3901 homini

361 3973 395 4013 α
431 3952 677 4017 habenti
702 3970 878 4015 usum
906 3959 1164 4018 rationis
1198 3957 1282 4019 ad
1300 3954 1695 4036 peccandum,
1723 3959 1783 4015 et
1807 3970 2078 4034 capacem
2107 3953 2493 4030 consensimus
2525 3959 2587 4014 ee

364 4088 398 4130 α
430 4074 1061 4134 extremm-unctionis.
1096 4073 1270 4151 Quod
1297 4073 1615 4136 Navames
1642 4071 1881 4150 quidem
1910 4071 2139 4148 fatetur
2163 4086 2288 4131 esse
2315 4070 2589 4133 omnibus

366 4202 400 4247 α
435 4188 856 4253 consulendum
900 4207 920 4249 :
976 4207 1080 4269 eqo
1133 4207 1272 4251 vero
1323 4191 1607 4250 existimo
1651 4205 1775 4249 esse
1819 4187 2239 4267 obuyationem
2253 4232 2275 4265 ,
2326 4192 2451 4249 tam
2508 4202 2589 4247 ea>

367 4320 402 4363 α
430 4308 610 4385 parte
643 4308 976 4386 petatium
1019 4320 1197 4386 quam
1236 4306 1736 4386 dispensantium.
1769 4322 1803 4364 n
1852 4298 2265 4387 (Benedictus
2310 4299 2480 4375 XIV,
2512 4303 2593 4362 de

360 4422 511 4501 Syn.
547 4420 748 4498 dioec„
781 4420 829 4485 l.
870 4428 933 4498 7,
977 4438 1033 4485 c.
1082 4422 1187 4497 12,
1223 4439 1290 4483 n.
1328 4418 1421 4503 3.)
2012 4424 2023 4433 '
2580 4448 2587 4459 ·

2283 4527 2351 4585 ³7
