3146 4973
1190 370 1348 420 ruis
1392 373 1711 423 sncunna.
2438 364 2554 426 261

332 500 653 582 adjutricis
698 504 758 560 et
799 497 1099 578 capellani
1150 501 1218 559 in
1260 515 1331 558 ea
1368 500 1689 562 residentis
1740 520 1854 583 pro
1898 504 2102 583 aliqum
2151 507 2569 586 impedimento

334 621 709 696 temporaneo
744 618 805 674 et
853 613 1238 675 accidentali.
1282 611 1365 676 Et
1399 610 1603 678 simile
1657 613 1818 700 quid
1847 618 2138 701 reperies
2175 618 2241 682 in
2271 617 2566 704 ejusdem

332 730 617 796 auctoris
637 726 1159 795 annotationibus
1181 724 1268 792 ad
1285 728 1630 794 concilium
1647 729 2096 799 'tridentinum
2113 732 2431 820 (discursu
2461 738 2562 818 16,

331 865 399 915 n.
438 842 530 928 2).
566 841 759 910 Unde
805 860 1043 908 revera
1077 839 1271 907 valde
1311 843 1534 926 vigere
1573 844 1752 928 apud
1800 846 2108 915 doctores
2153 848 2394 916 dictam
2432 851 2569 933 opi-

330 960 588 1026 nionem
622 955 966 1023 fatendum
996 964 1124 1023 est.

419 1076 489 1139 2⁰
518 1072 766 1139 Validis
804 1079 1022 1139 tamen
1056 1071 1416 1138 rationibus
1446 1078 1864 1167 propugnari·
1885 1096 2074 1162 posse
2104 1075 2381 1147 ’videtur
2422 1100 2573 1147 con-

327 1189 529 1255 traria
565 1187 908 1265 conclusio,
971 1185 1149 1272 qnod
1195 1205 1431 1271 nempe
1472 1188 1541 1253 in
1573 1188 1752 1256 dicto
1789 1211 1941 1257 casu
1974 1195 2180 1277 possit
2213 1196 2569 1280 Episcopus

327 1303 411 1371 ad
436 1302 1079 1369 dismembrationem
1116 1301 1505 1385 procedere.
1546 1303 1627 1370 Id
1664 1305 1837 1371 enim
1866 1308 2173 1374 concludi
2202 1317 2442 1393 potest,

417 1422 659 1498 Pluuo,
694 1441 772 1484 ex
800 1426 929 1502 ipso
954 1422 1103 1502 ἱεράς
1139 1427 1337 1483 textu.
1366 1456 1457 1467 —
1478 1421 1638 1487 Nam
1663 1421 2027 1489 Tridentini
2051 1431 2273 1510 patres
2299 1425 2464 1512 (cap.
2497 1431 2559 1506 4,

326 1537 605 1603 sessione
632 1535 741 1620 21)
770 1553 1077 1619 expresse
1108 1533 1511 1616 decernunt,
1548 1545 1626 1601 ut
1655 1537 1955 1622 Episcopi
1983 1560 2168 1603 novas
2195 1543 2517 1623 parochias
2537 1593 2557 1623 ,

326 1660 509 1719 etiam
538 1658 752 1717 invitis
782 1655 1131 1732 rectoribus,
1158 1660 1518 1716 constituere
1538 1660 1802 1736 possint,
1834 1656 1899 1720 in
1925 1656 2003 1721 iis
2026 1657 2208 1735 lociS,
2235 1658 2303 1723 in
2332 1658 2567 1743 quibus

328 1774 401 1835 ob
444 1774 704 1834 locorum
739 1773 1100 1833 distantiam
1148 1790 1251 1832 seu
1289 1770 1738 1850 difficultatem,
1782 1774 2139 1853 parochiam·
2184 1780 2313 1839 sine
2351 1796 2566 1857 magno

325 1889 689 1952 incommodo
718 1888 802 1949 acl
832 1888 1227 1967 percipienda
1272 1895 1648 1950 sacramenta
1676 1894 1736 1949 et
1774 1891 1988 1952 divina
2016 1891 2216 1969 officia
2258 1894 2564 1956 audienda

322 2006 595 2068 accedere
637 2023 757 2067 non
796 2008 1074 2084 possunt.
1125 2000 1224 2067 lbi
1275 2009 1495 2067 autem
1552 2021 1961 2088 nequaquam
2009 2007 2274 2088 ponitur
2324 2008 2434 2073 illa
2457 2027 2564 2072 re-

323 2118 598 2197 strictio,
624 2120 798 2181 modo
824 2136 945 2180 non
966 2118 1133 2179 adsit
1164 2118 1340 2180 aliud
1364 2120 1624 2181 medium
1656 2122 2006 2182 occurrendi
2032 2124 2426 2199 incommodo,·
2447 2121 2562 2188 sed

323 2235 619 2302 absolute
650 2242 721 2300 et
739 2251 1047 2318 expresse
1079 2232 1393 2298 tribuitur
1408 2233 1744 2317 Episcopis
1773 2233 1952 2300 dicta
1976 2242 2287 2319 potestas,
2319 2237 2384 2301 in
2407 2257 2561 2303 casu

323 2356 530 2434 maqni
556 2352 914 2413 incommodi
943 2369 1023 2411 ea:
1053 2351 1352 2413 distantia
1389 2351 1485 2412 vel
1524 2351 1654 2412 alia
1687 2350 2066 2429 difficultate.
2119 2352 2289 2434 Ergo
2325 2370 2560 2417 revera

322 2465 484 2532 hanc
522 2469 917 2551 potestatem
949 2462 1193 2531 habent
1238 2463 1543 2547 Episcopi
1570 2462 1820 2549 absque
1850 2473 2172 2550 praetensa
2204 2468 2557 2535 restrictio-

322 2603 426 2648 ne.
474 2582 647 2665 Ergo
684 2580 804 2646 ubi
838 2579 1036 2646 datur
1063 2599 1253 2645 casus
1282 2582 1497 2663 magni
1527 2580 1920 2648 incommodi
1964 2601 2048 2647 ex
2104 2580 2414 2650 distantia
2453 2585 2557 2650 vel

322 2698 448 2763 alia
491 2695 894 2771 difficultate,
938 2692 1090 2761 licet
1122 2703 1344 2779 posset
1371 2695 1622 2761 consuli
1649 2696 1800 2762 huic
1836 2697 2248 2763 incommodo
2279 2716 2402 2782 per
2438 2697 2556 2764 de-

321 2814 725 2898 putationem
752 2812 970 2876 vicarii
990 2811 1100 2878 vel
1125 2810 1523 2897 coadjutoris
1548 2811 1616 2875 in
1643 2811 1786 2879 loco
1809 2813 2002 2878 nimis
2027 2813 2251 2880 dissito
2280 2832 2557 2879 commo-

321 2929 545 3007 rantis,
585 2935 655 2993 et
682 2927 772 2992 ibi
798 2945 983 2991 sacra
1012 2926 1454 3004 ministrantis,
1482 2946 1614 2993 non
1645 2935 1864 2995 tamen
1889 2928 2160 3013 obligari
2190 2927 2558 2995 censendus

321 3054 423 3112 est
448 3044 803 3128 Episcopus
820 3041 905 3108 ad
926 3043 1047 3110 hoc
1074 3040 1440 3109 remedium
1459 3041 1929 3128 adhibendum;
1960 3043 2078 3111 sed
2089 3052 2306 3128 potest
2329 3047 2547 3124 etiam,

321 3162 373 3225 si
412 3160 590 3238 velit,
626 3157 713 3224 ad
756 3157 1393 3224 dismembrationem
1445 3165 1516 3223 et
1558 3176 1744 3222 novae
1783 3159 2103 3242 parocbiae
2151 3160 2548 3226 erectionem

319 3284 478 3343 tunc
508 3273 893 3361 procedere.
943 3271 1077 3340 Nec
1127 3271 1439 3339 videntur
1487 3273 1825 3339 contrariae
1857 3274 2173 3357 opinionis
2202 3275 2548 3340 canonistas

322 3393 453 3459 ulla
480 3393 633 3457 satis
662 3390 868 3456 solida
904 3391 1154 3456 ratione
1189 3388 1488 3476 ‚fundari,
1532 3388 1617 3455 ad
1655 3387 2023 3473 ponendam
2072 3390 2549 3457 restrictionem

320 3526 515 3594 quam
538 3509 651 3574 lex
688 3527 817 3576 non
840 3508 1086 3591 posuit.

405 3628 745 3701 Sanusne,
787 3643 866 3685 ex
910 3630 1135 3686 natura
1182 3628 1315 3704 ipsa
1359 3629 1678 3704 praetensoe
1723 3627 2160 3702 restrictionis,
2207 3639 2350 3708 quae
2402 3621 2546 3690 fere

314 3744 505 3810 inane
544 3738 865 3806 redderet
907 3738 1358 3805 'tridentinum
1402 3736 1769 3804 decretum.
1813 3774 1904 3786 -—
1944 3740 2104 3804 Nam
2152 3738 2205 3804 si
2258 3746 2548 3824 nequeat

314 3857 669 3941 Episcopus
710 3872 944 3921 novam
1002 3852 1392 3937 parochiam,
1427 3850 1891 3918 dismembrata
1931 3854 2215 3939 antiqua,
2259 3854 2538 3938 erigere,

314 3973 440 4038 nisi
469 3972 537 4036 in
573 3988 748 4049 casu,
792 3989 923 4059 quo
954 3970 1110 4036 satis
1142 3967 1393 4034 consuli
1428 3986 1558 4033 non
1589 3974 1812 4051 posset
1849 3969 2251 4052 parochianis
2276 3970 2546 4036 nimium

313 4087 727 4166 distantibus,
760 4106 882 4172 per
907 4086 1266 4172 cappellam
1290 4091 1360 4151 et
1388 4085 1709 4151 vicarium
1742 4083 1920 4168 apud
1947 4086 2119 4170 ipsos
2145 4105 2547 4152 commoran-

310 4211 447 4272 tem
463 4252 479 4282 ,
537 4206 647 4272 vix
705 4203 972 4270 videtur
1032 4201 1445 4288 quandonam
1511 4199 2072 4268 dismembrationi
2138 4203 2320 4268 locus
2396 4221 2540 4269 esse

314 4322 545 4408 possit.
587 4319 713 4385 Ubi
755 4319 931 4386 enim
967 4318 1273 4385 constitui
1327 4325 1547 4402 posset
1588 4315 1970 4401 parochialis
2005 4317 2300 4396 ecclesia,
2337 4337 2375 4382 a
2407 4317 2542 4386 for-

312 4439 468 4505 tiori
492 4445 560 4504 et
591 4437 839 4504 facilius
875 4436 1180 4503 constitui
1216 4436 1461 4520 poterit
1488 4435 1758 4520 simplex
1800 4434 2134 4520 cappella3
2169 4441 2238 4501 et
2277 4434 2391 4500 ubi
2423 4433 2537 4501 de-
