3146 4973
1243 387 1406 437 rans
1449 386 1678 436 emm.
2457 370 2581 439 169

346 538 383 579 α
417 517 682 582 ciuntur
699 534 828 582 non
854 521 1006 580 sunt
1037 510 1417 599 simpliciter
1438 512 1713 597 praelati,
1746 511 1868 579 sed
1893 514 2073 599 quasi
2095 512 2579 601 coadjutores.»

345 630 593 717 (Suppl.
634 630 718 696 ad
747 633 786 697 3
829 634 1028 713 part..
1072 648 1138 715 q.
1168 631 1279 707 26,
1311 634 1437 693 art.
1477 625 1567 711 1.)
1608 626 1849 695 Eadem
1881 636 1984 694 est
2023 629 2440 697 celeberrimi
2467 632 2584 699 Fa·

341 746 534 832 'gnani
573 745 876 811 doctrina
914 766 929 812 ε
972 768 1008 807 σε
1036 745 1274 812 stricte
1299 741 1390 811 illi
1422 750 1679 810 tantum
1709 742 2022 810 dicuntur
2050 746 2304 830 praelati
2331 748 2444 833 qui
2471 747 2585 813 ha·

347 885 383 923 a
416 862 578 929 bent
606 860 1122 948 jurisdictionem
1175 861 1458 947 aliquam
1517 859 1645 926 fori
1696 861 2102 927 contentiosi.
2152 883 2189 923 ι»
2221 861 2342 946 (Ad
2387 870 2587 947 caput

343 979 512 1043 Cum’
541 980 619 1042 ab
652 980 1056 1057 ecclesiarum,
1094 980 1171 1042 de
1204 977 1420 1058 Officio
1445 974 1802 1060 ordinarii.)
1836 978 2048 1043 Porro
2074 979 2142 1043 in
2186 976 2400 1063 capite
2433 982 2586 1044 Cum

341 1098 419 1159 ab
450 1097 857 1172 ecclesiam,
903 1091 1081 1178 quod
1117 1092 1211 1158 ibi
1241 1093 1553 1178 explanat
1615 1095 1977 1176 Fagnanus‚
2031 1094 2249 1178 agitur
2294 1092 2380 1159 de
2428 1111 2586 1180 quo-

343 1210 496 1277 dam
532 1210 813 1295 plebano
851 1211 1058 1276 sancti
1093 1209 1170 1275 P.
1188 1260 1203 1276 .
1218 1259 1232 1273 .
1245 1256 1261 1288 ‚
1291 1210 1404 1295 qui
1445 1207 1731 1276 habebat
1765 1206 2285 1294 jurisdictionem
2315 1217 2585 1275 conten-

341 1327 595 1393 tiosam.
641 1326 738 1392 Ex
771 1344 903 1411 quo
931 1325 1297 1410 potuissent
1326 1325 1573 1390 incauti
1612 1324 2004 1391 concludere
2023 1373 2040 1404 ,
2074 1325 2341 1410 proprie
2377 1325 2585 1393 dictos

343 1442 648 1526 praelatos
675 1460 816 1508 esse
842 1440 1158 1526 plebanos
1186 1458 1303 1506 seu
1333 1440 1677 1524 parochos.
1720 1439 1820 1507 Ad
1847 1458 2044 1525 quom
2077 1439 2579 1525 praecavendum

341 1576 636 1625 errorem
676 1557 786 1636 sic,
824 1556 969 1624 loco
1006 1557 1229 1635 citat0,
1269 1554 1534 1623 disserit
1571 1556 1912 1640 Fagnanus
1949 1577 1965 1622 ε
2008 1578 2043 1619 α
2063 1555 2193 1623 Sed
2226 1564 2305 1622 tu
2354 1555 2585 1623 adver-

346 1697 382 1736 «
416 1682 484 1741 te
501 1722 517 1754 ‚
573 1674 724 1760 quia
775 1674 898 1739 iste
940 1672 1265 1757 plebanus
1307 1673 1512 1738 sancti
1554 1674 1693 1738 P...
1737 1671 2025 1739 habebat
2055 1671 2577 1759 jurisdictionem

344 1813 382 1853 α
412 1790 880 1857 contentiosam
937 1788 1023 1854 de
1062 1789 1213 1875 jure
1268 1788 1554 1872 speciali,
1596 1788 1910 1855 videlicet
1948 1808 2030 1855 ex
2081 1790 2420 1875 privilegio
2471 1791 2582 1856 vel

345 1928 383 1969 ot
424 1907 952 1992 praescriptione3
1002 1909 1071 1970 et
1103 1902 1259 1971 ideo
1300 1911 1564 1987 poterat
1602 1905 2165 1971 excommunicare
2204 1913 2277 1971 et
2309 1905 2589 1972 interdi-

346 2044 384 2085 α
426 2042 602 2089 cere.
643 2020 724 2087 At
756 2040 944 2088 secus
972 2028 1076 2086 est
1103 2020 1190 2087 de
1221 2020 1372 2105 jure
1416 2021 1783 2105 communi3
1832 2019 1983 2106 quia
2015 2020 2277 2104 plebani
2305 2027 2374 2086 et
2401 2038 2584 2104 pres-

347 2160 384 2201 «
418 2139 639 2224 hyteri
689 2136 1107 2221 parochiales,
1162 2136 1457 2221 quamvis
1510 2135 1795 2203 habeant
1832 2154 2055 2203 curam
2096 2144 2168 2202 et
2201 2135 2589 2222 jurisdictio-

348 2276 384 2316 «
424 2271 573 2320 nem
602 2252 996 2319 ordinariam
1027 2251 1155 2317 fori
1190 2252 1673 2336 poenitentialis,
1708 2258 1843 2316 tam
1876 2251 1946 2315 in
1981 2252 2255 2320 clericos
2289 2270 2484 2337 quam
2515 2252 2585 2317 iu

348 2393 384 2430 α
416 2369 614 2435 laicos
647 2368 1015 2434 habitantes
1040 2369 1333 2453 ipsorum
1367 2366 1760 2452 parochiam,
1806 2375 2032 2432 tamen
2066 2367 2310 2434 nullam
2342 2366 2587 2433 habent

347 2509 383 2550 α
410 2483 926 2572 jurisdictionem
967 2482 1096 2550 fori
1134 2483 1550 2568 contentiosi;
1604 2491 1674 2550 et
1721 2481 1873 2552 ideo
1909 2490 2306 2568 potestatem
2330 2501 2460 2549 nou
2480 2483 2589 2550 ha·

348 2621 383 2661 «
416 2598 580 2666 bent
632 2596 1234 2666 excommunicandi
1283 2614 1408 2662 nec
1455 2597 1525 2661 in
1564 2616 1808 2681 genere
1859 2615 1983 2663 nec
2020 2599 2089 2662 in
2144 2597 2386 2682 specie.
2453 2597 2589 2663 Nec

348 2737 386 2778 ι(
419 2714 672 2800 praelati
711 2713 978 2799 proprie
1019 2713 1332 2799 appellari
1380 2719 1652 2797 possunt
1687 2734 1702 2779 :
1736 2731 1882 2779 nam
1925 2715 2152 2779 stricte
2195 2713 2292 2780 illi
2332 2719 2588 2779 tantum

349 2855 385 2895 a
422 2829 729 2897 dicuntur
775 2830 1029 2914 praelati
1078 2829 1195 2916 qui
1246 2828 1492 2898 habent
1532 2827 2055 2915 jurisdictionem
2110 2829 2391 2915 aliquam
2457 2828 2586 2896 fori

349 2969 386 3010 α
417 2947 823 3015 contentiosi.
884 2948 968 3013 Et
1009 2952 1362 3033 propterea
1405 2947 1657 3030 praelati
1705 2966 1744 3012 a
1779 2945 2243 3030 parochialium
2286 2945 2587 3014 ecclesia-

350 3086 386 3126 «
420 3082 567 3129 rum
603 3062 971 3130 rectoribus
997 3061 1525 3147 distinguuntur3
1559 3063 1737 3141 licet,
1773 3063 1907 3128 late
1937 3069 2209 3147 sumpto⁸
2236 3062 2579 3139 vocabulo,

348 3202 385 3243 a
419 3179 614 3247 etiam
668 3179 932 3264 plebani
979 3186 1049 3245 et
1108 3178 1217 3244 alii
1262 3178 1640 3263 presbyteri
1703 3178 2104 3262 parochiales
2155 3178 2288 3245 dici
2334 3178 2587 3262 possint

350 3320 387 3359 α
421 3298 692 3384 praelati,
731 3296 856 3363 hoc
881 3303 1211 3381 respectu,
1254 3296 1406 3381 quia
1441 3302 1734 3380 praesunt
1761 3296 2165 3380 parochianis
2187 3296 2320 3361 suis
2345 3295 2415 3360 in
2439 3294 2587 3361 foro

351 3437 388 3476 κ
421 3414 804 3513 animoe3et
849 3412 939 3478 ita
982 3411 1306 3496 intelligas
1345 3417 1602 3476 textum
1649 3411 1717 3475 in
1758 3410 1969 3495 capite
2013 3416 2162 3490 Tua,
2209 3413 2286 3475 de
2328 3413 2583 3475 Geor-icis

352 3552 389 3591 α
422 3531 873 3612 oeqrotantibus.
909 3550 941 3589 »
1001 3526 1361 3614 (Fagnanus
1402 3527 1469 3593 in
1503 3526 1855 3594 secundam
1907 3534 2161 3612 partem
2203 3525 2398 3610 primi
2432 3524 2585 3591 libri

347 3644 803 3722 decretalium,
839 3642 926 3709 ad
948 3648 1146 3727 caput
1171 3646 1324 3708 Cum
1349 3645 1425 3707 ab
1455 3645 1858 3721 ecclesiarum,
1884 3646 1959 3707 da
1984 3643 2194 3724 Officio
2223 3640 2581 3726 ordinarii.)

439 3763 536 3828 Ex
563 3761 685 3827 hac
714 3760 1146 3827 communiter
1185 3766 1456 3843 recepta
1491 3760 1782 3832 notione.
1824 3759 2019 3825 facile
2057 3757 2414 3827 deducitur
2449 3755 2588 3843 qui-

345 3897 500 3945 nam
529 3878 660 3944 sint
688 3875 830 3942 veri
865 3874 1138 3959 praelati‚
1175 3881 1318 3939 tum
1356 3872 1657 3958 majores,
1712 3882 1847 3940 tum
1880 3877 2162 3942 minores
2195 3895 2210 3940 ε
2252 3895 2287 3936 α
2319 3872 2583 3939 Proelati

351 4018 388 4058 α
424 4002 677 4079 majores
713 3999 864 4058 sunt
897 3992 1218 4076 Episcopi,
1253 3998 1323 4056 et
1374 3992 1701 4077 praecipue
1738 3991 2113 4060 Cardinales
2153 3991 2222 4056 in
2266 3997 2583 4075 quantum

351 4133 388 4172 α
423 4108 770 4176 universali
811 4107 1110 4174 Ecclesiae
1142 4108 1447 4192 regimini
1481 4105 1892 4174 adlaboraut.
1936 4113 2199 4173 Minores
2234 4126 2398 4173 vero
2431 4112 2586 4173 suut

353 4249 390 4287 α
420 4226 465 4291 ii
493 4243 738 4303 omnes,
780 4224 915 4310 qui,
952 4221 1278 4307 praedictis
1309 4223 1677 4302 inferior-ea,
1717 4221 2100 4290 distinctum
2136 4222 2399 4289 honoris
2437 4241 2585 4306 gra-

352 4365 389 4402 a
425 4339 584 4406 dum
614 4359 766 4406 cum
792 4338 1004 4425 aliqua
1032 4345 1307 4405 externa
1331 4337 1785 4424 jurisdictione
1815 4338 2138 4405 obtinent.
2173 4340 2337 4404 Sunt
2362 4344 2581 4403 antem

353 4479 392 4519 α
423 4475 697 4523 numero
746 4457 1018 4540 plures:
1060 4454 1553 4540 principaliores
1595 4473 1854 4540 nempe,
1888 4453 2197 4521 ordinarii
2239 4455 2471 4518 nullius
2513 4459 2584 4517 et
