3146 4973
613 381 739 443 388
1289 394 1662 441 'ruscum-us
1709 396 1796 441 nn
1843 395 2174 442 innocuo,

617 544 649 580 a
683 525 785 583 rat
816 519 1089 584 clericus
1110 518 1323 601 puniri
1355 536 1544 600 poeua
1567 519 1951 602 privationis
1972 518 2269 584 beneficii
2300 537 2374 585 ac
2396 517 2830 601 depositionis,

615 659 647 696 ι(
680 635 925 719 absque
962 635 1084 700 alia
1132 635 1370 718 praevia
1413 635 1786 733 monitione,
1848 654 1969 719 per
2006 634 2159 719 jura
2206 636 2498 718 proxime
2534 634 2833 718 allegata,

614 779 640 809 «ι
678 751 852 817 idem
898 749 1250 817 dicendum
1297 751 1494 815 etiam
1544 770 1664 833 pro
1713 769 1888 816 nunc
1930 749 2016 816 de
2059 751 2298 817 clerico
2350 748 2830 826 concubinario‚

610 895 634 924 ιι
677 867 938 952 quando
971 867 1225 932 notorie
1263 873 1517 932 constat
1546 865 1632 931 de
1670 866 1911 931 actuali
1950 867 2379 950 multiplicata
2412 866 2833 934 fornicatione

608 1007 640 1043 α
673 986 895 1068 ipsius.
930 986 1065 1049 Nec
1103 983 1319 1050 obstat
1345 984 1619 1049 citatum
1652 991 1849 1069 caput
1886 987 2170 1064 Gloria-os,
2212 991 2283 1050 et
2312 991 2509 1068 caput
2539 988 2709 1049 Sicut
2742 984 2836 1068 (de

604 1123 636 1161 α
669 1103 1122 1164 cohabitatione
1173 1103 1372 1164 cleric.
1408 1108 1467 1163 et
1500 1098 1716 1183 mut.);
1773 1101 1921 1184 quia
1971 1100 2334 1183 loquuntur
2382 1100 2449 1164 in
2488 1117 2662 1176 casn,
2708 1117 2835 1184 qno

602 1238 633 1274 α
667 1214 956 1281 nondum
995 1216 1247 1281 notorie
1289 1223 1541 1281 constat
1575 1214 1659 1281 de
1695 1215 2127 1280 concubinatu
2165 1214 2384 1279 clerici
2405 1263 2420 1292 ‚
2463 1213 2583 1279 sed
2626 1214 2831 1279 solum

601 1354 632 1390 ιι
671 1331 953 1397 habetur
1001 1333 1216 1415 gravis
1262 1333 1538 1414 suspicio
1593 1332 1765 1395 illius
1800 1353 1813 1396 :
1861 1337 2018 1395 tunc
2066 1330 2240 1396 enim
2289 1329 2493 1397 debet
2531 1332 2833 1414 proemitti

598 1470 629 1506 α
666 1446 908 1530 triplex
945 1448 1212 1512 monitio
1256 1454 1601 1564 antequam
1645 1444 1852 1529 judex
1891 1443 2254 1528 procedere
2294 1447 2509 1512 valeat
2551 1445 2637 1511 ad
2675 1446 2832 1510 infli-

592 1583 624 1621 α
665 1561 910 1644 gendas
950 1579 1173 1644 poenas
1218 1559 1459 1626 ibidem
1515 1566 1817 1626 statutas.
1855 1560 2065 1645 Atque
2122 1562 2188 1625 in
2231 1560 2462 1626 eodem
2502 1578 2700 1626 sensu
2740 1561 2833 1625 lo-

593 1699 625 1736 c«
661 1679 906 1760 quitur,
968 1677 1406 1761 praeviamque
1467 1677 1747 1759 requirit
1809 1676 2232 1742 monitionem
2291 1677 2636 1741 concilium
2694 1677 2831 1742 Tri-

594 1815 626 1851 «
660 1790 1025 1870 dentinum,
1067 1793 1262 1857 citata
1310 1792 1591 1857 sessione
1643 1794 1749 1867 25,
1789 1793 2002 1875 capite
2042 1793 2144 1868 14,
2196 1792 2293 1855 uti
2342 1797 2525 1874 patet
2573 1811 2655 1856 ex
2708 1791 2832 1855 illis

594 1932 628 1969 a
665 1907 883 1974 verbis
910 1908 1107 1991 ipsius
1142 1930 1157 1973 :
1204 1909 1488 1972 Prohibet
1535 1916 1743 1971 sancta
1787 1911 2052 1990 synodus
2090 1910 2549 1989 quibuscumque
2595 1911 2831 1970 clericis

593 2047 625 2085 α
660 2046 733 2087 ne
767 2027 1144 2099 concubinas,
1189 2032 1295 2086 aut
1341 2026 1502 2086 alias
1550 2026 1851 2104 mulieres,
1905 2043 1993 2090 nn
2031 2041 2271 2102 anns
2323 2042 2543 2093 possrr
2588 2042 2830 2088 mnam

593 2164 625 2200 «
660 2158 985 2216 susmmo,
1041 2147 1108 2204 in
1160 2143 1332 2204 domo
1393 2143 1487 2202 vel
1539 2148 1719 2203 extra
1769 2143 2070 2217 detinere,
2124 2150 2233 2204 aut
2283 2162 2416 2205 oum
2461 2144 2593 2204 illis
2633 2143 2824 2203 ultam

594 2279 626 2314 α
664 2257 1143 2318 consuetudinem
1192 2255 1404 2316 habere
1442 2256 1706 2316 audeant
1747 2274 1767 2314 .·
1803 2256 2074 2334 alioquin
2113 2262 2345 2336 poenis,
2393 2276 2431 2319 a
2486 2262 2678 2319 sacris
2729 2276 2830 2318 ca-

595 2395 625 2430 «
662 2375 935 2448 nonibus,
972 2372 1066 2433 vet
1111 2376 1361 2432 statutis
1417 2373 1801 2432 ecclesiarum
1852 2376 2150 2452 impositis
2186 2378 2508 2452 puniatur.
2555 2376 2728 2452 Quod
2775 2378 2830 2434 si

596 2512 627 2547 «
666 2510 704 2551 a
748 2490 1154 2569 superioribus
1201 2492 1447 2564 moniti,
1494 2489 1569 2549 ab
1622 2493 1700 2548 iis
1751 2506 1872 2549 non
1920 2489 2357 2568 abstinuerint,
2417 2495 2601 2552 tertia
2647 2498 2830 2570 parte

598 2626 627 2664 «
662 2606 1051 2681 fructuum...
1087 2619 1228 2667 lrso
1270 2618 1478 2666 rAc‘ro
1525 2607 1652 2664 sint
1684 2606 1945 2682 privati,
1991 2611 2101 2665 etc.
2148 2602 2276 2667 Ubi
2328 2601 2825 2685 ponderandum

598 2741 630 2778 α
664 2721 764 2782 est
802 2717 871 2800 ly
911 2719 986 2779 de
1024 2718 1234 2796 quibus
1274 2722 1467 2796 possit
1515 2716 1722 2777 haberi
1758 2722 2067 2796 suspicio:
2113 2718 2296 2795 item,
2333 2716 2509 2802 quod
2557 2719 2826 2782 monitio

599 2856 630 2891 α
667 2833 876 2897 solum
922 2832 1294 2916 requiratur
1342 2830 1428 2895 ad
1486 2829 1945 2896 incurrendam
1990 2839 2120 2914 ipso
2179 2836 2340 2913 sacto
2396 2833 2827 2915 privationem

599 2973 633 3009 (ι
668 2948 877 3013 tertiae
912 2948 1226 3032 partis...;
1262 2965 1389 3011 non
1437 2965 1594 3011 vero
1626 2946 1712 3011 ad
1752 2965 1978 3028 poenas
2017 2968 2056 3012 a
2097 2950 2291 3013 sacris
2331 2947 2687 3014 canonibus
2722 2949 2824 3011 vel

601 3089 633 3125 (ι
667 3063 928 3129 statutis
975 3063 1398 3128 ecclesiarum
1445 3062 1801 3143 antiquitus
1851 3063 2207 3146 impositas,
2241 3086 2274 3124 n
2340 3062 2783 3146 (Reiffenstuel
2803 3110 2818 3139 ,

598 3183 660 3244 in
706 3180 881 3245 titul.
919 3181 988 3258 2,
1028 3177 1175 3244 libri
1222 3183 1256 3243 3
1303 3175 1763 3254 decretalium,
1816 3197 1880 3240 n.
1927 3180 2011 3244 48
2077 3186 2146 3242 et
2198 3177 2672 3262 sequentibus.)

1641 3459 1749 3519 lv.

594 3690 833 3741 Plurium
851 3685 955 3751 suit
983 3687 1254 3735 doctorum
1276 3686 1550 3746 antemio,
1575 3698 1682 3733 non
1700 3698 1852 3747 posse
1869 3684 2111 3751 beneficio
2133 3691 2344 3751 privari
2363 3688 2814 3741 concubinarium.

658 3782 995 3846 quantumvis
1015 3779 1301 3839 notorium,
1332 3778 1437 3826 nisi
1463 3780 1520 3827 in
1548 3791 1676 3828 casu
1704 3791 1825 3843 quo,
1853 3786 1970 3841 post
1995 3782 2307 3833 monitiones
2333 3788 2380 3831 ot
2406 3785 2808 3844 suspensionem,

658 3889 761 3927 seso
787 3874 1063 3925 emendare
1088 3877 1300 3928 recuset.
1331 3878 1376 3923 ct
1404 3874 1462 3921 in
1488 3872 1847 3923 concubinatu
1871 3880 2174 3936 perseveret.

680 4095 941 4161 Garoias
979 4095 1084 4179 (de
1122 4093 1471 4170 Beneficiis,
1511 4099 1697 4174 parte
1747 4094 1857 4168 10,
1909 4113 1973 4155 n.
2027 4091 2189 4176 181)
2227 4115 2241 4157 :
2283 4116 2314 4154 a
2350 4095 2707 4160 Dubitatur
2733 4092 2812 4158 de

595 4240 627 4276 «
661 4211 1164 4285 concubinarii3‚
1209 4228 1291 4273 an
1337 4210 1463 4274 sint
1511 4209 1778 4289 privati,
1828 4228 1944 4272 seu
1993 4207 2290 4290 privandi
2333 4209 2709 4275 beneficiis?
2739 4210 2811 4273 Et

591 4354 624 4392 «
658 4325 1007 4394 dicendum
1045 4327 1173 4400 est,
1213 4341 1338 4386 non
1377 4339 1517 4386 esse
1558 4323 1867 4403 privatoS‚
1900 4341 2023 4386 nec
2064 4322 2416 4404 privandos
2453 4343 2568 4389 seu
2618 4321 2810 4405 depo·

593 4471 624 4509 «
660 4443 955 4528 nendos3
1012 4438 1131 4504 sed
1206 4439 1643 4523 suspensionis
1716 4457 1906 4520 poena
1979 4437 2342 4522 puniendos
2396 4440 2753 4526 (Glossa...
2779 4487 2798 4517 ,
