3146 4973
513 365 644 430 280
1191 381 1567 431 morawa
1612 382 1700 430 nn
1743 380 2070 429 Paaocno.

1431 638 1696 705 CAPUT
1740 639 1854 704 vl.

515 926 605 972 DE
664 925 1153 974 APPELLATIONB
1214 926 1256 972 A
1320 924 1621 974 DEGRETO
1694 924 1984 975 EPISGOPI
2064 926 2289 973 Novam
2366 925 2750 974 PARocmAM

981 1042 1325 1089 ERIGERTIS
1347 1069 1363 1099 ,
1429 1040 1899 1088 msMEMBRATA
1966 1039 2280 1101 AM'IQUA.

608 1272 871 1356 Duplex
902 1273 1189 1337 occurrit
1228 1270 1311 1336 de
1354 1270 1673 1356 ejusmodi
1722 1272 2156 1354 appellatione
2186 1272 2538 1340 tractanda
2577 1291 2754 1367 quae-

518 1386 642 1451 stio
677 1408 691 1450 :
739 1390 801 1449 10
832 1406 917 1450 an
945 1405 1181 1451 revera
1204 1386 1403 1451 detur
1428 1405 1466 1451 a
1490 1385 1667 1453 dicto
1711 1387 2060 1469 episcopali
2102 1385 2373 1453 decreto
2403 1386 2753 1470 appellatio

525 1502 773 1587 aliqua3
811 1499 878 1567 2⁰
902 1502 988 1568 ad
1014 1520 1214 1586 quem
1236 1500 1456 1568 detur.

1571 1750 1708 1827 51.

530 1995 605 2042 Αιι
622 2000 670 2042 οι
690 1992 845 2056 qualis
861 1992 1000 2041 detur
1024 1992 1274 2055 appellatio
1299 2005 1329 2040 a
1345 1991 1531 2040 decreto
1559 1990 1778 2053 Episcopi
1795 2000 1962 2038 novam
1989 1989 2258 2052 parochiam
2283 1990 2521 2053 erigentis,
2536 1991 2758 2040 dismem-

1387 2085 1565 2133 brando
1594 2084 1870 2146 antiquam?

631 2318 692 2379 1⁰
746 2314 1017 2380 Certum
1061 2322 1163 2379 est
1209 2315 1278 2378 in
1324 2311 1638 2379 decretali
1696 2315 1792 2376 Ad
1848 2315 2224 2377 audientiam
2267 2312 2555 2378 conferri
2613 2314 2761 2397 Epi-

533 2432 745 2515 scopis
779 2428 1014 2496 dictam
1043 2428 1632 2495 dismembrationis
1662 2436 1733 2494 et
1776 2429 2128 2495 erectionis
2164 2435 2582 2513 potestatem,
2613 2449 2762 2496 cum

534 2565 840 2630 expressa
870 2546 1177 2624 clausula,
1213 2549 1446 2611 sublato
1487 2547 1916 2627 appellationis
1964 2548 2291 2626 obstaculo,
2339 2550 2765 2629 appellationis

531 2669 795 2726 cessante
839 2665 1119 2743 diffugio.
1166 2661 1379 2745 Atque
1430 2661 1589 2725 item
1640 2667 1896 2725 certum
1928 2668 2052 2738 est,
2089 2659 2336 2727 nedum
2367 2661 2690 2728 sublatam
2727 2683 2765 2728 a

537 2774 790 2861 synodo
834 2773 1211 2840 Tridentina
1247 2776 1422 2840 illam
1465 2774 1839 2854 clausulam,
1884 2774 2085 2840 fuisse
2117 2795 2153 2842 e
2180 2783 2407 2842 contra
2434 2775 2768 2842 confirma-

539 2898 711 2974 tam;
757 2910 905 2956 cum
942 2892 1274 2975 Episcopis
1321 2889 1682 2956 'I'1identini
1727 2898 1951 2974 patres
1996 2898 2386 2974 potestatem
2433 2891 2772 2974 parochias

543 3006 1050 3073 dismembrandi
1118 3011 1189 3071 et
1256 3024 1460 3071 novas
1521 3004 1820 3089 erigendi
1885 3005 2229 3072 conferant
2267 3012 2463 3090 juxta
2512 3011 2770 3088 formam

543 3127 992 3186 constitutionis
1027 3124 1368 3186 Alexandri
1393 3124 1503 3186 ΙΙΙ
1533 3140 1665 3202 quoe
1695 3125 1910 3203 incipit
1944 3121 2040 3186 An
2079 3138 2514 3197 mmmmm,
2549 3142 2768 3188 necnon

546 3244 731 3300 etiam
766 3242 981 3301 invitis
1018 3241 1369 3301 rectoribus.

636 3355 706 3416 2⁰
751 3352 831 3417 At
882 3370 1014 3417 non
1067 3353 1281 3417 minus
1321 3358 1577 3417 certum
1625 3358 1727 3415 est
1771 3368 1893 3431 per
1934 3348 2173 3414 dictam
2225 3349 2575 3416 clausulam
2626 3351 2774 3416 tolli

549 3466 888 3533 dumtaxat
921 3468 1422 3551 appellationem
1452 3467 1649 3550 quoad
1672 3469 1946 3546 effectum
1976 3471 2412 3548 suspensivam,
2455 3486 2585 3533 non
2615 3485 2773 3534 vero

550 3580 769 3666 quoad
788 3585 1216 3645 devolutivum.
1259 3584 1421 3646 Nam
1452 3582 1544 3647 ita
1571 3583 1642 3647 in
1659 3582 1808 3668 jure
1841 3582 2275 3652 determinata
2318 3585 2445 3653 fuit
2479 3588 2577 3652 vis
2603 3586 2776 3673 ejus-

555 3696 733 3763 modi
782 3698 1108 3763 clausulae.
1170 3697 1330 3762 Cum
1399 3717 1637 3782 nempe
1691 3698 1775 3763 ab
1829 3699 2207 3766 Innocentio
2275 3702 2372 3766 III
2431 3704 2773 3786 quaesitum

556 3813 788 3877 fuisset
814 3829 1107 3895 quaenam
1142 3812 1497 3896 appellatio
1529 3813 1798 3879 inhibita
1829 3815 2082 3880 censeri
2116 3813 2378 3891 debeat,
2414 3821 2653 3898 quando
2685 3825 2780 3881 in-

556 3929 792 3990 hibetur
825 3930 1151 4009 appellatio
1208 3934 1275 3992 in
1322 3935 1633 4011 rescripto,
1686 3926 1756 3993 id
1802 3929 2163 3995 declaravit
2198 3929 2296 3994 his
2338 3931 2557 3996 verbis
2590 3954 2603 3998 ε
2643 3938 2777 3998 Res·

551 4044 879 4125 ponderans
912 4045 1069 4124 qaod
1111 4046 1389 4124 quaelibet
1426 4050 1780 4126 provocatio
1815 4049 2183 4126 intelliyitur
2228 4053 2541 4124 removeri,
2581 4068 2713 4128 qaoe
2736 4068 2779 4110 a

544 4162 690 4239 jure
719 4177 839 4221 non
872 4161 1220 4239 indalyetur
1247 4178 1524 4240 expresse
1545 4179 1566 4220 :
1599 4162 1703 4223 secl
1743 4164 1798 4220 si
1822 4163 2137 4241 appellans
2158 4162 2345 4239 fuerit
2374 4169 2664 4243 pravatus
2693 4168 2784 4225 in·

545 4275 737 4351 juste,
774 4291 1099 4352 yravamen
1131 4275 1423 4353 &asmodi
1444 4292 1558 4353 per
1600 4279 1960 4370 superiorein
1983 4280 2210 4356 poterit
2237 4278 2543 4338 emendari
2563 4275 2785 4360 (caput

559 4388 899 4448 Pastoralis
925 4389 1030 4462 53,
1058 4386 1233 4451 tituli
1266 4389 1350 4454 28
1367 4434 1383 4461 ‚
1413 4386 1564 4452 libri
1585 4390 1623 4451 2
1643 4385 2120 4471 decretalium).
2150 4388 2401 4470 Quibus
2430 4390 2648 4456 verbis
2669 4409 2783 4473 pa-
