3146 4973
615 379 740 441 100
1280 389 1656 443 maurus
1700 395 1790 442 nn
1833 394 2163 446 Panocno.

605 517 854 587 ordinis
899 517 1431 596 praedicatorum,
1466 517 1580 603 qui
1625 519 2052 606 sequentibus
2094 520 2642 607 propositionibus
2680 521 2827 588 sub-

605 636 892 702 scribere
931 642 1195 702 coactus
1222 640 1322 700 est
1344 655 1358 699 :
1380 655 1578 700 omnes
1598 642 1931 719 potestates
1938 638 2362 720 juridictionis
2377 641 2675 719 Ecclesiae,
2694 638 2828 700 alioe

604 774 644 815 a
673 755 897 836 Papali
913 757 1237 835 potestate,
1267 759 1411 815 sunt
1445 755 1666 835 abipso
1683 752 1949 833 Christo,
1982 759 2275 834 quantum
2296 756 2382 818 ad
2397 759 2827 818 institutionem

603 877 663 933 et
689 871 1068 933 collationem
1088 873 1496 952 primariam:
1540 888 1579 932 a
1607 873 1785 951 Papa
1810 876 2011 933 autem
2041 876 2098 932 et
2141 872 2218 932 ab
2248 872 2517 935 Ecclesia
2544 875 2830 952 quantam

605 987 1028 1050 limitationem
1062 992 1123 1048 et
1154 988 1661 1068 dispensationem
1683 987 2166 1051 ministerialem.
2194 988 2557 1068 Hujusmodi
2568 991 2837 1068 potesta·

606 1109 692 1165 tes
712 1110 854 1168 sune
871 1104 1100 1186 dejure
1125 1103 1359 1182 divine,
1398 1110 1460 1166 et
1488 1104 1835 1166 immediate
1860 1121 1900 1165 a
1926 1105 2072 1165 Deo.
2121 1105 2222 1165 Ex
2250 1108 2424 1166 teoetu
2455 1102 2758 1184 evanqelii
2778 1106 2834 1162 et

600 1219 880 1283 doctrina
912 1220 1336 1298 Apostolorum
1368 1218 1623 1283 habetur
1666 1238 1967 1299 expresse,
2013 1220 2320 1299 Apostolis
2364 1224 2423 1281 et
2447 1219 2773 1297 discipulis
2799 1236 2838 1279 a

601 1333 844 1398 Christo
875 1340 1082 1398 missis
1103 1335 1537 1398 authoritatem
1567 1336 2023 1419 jurisdictionis
2052 1337 2241 1414 fuisse
2281 1337 2591 1398 collatam.
2627 1336 2839 1397 Dicere

577 1451 958 1528 'inferiorum
1003 1451 1392 1530 praelatorum
1440 1456 1798 1529 potestatem
1811 1452 2291 1533 jurisdictionis,
2343 1454 2472 1513 sive
2510 1452 2639 1511 sint
2686 1450 2841 1527 Epi-

603 1569 792 1644 scopi,
824 1568 950 1627 sive
978 1569 1101 1627 sint
1122 1570 1346 1644 curati,
1384 1585 1508 1628 esse
1528 1568 1878 1630 immediate
1897 1586 1937 1628 a
1954 1569 2099 1647 Dec,
2132 1567 2495 1647 evanqelicoe
2520 1571 2579 1628 et
2597 1569 2846 1644 Aposto-

602 1680 732 1741 licae
770 1687 1056 1743 consonat
1112 1684 1361 1743 veritati
1414 1678 1614 1766 (apud
1672 1680 2180 1758 Thomassinum,
2243 1686 2403 1747 tom.
2449 1684 2511 1759 l,
2544 1686 2722 1765 part.
2772 1683 2830 1757 1,

601 1792 717 1858 lib.
760 1796 824 1873 2,
856 1813 915 1858 c.
965 1796 1074 1874 26,
1119 1814 1185 1858 n.
1232 1791 1323 1879 2).

686 1909 774 1975 II.
820 1912 983 1990 Quid
1007 1916 1262 1974 tenuerit
1298 1913 1643 1975 Gersonias.
1679 1947 1767 1958 —-
1800 1936 1833 1976 «
1871 1913 2129 1979 Domini
2165 1913 2375 1978 curati
2427 1919 2590 1977 sunt
2635 1912 2706 1977 in
2730 1912 2846 1977 Ec-

613 2053 645 2086 «
688 2026 882 2092 clesia
910 2028 1190 2093 minores
1221 2027 1492 2112 praelati.
1508 2078 1552 2093 ..
1600 2029 1859 2094 Domini
1885 2029 2096 2094 curati
2126 2029 2194 2092 in
2237 2027 2525 2093 Ecclesia
2561 2029 2846 2093 minorae

611 2165 645 2206 «
681 2143 933 2226 praelati
966 2152 1118 2209 sunt
1146 2144 1527 2226 hierarchici,
1560 2145 1685 2211 hoc
1709 2153 1812 2212 est
1838 2144 2231 2229 principales
2260 2148 2375 2208 aut
2399 2140 2840 2219 dominantes,

607 2281 641 2322 a
679 2278 800 2343 per
856 2258 1130 2343 primam
1176 2259 1647 2327 institutionem
1698 2262 1736 2327 J
1739 2259 2144 2328 esu-Christi.
2203 2258 2341 2323 Hoc
2398 2255 2730 2324 fundatur
2780 2256 2846 2320 in

607 2398 643 2439 c<
682 2376 1019 2461 evangelio
1056 2377 1238 2463 (Luc.
1280 2376 1469 2463 10)...
1509 2378 1932 2463 Evangelium
1962 2382 2062 2440 est
2087 2374 2264 2441 bulla
2293 2382 2708 2441 curatorum.
2741 2372 2849 2438 Se-

607 2516 641 2556 «
676 2494 900 2579 quitur
922 2491 1099 2579 quod
1122 2491 1207 2559 de
1235 2493 1643 2561 ordinatione
1667 2493 1995 2561 essentiali
2013 2500 2083 2558 et
2111 2490 2329 2557 stabili
2355 2500 2598 2557 sanctae
2628 2489 2851 2559 Eccle-

604 2631 639 2671 «
674 2609 780 2674 sioe
819 2628 1001 2695 aeque
1036 2609 1206 2676 bene
1253 2616 1355 2676 est
1391 2617 1598 2676 status
1643 2618 2040 2685 curatorum,
2079 2607 2251 2673 sicut
2268 2606 2378 2673 ille
2412 2608 2847 2692 praelatorum

608 2745 643 2785 a
685 2721 1146 2803 cardinalium,
1189 2723 1803 2810 Archiepiscopum:
1846 2725 1977 2791 imo
2011 2742 2172 2790 vero
2201 2723 2369 2788 sicut
2399 2730 2615 2790 status
2642 2722 2852 2808 ipsius

608 2861 643 2902 a
675 2839 893 2923 Papae,
934 2840 1229 2924 quamvis
1284 2858 1416 2904 non
1469 2840 1554 2905 sit
1600 2838 1766 2906 adeo
1814 2839 2177 2924 perfectus.
2233 2839 2545 2924 Sequitur
2595 2839 2847 2923 Papam

608 2976 642 3016 α
675 2954 850 3020 hunc
872 2960 1112 3020 statum
1142 2953 1486 3020 destruere
1521 2962 1641 3020 aut
1671 2951 2028 3020 annihilare
2042 2974 2173 3020 non
2202 2971 2412 3038 posse,
2449 2972 2606 3020 cum
2639 2960 2854 3020 status
2958 2973 2981 2980 ·

609 3093 642 3135 a
678 3071 787 3137 ille
841 3090 976 3136 non
1030 3091 1114 3137 ex
1162 3090 1278 3136 sua
1336 3071 1681 3154 proveniat
1722 3071 1999 3155 positiva
2046 3068 2479 3149 ordinatione,
2532 3068 2660 3137 sed
2711 3071 2855 3136 sine

611 3208 644 3249 α
686 3184 906 3252 medio
937 3205 1020 3251 ex
1049 3185 1174 3252 Dei
1203 3187 1577 3253 autoritate.
1593 3237 1607 3251 .
1624 3235 1638 3251 .
1677 3185 1981 3273 Sequitur
2017 3193 2275 3253 curatos
2309 3185 2620 3254 Ecclesiae
2661 3205 2860 3272 spon·

610 3323 645 3363 a
681 3320 784 3368 sos
820 3320 961 3368 esse
1012 3302 1205 3367 sicuti
1244 3301 1568 3385 praelatoS,
1607 3303 1903 3387 quamvis
1926 3303 2054 3368 sint
2079 3289 2705 3387 imperfectioresl..
2745 3301 2860 3368 Se-

611 3442 647 3483 «
680 3421 903 3505 quitur
916 3419 1184 3502 Papam,
1208 3422 1322 3482 aut
1349 3416 1543 3483 alium
1566 3419 1883 3501 quemviS,
1897 3416 2003 3503 jus
2025 3419 2148 3485 hoc
2168 3417 2396 3507 (nempe
2414 3416 2854 3502 οοηοίοπαπάἢ

613 3556 648 3597 α
683 3533 925 3599 curatis
962 3531 1225 3598 auferre
1258 3540 1371 3598 aut
1409 3531 1729 3618 impedire
1761 3551 1893 3598 non
1921 3529 2191 3599 debere.
2223 3532 2306 3598 Et
2342 3529 2494 3599 ideo
2520 3532 2761 3598 nullus
2793 3534 2862 3598 in

612 3672 648 3714 a
681 3649 969 3715 Ecclesia
1000 3667 1230 3714 eorum
1254 3648 1621 3714 concionari
1651 3647 1855 3715 debet
1881 3647 2127 3733 absque
2142 3666 2368 3715 eorum
2387 3646 2744 3716 facultate.
2761 3699 2776 3715 .
2795 3673 2861 3714 .»

613 3763 856 3853 (Opera
883 3765 1199 3843 Gersonii,
1228 3772 1387 3830 tom.
1410 3768 1474 3844 2,
1498 3784 1567 3849 p.
1594 3766 1721 3831 436
1753 3762 1956 3830 editio
1973 3763 2167 3830 Ellies
2188 3759 2460 3848 Dupin.)
2483 3763 2867 3850 «Sequitur

615 3903 650 3944 α
684 3880 986 3966 proelatos
1014 3886 1082 3945 et
1106 3886 1367 3945 curatos
1395 3877 1829 3964 subdelegare
1860 3899 2070 3964 posse,
2092 3878 2298 3945 veluti
2321 3876 2733 3946 ordinariam
2755 3880 2872 3948 ha·

615 4017 650 4059 α
682 3996 916 4062 bentes
935 3991 1533 4080 jurisdictionem...
1566 4018 1600 4057 υ
1632 3992 1852 4082 (Ibid.‚
1878 4013 2027 4080 pag.
2052 3990 2235 4078 439.)
2261 3994 2578 4061 «Maneat
2612 3996 2867 4082 imper·

615 4135 650 4177 α
691 4111 996 4178 turbatus
1018 4108 1459 4177 hierarchicas
1490 4109 1654 4176 ordo
1684 4120 1754 4179 et
1794 4110 2151 4178 essentialis
2179 4109 2507 4190 Ecclesiae‚
2540 4111 2866 4194 praelato-

615 4251 653 4292 α
693 4248 838 4294 rum
866 4235 937 4294 et
980 4233 1378 4308 curatorum,
1431 4244 1710 4313 quorum
1760 4225 2092 4311 potissime
2122 4228 2302 4311 Papa
2339 4225 2684 4308 defensor,
2722 4249 2865 4296 non

615 4367 651 4409 α
690 4341 1045 4412 destitutor
1071 4362 1212 4410 esse
1245 4339 1470 4409 debet.
1506 4366 1540 4406 »
1567 4341 1953 4430 (Ibid.,pag.
1982 4339 2165 4428 446.)
2188 4343 2284 4412 Ex
2312 4339 2624 4409 adductis
2649 4344 2868 4410 texti-
