3146 4973
635 370 763 434 386
1313 382 1689 431 rnAcTA‘rus
1735 381 1823 429 nu
1866 379 2191 430 ranocno.

639 535 669 568 «
706 529 908 588 conus,
949 507 1375 574 distinctionis
1414 510 1524 592 813
1576 515 1644 574 et
1676 526 1921 576 canone
1958 509 2031 572 Si
2059 511 2194 594 quis
2231 508 2582 589 Episcopus,
2621 505 2852 576 eadem

638 648 669 683 a
708 624 1114 690 distinctione
1150 620 1258 706 81)
1294 645 1308 688 ε
1347 629 1461 687 aut
1496 641 1532 687 a
1563 621 1954 688 sacerdotali
1988 620 2315 687 removeri
2344 619 2550 688 officio
2583 621 2852 706 (canone

635 764 666 800 «
701 743 1068 817 Sacerdotes,
1115 738 1526 804 distinctione
1566 741 1685 823 503
1741 746 1811 804 et
1852 757 2097 803 canone
2119 742 2568 815 Maximianus,
2627 736 2853 804 distin·

633 879 665 915 «
701 833 912 921 ctione
934 853 1068 939 81).
1097 856 1145 919 Ε
1177 861 1404 920 contra
1439 873 1689 921 canone
1715 857 2038 936 Presbyter
2060 860 2138 932 si,
2164 852 2593 919 distinctionis
2623 857 2732 932 82,
2750 853 2853 938 ju-

629 991 661 1028 «
698 968 891 1033 betur
918 966 1265 1051 presbyter
1297 964 1380 1030 de
1411 965 1836 1031 fornicatione
1872 967 2231 1042 convictuS,
2276 965 2396 1031 sed
2423 966 2494 1030 in
2530 966 2688 1030 vitio
2719 985 2846 1032 non

610 1106 658 1174 ¹«
694 1100 1143 1166 perseveranS,
1183 1099 1377 1164 agere
1414 1081 1860 1163 poenitentiam
1884 1079 2114 1146 decem
2141 1081 2342 1158 anniS,
2379 1077 2573 1146 modo
2599 1080 2846 1148 ibidem

625 1223 656 1258 α
694 1200 1090 1282 praescripto.
1129 1197 1296 1262 Alibi
1323 1195 1738 1262 interdicitur
1763 1194 1882 1280 ipsi
1923 1197 2251 1280 ingressus
2289 1197 2596 1273 ecclesiae,
2640 1216 2846 1283 usque

622 1336 654 1372 «
688 1312 847 1378 dnm
890 1314 1206 1396 poeniteat
1249 1319 1317 1377 et
1356 1308 1665 1377 emendet
1711 1312 1979 1397 (canone
2019 1317 2092 1377 Si
2129 1318 2234 1396 qui
2268 1320 2430 1390 sunt,
2481 1312 2848 1380 distinctio·

621 1452 651 1485 «
683 1428 781 1491 nis
810 1424 917 1510 81)
961 1450 974 1492 :
1017 1426 1120 1496 vel
1152 1433 1298 1509 post
1333 1426 1725 1509 praemissam
1776 1427 2198 1492 monitionem
2250 1445 2380 1492 non
2434 1426 2842 1502 emendatuS‚

617 1564 649 1603 a
685 1542 767 1606 ab
812 1540 1263 1608 ecclesiasticis
1309 1540 1643 1605 beneficiis
1686 1539 2112 1624 suspenditur
2163 1541 2397 1626 (capite
2447 1545 2618 1605 Sicut
2664 1541 2730 1618 4,
2779 1550 2849 1607 et

616 1682 645 1716 «
680 1658 890 1741 capite
921 1661 992 1722 Si
1019 1663 1216 1720 autem
1241 1658 1307 1734 6,
1349 1659 1423 1720 de
1455 1658 1916 1720 Cohabitatione
1947 1659 2148 1720 cleric.
2176 1664 2233 1720 et
2255 1655 2435 1740 mul.)
2469 1678 2483 1721 :
2519 1663 2632 1723 aut
2649 1664 2847 1746 prout

615 1795 646 1830 a
684 1773 885 1854 magis
912 1771 1020 1836 vel
1048 1772 1262 1834 minus
1292 1772 1683 1854 peccaverit,
1708 1770 1981 1856 jubetur
2009 1771 2226 1855 puniri
2268 1771 2625 1840 secundum
2658 1790 2848 1838 cano-

612 1911 643 1948 «
682 1889 856 1952 nicas
905 1888 1267 1951 sanctiones
1326 1886 1559 1971 (capite
1615 1889 1980 1950 Clericorum
2035 1889 2140 1965 13,
2193 1890 2268 1954 de
2317 1892 2458 1951 Vita
2506 1895 2566 1951 et
2611 1889 2840 1951 honest.

610 2029 640 2063 «ι
677 2000 934 2087 aleria).
984 2003 1065 2067 Et
1110 2002 1258 2085 quia
1313 2002 1595 2067 clericus
1639 2003 1701 2066 in
1750 2004 1947 2068 sacris
2000 2003 2390 2069 constitutus
2437 2001 2839 2082 fornicando,

610 2145 641 2178 «
681 2120 904 2202 sicque
945 2117 1493 2184 violandovotum
1529 2119 1968 2212 continentiae,
2007 2120 2357 2185 committit
2402 2120 2834 2203 sacrilegium,

611 2261 641 2296 α
680 2237 876 2301 etiam
904 2253 1095 2318 poena
1125 2235 1427 2312 carceriS,
1462 2241 1577 2298 aut
1604 2234 1802 2299 exilio
1835 2243 2170 2318 perpetuae
2202 2232 2696 2318 deportationis,
2724 2253 2843 2318 pu·

610 2371 639 2406 «
678 2348 800 2409 niri
838 2351 1054 2428 potest
1105 2344 1372 2430 (canone
1426 2348 1893 2423 Actendendum,
1950 2321 2156 2411 causie
2218 2351 2321 2422 17,
2375 2364 2440 2430 q.
2500 2348 2535 2409 4
2567 2366 2582 2429 ;
2617 2344 2841 2428 juncto

609 2488 639 2523 α
685 2461 1082 2539 Tridentino,
1131 2461 1412 2527 sessione
1444 2463 1553 2553 25,
1598 2480 1655 2525 c.
1722 2464 1823 2541 14,
1875 2464 1950 2526 de
1975 2466 2139 2543 Res„
2190 2461 2303 2530 ubi
2347 2461 2672 2531 nonnullae
2704 2461 2839 2527 aliae

611 2604 641 2636 a
679 2580 1063 2644 clericorum
1095 2579 1628 2643 incontinentium
1655 2594 1860 2660 poenae
1892 2577 2301 2644 referuntur.

700 2720 731 2755 α
765 2692 1152 2778 Respondeo
1193 2697 1261 2757 2⁰
1311 2714 1325 2758 ε
1374 2695 1503 2758 Pro
1545 2693 1734 2757 unica
1790 2693 2064 2775 simplici
2097 2693 2522 2761 fornicatione
2569 2695 2841 2778 punitur

610 2832 643 2869 «
686 2809 984 2886 clericus»,
1019 2808 1215 2872 etiam
1246 2808 1311 2871 in
1342 2808 1541 2872 sacris
1576 2806 1914 2872 ordinibus
1952 2809 2365 2887 constitutus,
2429 2807 2699 2876 arbitrio
2735 2808 2839 2894 ju-

615 2952 640 2981 α
680 2923 840 2989 dicis
862 2923 1049 3007 juxta
1077 2923 1457 3007 qualitatem
1507 2940 1798 3005 personae
1847 2929 1915 2987 et
1968 2924 2617 3001 circumstantiarum,
2671 2924 2840 2991 inssi-

614 3064 645 3099 «
683 3038 896 3124 gendo
944 3039 1107 3103 hanc
1164 3039 1266 3102 vel
1318 3038 1491 3102 illam
1544 3057 1803 3123 poenam
1856 3038 1968 3123 (ibi
2019 3038 2242 3122 plures
2295 3046 2516 3105 textus
2548 3039 2721 3124 juris
2770 3048 2840 3105 et

616 3180 645 3213 ι.
684 3162 981 3219 auctores
1016 3150 1287 3218 adducit
1329 3151 1853 3237 Reiffenstuel)...
1907 3150 2177 3217 Accedit
2206 3154 2374 3218 ratio
2420 3175 2434 3218 ε
2482 3155 2653 3238 quia,
2689 3174 2838 3221 cum

616 3294 647 3328 «
678 3269 845 3353 jura,
880 3276 1014 3333 tam
1043 3269 1327 3351 antiqua,
1362 3285 1554 3353 quam
1605 3286 1792 3344 nova,
1825 3287 1949 3332 uon
1985 3286 2177 3335 unam
2218 3267 2670 3353 eamdemque,
2719 3269 2836 3336 sed

616 3411 647 3447 «
690 3386 926 3451 variam
960 3384 1197 3449 clerico
1225 3382 1567 3448 fornicanti
1597 3383 1924 3465 assignent
1958 3400 2240 3466 poenam,
2278 3382 2472 3450 modo
2504 3384 2830 3465 acerbam,

618 3526 647 3560 «
686 3498 877 3566 modo
898 3501 1146 3574 mitem,
1169 3504 1246 3562 ut
1266 3496 1514 3561 dictum
1538 3515 1603 3559 n.
1630 3497 1738 3573 48,
1763 3496 1884 3560 hoc
1910 3497 2050 3578 ipso
2083 3496 2349 3565 videtur
2377 3499 2749 3584 relinquere
2772 3502 2833 3565 in

618 3644 647 3674 «
684 3611 1219 3705 arbitriojudicis,
1240 3619 1316 3675 ut
1334 3612 1616 3695 pensatis
1631 3612 2152 3689 circumstantiis,
2178 3620 2336 3697 puta
2354 3615 2666 3701 qualitate
2692 3634 2836 3699 pcr-

617 3756 647 3791 «
685 3750 877 3805 sonae,
899 3728 1215 3811 gravitate
1242 3724 1544 3801 scandali,
1573 3725 2044 3793 consuetudine
2064 3729 2310 3810 patrias,
2338 3736 2407 3795 et
2432 3728 2823 3814 hujusmodi,

612 3871 644 3907 «
682 3850 969 3929 imponat
996 3861 1253 3926 poenam
1281 3840 1673 3927 quandoque
1693 3841 2136 3927 depositioniS,
2164 3845 2553 3939 quaudoque
2569 3865 2836 3933 suspen-

613 3987 644 4022 «
678 3963 892 4039 sionis,
924 3958 1313 4044 quandoque
1330 3959 1712 4042 privationis
1729 3957 2032 4025 beneficii
2053 3982 2068 4024 :
2089 3959 2480 4045 quandoque
2503 3962 2688 4046 prius
2707 3982 2834 4031 mo-

608 4102 641 4138 «
678 4075 1017 4155 neat,dum
1034 4073 1322 4140 nondum
1339 4075 1530 4158 plene
1550 4081 1802 4139 constat
1827 4073 1912 4139 de
1934 4072 2193 4155 delicto,
2212 4077 2431 4159 gravis
2445 4085 2668 4143 tamen
2685 4080 2830 4147 sub·

608 4219 639 4253 «
675 4201 775 4259 cst
799 4191 991 4276 hujus
1020 4192 1295 4274 suspicio
1323 4213 1334 4254 :
1361 4188 1749 4274 quandoque
1770 4191 1905 4254 sinc
1931 4192 2281 4257 monitione
2315 4193 2534 4276 privet
2568 4213 2683 4260 seu
2712 4215 2831 4279 pu-

605 4336 637 4373 «
674 4311 827 4388 niat,
859 4328 940 4374 ex
960 4326 1090 4393 quo
1111 4313 1362 4373 constat
1389 4304 1473 4370 de
1497 4303 1760 4371 delicto.
1785 4307 1969 4385 Nam,
1999 4315 2073 4371 ut
2090 4307 2299 4393 inquit
2320 4308 2528 4393 glossa
2559 4309 2828 4397 (canone

602 4451 633 4489 a
670 4430 1120 4517 fraternitatis,
1147 4420 1556 4485 distinctione
1578 4422 1685 4497 34,
1727 4421 1932 4487 verbo
1959 4426 2336 4503 Professum.
2353 4472 2368 4488 .
2385 4422 2454 4509 .),
2481 4423 2826 4493 diversitas
