3146 4973
600 334 732 397 670
1280 347 1656 396 Tuscu-rus
1702 350 1788 395 me
1835 350 2161 398 maocflo.

604 496 637 533 α
678 472 1367 550 extremae-unctionis,
1405 490 1660 537 necnon
1708 473 1879 537 circa
1925 473 2422 539 tumulationem
2468 497 2482 540 :
2529 494 2660 540 non
2719 494 2827 541 au-

603 612 632 647 «
666 595 801 654 tem
835 588 1009 652 circa
1044 596 1514 653 sacramentum
1544 588 1956 665 matrimonii,
2004 608 2156 653 cum
2191 588 2277 653 ad
2316 590 2490 655 hunc
2521 591 2824 656 effectum

602 726 634 764 «
670 703 877 787 maJ'or
898 702 1285 787 jurisdictio,
1332 722 1449 767 seu
1483 702 1651 787 juris
1699 703 2083 785 parochialis
2121 704 2479 771 formalitas
2523 709 2824 791 requisita

602 838 634 875 «
668 814 993 880 videatur.
1021 838 1052 875 υ
1093 816 1205 901 (De
1228 817 1539 892 Parockis,
1575 814 1876 881 discursu
1904 818 2011 892 23,
2038 837 2103 880 n.
2147 815 2280 899 18.)

685 935 756 997 4⁰
809 933 908 999 Ad
971 934 1373 998 matrimonia
1419 931 1597 1016 quod
1654 935 1918 1009 attinet,
1964 931 2237 999 dubium
2298 934 2497 1000 habet
2551 936 2824 1003 Benedi-

598 1056 744 1114 ctus
773 1050 939 1125 XIV,
978 1066 1136 1113 num
1165 1046 1247 1113 ab
1275 1047 1611 1131 hospitalis
1644 1047 2026 1131 cappellano
2059 1049 2284 1132 peragi
2309 1050 2521 1115 valide
2557 1055 2817 1133 possint.

602 1188 633 1225 α
673 1166 749 1230 In
779 1162 1198 1231 xenodochiis
1229 1162 1481 1249 (inquit)
1527 1162 1873 1248 aliquando
1911 1164 2319 1231 matrimonia
2352 1166 2639 1231 ineunda
2681 1179 2822 1233 sunt

603 1305 633 1342 (ι
671 1282 754 1347 ab
774 1265 870 1358 iis,
908 1281 1107 1366 quiin
1130 1281 1314 1363 gravi
1340 1281 1488 1344 vitae
1513 1281 1806 1364 periculo
1836 1288 2203 1355 versantur,
2238 1289 2313 1346 ut
2342 1288 2605 1347 zeternae
2643 1285 2824 1349 saluti

603 1420 634 1457 «
674 1399 1149 1480 prospiciant...
1191 1395 1435 1460 Atvero
1480 1397 1771 1479 quisnam
1818 1396 1974 1478 eligi
2015 1395 2290 1472 debeat,
2329 1416 2461 1481 quo
2508 1409 2824 1480 praesente

607 1534 637 1572 κ
672 1508 1075 1576 matrimonia
1101 1509 1171 1573 in
1196 1506 1622 1587 xenodochiis
1644 1517 2064 1592 peragantur,
2092 1511 2269 1575 inter
2297 1514 2735 1596 cappellanoS,
2763 1524 2826 1580 et

603 1650 630 1684 ι.
673 1624 985 1709 parochos
1029 1625 1096 1687 in
1147 1642 1427 1709 quorum
1462 1621 1709 1689 ditione
1755 1624 1879 1688 sita
1928 1631 2080 1689 sunt
2126 1625 2528 1694 xenodochia
2545 1678 2562 1707 ,
2603 1649 2826 1714 magno

603 1740 889 1806 «studio
935 1738 1375 1805 contenditur.
1414 1763 1445 1799 υ
1504 1738 1943 1823 (Institutione
1995 1744 2104 1818 33,
2143 1761 2207 1805 n.
2254 1742 2388 1826 13.)
2434 1746 2577 1825 Qua
2619 1755 2823 1811 stante

597 1857 1040 1922 controversia
1086 1856 1176 1919 sic
1226 1854 1533 1919 laudatus
1569 1861 1820 1930 auctor,
1873 1856 2294 1923 Bononiensis
2327 1867 2484 1925 tunc
2506 1861 2826 1945 Archiepi-

598 1992 853 2057 scopuS,
884 1969 1100 2056 quoad
1137 1989 1319 2035 suam
1354 1969 1688 2035 dioecesim
1720 1968 2112 2035 decreverat
2145 1994 2158 2036 :
2206 1996 2240 2032 τι
2273 1974 2502 2058 Itaque
2551 1977 2828 2059 praecipi·

601 2114 633 2150 «
669 2109 833 2166 muS,
866 2095 942 2153 ut
970 2089 1227 2171 quoties
1255 2086 1393 2150 haec
1417 2087 1748 2161 eveniant,
1784 2088 2005 2151 statim
2037 2106 2160 2152 nos
2190 2088 2274 2155 de
2307 2109 2489 2156 more
2519 2095 2826 2158 certiores

602 2231 634 2267 «
672 2206 933 2281 faciant,
972 2211 1046 2268 ut
1075 2211 1438 2298 statuamus
1490 2203 1600 2285 qui
1652 2204 2062 2268 matrimonio
2111 2205 2508 2273 celebrando
2547 2208 2821 2285 intersit,

600 2344 634 2383 «
671 2341 746 2388 ac
803 2319 1156 2403 diligenter
1193 2337 1571 2395 caveamu3‚
1610 2326 1683 2383 ut
1731 2321 2170 2385 necessarium
2220 2321 2411 2406 hujus
2470 2326 2564 2388 rei
2617 2342 2830 2389 monu-

603 2461 635 2499 «
670 2443 962 2502 mentum
989 2435 1051 2500 in
1085 2436 1243 2500 actis
1271 2432 1678 2517 descriptum
1712 2441 2165 2504 conservetur.
2195 2461 2225 2496 n
2268 2438 2460 2524 (Loco
2490 2439 2742 2523 citato.)
