3146 4973
1277 336 1436 386 PARS
1477 337 1706 385 raim.
2482 327 2610 392 205

395 478 429 518 α
465 457 582 524 tiei
609 459 1059 538 comtitutum‚
1096 467 1320 527 manet
1345 478 1630 545 semper.
1690 460 1792 527 Ita
1843 465 1919 525 ut
1949 454 2281 530 sublatum
2322 459 2407 528 ah
2454 481 2607 539 uno,

393 597 426 633 α
463 575 599 641 sive
632 574 968 641 voluntate
1001 577 1375 660 superioris,
1407 578 1542 642 sive
1571 593 1697 660 per
1732 583 2012 642 mortem
2041 578 2448 660 possessoris,
2483 596 2617 644 non

391 712 426 747 «
461 697 712 774 pereat,
743 690 865 757 sed
890 700 1099 770 vacet,
1142 700 1610 778 remaneatque
1639 693 1830 759 alteri
1851 691 2325 759 eonferendum
2368 715 2383 758 z
2424 712 2613 761 secus

390 827 423 864 α
457 823 532 869 ao
560 805 871 890 contingit
899 807 965 871 in
985 809 1319 891 pensione,
1373 826 1516 893 quae
1560 826 1708 873 eum
1740 808 2148 892 pensionario
2179 808 2603 892 extinguitur,

390 942 422 979 α
465 927 533 985 et
578 920 686 986 vel
725 920 877 987 hine
904 925 1221 989 rationem
1249 922 1553 990 beneficii
1594 941 1727 989 non
1767 922 1987 990 habet.
2042 922 2439 1007 Respondeo
2480 926 2549 988 2⁰
2589 945 2604 989 ε

389 1055 424 1095 α
459 1033 874 1115 beneficium,
911 1043 1107 1120 prout
1145 1039 1211 1102 in
1243 1037 1393 1123 jure
1415 1039 1722 1104 canonico
1762 1047 1834 1104 et
1860 1039 2266 1104 communius
2295 1039 2610 1123 accipitur

389 1172 423 1211 «
463 1147 586 1214 hoe
625 1169 887 1231 nomen,
919 1171 1062 1219 esse
1103 1160 1171 1218 et
1208 1151 1341 1220 dici
1360 1163 1739 1236 perpetuum,
1770 1153 1924 1239 quia
1952 1173 2085 1219 non
2108 1160 2365 1220 tantum
2403 1155 2472 1220 in
2508 1173 2602 1235 se,

387 1287 422 1327 α
464 1264 658 1332 modo
681 1266 814 1352 jam
845 1269 1190 1353 explicato,
1245 1268 1364 1335 sed
1392 1270 1583 1335 simul
1624 1270 1821 1337 etiam
1856 1270 1923 1334 in
1962 1268 2370 1346 beneficiato,
2408 1288 2610 1354 quan·

388 1402 421 1440 a
458 1388 596 1446 tum
617 1389 718 1448 est
741 1401 935 1462 exse,
964 1392 1421 1467 perpetuatur,
1456 1382 1616 1451 dum
1665 1384 1729 1448 ei
1779 1402 1908 1449 non
1937 1381 2134 1449 datur
2185 1382 2270 1449 ad
2315 1389 2600 1467 tempus,

387 1518 421 1557 α
456 1494 575 1561 sed
601 1497 670 1561 in
695 1498 960 1565 titulum
980 1508 1429 1583 perpetuum..
1469 1497 1683 1584 Atque
1717 1499 1809 1565 ita
1835 1498 1969 1583 jam
2005 1498 2325 1565 beneficia
2352 1519 2609 1564 manua-

385 1635 417 1672 «
456 1615 565 1690 lia,
595 1614 717 1679 etsi
761 1614 964 1698 priori
990 1614 1184 1683 modo
1212 1618 1280 1681 in
1321 1635 1392 1681 se
1428 1621 1773 1700 perpetua,
1803 1617 1953 1700 quia
1981 1622 2201 1682 tamen
2239 1633 2321 1681 ex
2352 1634 2422 1681 se
2470 1636 2599 1682 nou

385 1750 417 1786 «
455 1735 935 1811 perpetuantur
960 1748 1219 1815 quoque
1248 1732 1315 1796 in
1332 1729 1747 1808 beneficiato,
1770 1748 1807 1793 a
1830 1731 2079 1795 ratione
2110 1728 2417 1796 beneficii
2439 1749 2607 1795 eom-

383 1865 415 1901 «
455 1844 734 1910 munitet
791 1846 1041 1929 accepti
1084 1844 1402 1928 recedere
1457 1844 1810 1911 dicendum
1841 1845 1994 1911 erit.
2037 1868 2070 1907 ι»
2118 1846 2357 1931 (Forum
2380 1847 2597 1927 benef„

377 1961 427 2019 t.
484 1960 543 2038 1,
577 1977 642 2043 q.
677 1957 773 2044 4.)
801 1959 1000 2025 Addit
1031 1967 1249 2026 tamen
1279 1959 1526 2027 ibidem
1559 1961 1938 2039 Leureuius,
1984 1961 2212 2026 relicta
2264 1960 2383 2025 hac
2429 1978 2605 2027 eom-

375 2074 557 2137 muni
589 2073 889 2141 beneficii
918 2078 1319 2161 acceptioue,
1343 2097 1550 2141 verum
1587 2076 1733 2143 dari
1759 2095 1945 2161 posse
1978 2075 2394 2155 beneficium,
2434 2076 2595 2144 lieet

375 2192 655 2253 manmle
691 2192 794 2271 sit,
856 2191 926 2256 id
981 2200 1082 2259 est
1121 2212 1254 2259 non
1285 2199 1683 2277 perpetuum
1726 2191 1944 2277 quoad
1997 2190 2481 2270 beneficiatum,
2517 2211 2599 2257 ex

377 2305 638 2387 speciali
685 2306 901 2391 aliquo
936 2306 1108 2391 jure,
1159 2307 1348 2374 verbi
1381 2308 1613 2391 gratia,
1661 2327 1745 2373 ex
1793 2324 1873 2373 eo
1911 2304 2091 2392 quod
2128 2305 2262 2372 tale
2300 2304 2602 2389 primitus

376 2439 458 2485 ex
519 2420 899 2489 fundatione
938 2416 1365 2491 coustitutum
1422 2426 1529 2490 sit.
1593 2421 1785 2505 Quod
1846 2424 2043 2489 etiam
2104 2423 2346 2489 iterum
2389 2422 2603 2489 tradit

374 2539 725 2620 quaestione
748 2540 857 2617 64,
901 2539 1017 2606 ubi
1041 2538 1127 2606 ad
1149 2542 1511 2626 quaesitum,
1539 2561 1688 2605 num
1713 2543 1981 2622 qualitas
2010 2543 2438 2605 manualitatis
2456 2546 2607 2605 insit

375 2655 674 2734 beneficiis
720 2660 1098 2738 regularibus
1140 2661 1432 2738 munibus,
1474 2666 1533 2721 et
1583 2679 1616 2721 e
1656 2664 1867 2722 contra
1896 2659 2054 2720 absit
2103 2677 2143 2720 a
2177 2658 2592 2738 soeoueanbus,

373 2768 728 2848 respondet
763 2793 776 2837 ε
822 2793 855 2832 α
890 2773 1203 2855 Negative
1241 2794 1255 2837 :
1291 2772 1415 2837 etsi
1449 2773 1621 2837 enim
1653 2770 1971 2838 beneficia
1994 2771 2327 2836 saeoularia
2364 2790 2608 2855 praesu-

379 2906 412 2945 a
457 2893 719 2951 mantur
743 2893 1087 2971 perpetua,
1118 2887 1267 2971 quia
1290 2887 1434 2953 fere
1460 2888 1674 2952 omnia
1706 2887 2035 2952 saecularia
2073 2895 2225 2952 sunt
2252 2895 2595 2972 perpetua3

378 3023 409 3060 α
454 3001 772 3085 regularia
795 3021 832 3067 e
859 3010 1087 3068 contra
1118 3010 1596 3086 praesumantur
1624 3003 1964 3079 manualia,
2008 3002 2158 3086 quia
2199 3002 2341 3070 fere
2385 3004 2599 3068 omnia

378 3139 411 3177 a
446 3120 598 3180 sunt
631 3116 818 3200 talia3
859 3115 1192 3183 interdum
1220 3124 1441 3182 tamen
1467 3117 1792 3199 regularia
1823 3121 1977 3181 sunt
2003 3124 2349 3200 perpetua,
2384 3123 2457 3183 et
2485 3136 2602 3184 sae-

378 3253 410 3292 «
453 3231 694 3297 eularia
737 3239 890 3298 sunt
920 3233 1237 3298 manualia
1254 3279 1270 3311 ,
1309 3234 1457 3316 quia
1486 3231 1582 3297 sio
1612 3232 2039 3296 constitutum
2076 3250 2159 3298 ex
2194 3230 2597 3312 fundatione,

377 3365 412 3402 α
449 3342 556 3408 vel
588 3343 933 3428 privilegio
976 3344 1354 3428 apostolico,
1403 3344 1512 3410 vel
1557 3343 2067 3427 praescriptione.
2099 3365 2133 3405 υ
2173 3343 2458 3410 Caeteros
2490 3343 2601 3410 do-

375 3465 592 3524 ctores
621 3459 673 3523 si
703 3457 922 3536 adeas,
950 3459 1244 3541 reperies
1274 3457 1358 3524 ab
1377 3444 1678 3524 omnibus
1698 3467 2009 3542 tanquam
2033 3465 2291 3524 eertum
2318 3456 2594 3536 admitti,
2654 3459 2677 3470 '

377 3570 518 3638 dari
563 3592 750 3658 posse
782 3573 1098 3641 beneficia
1116 3578 1468 3654 manualia,-
1497 3576 1627 3642 imo
1657 3580 1888 3640 tenent
1927 3569 2242 3640 beneficia
2278 3573 2598 3658 regularia

377 3685 703 3755 ordinarie
731 3708 873 3756 esse
905 3689 996 3775 (et
1015 3691 1083 3754 in
1102 3688 1307 3755 dubio
1339 3690 1641 3773 proesumi
1663 3685 1934 3772 debere)
1972 3688 2146 3754 talia.

467 3807 537 3867 2⁰
567 3804 887 3889 Equidem
916 3805 1190 3872 tradunt
1220 3807 1415 3871 etiam
1446 3806 1881 3873 communiter
1928 3803 2245 3870 beneficia
2281 3805 2598 3872 manualia

375 3938 506 3985 non
548 3919 780 3986 haberi
816 3939 934 4005 pro
980 3922 1155 3987 veris
1184 3920 1520 3986 benefieiis
1557 3921 1628 3985 in
1664 3918 1946 4003 quodam
1984 3925 2236 4002 proprio
2283 3928 2341 3983 et
2385 3926 2597 3984 stricto

371 4034 536 4120 juris
581 4056 817 4120 sensu3
876 4045 1078 4120 prout
1122 4038 1295 4103 inter
1352 4036 1507 4102 alios
1543 4038 1634 4101 sie
1677 4036 1984 4120 exprimit
2031 4035 2370 4118 Fagnanus
2405 4059 2420 4101 :
2460 4058 2494 4098 α
2521 4035 2595 4103 In

379 4173 414 4210 a
445 4153 712 4217 materia
749 4150 1111 4233 favorabili,
1144 4151 1581 4236 appellatione
1605 4150 1913 4217 beneficii
1942 4149 2372 4217 includuntur
2398 4151 2599 4218 etiam

379 4289 412 4326 α
448 4265 764 4333 beneficia
792 4267 1135 4352 manualia3
1161 4284 1304 4352 quae
1330 4274 1552 4332 tamen
1583 4285 1741 4333 vere
1766 4273 1835 4332 et
1864 4267 2129 4352 proprie
2153 4282 2283 4330 non
2310 4273 2468 4331 sunt
2488 4265 2598 4331 be-

379 4404 412 4446 t(
443 4378 713 4449 neficia»
747 4383 836 4473 (in
857 4390 1052 4467 eaput
1081 4386 1177 4448 Ad
1195 4386 1590 4462 audientiam,
1609 4385 1685 4447 de
1704 4387 2051 4466 Rescriptis,
2073 4385 2175 4447 n.1
2200 4379 2330 4466 18).
2355 4382 2597 4448 Atvero
