3146 4973
1228 282 1548 329 APPBNDIX
1597 282 1665 327 n.
2440 269 2566 331 673

1413 559 1494 621 11.

348 827 657 877 mmmm
702 826 1084 877 Ensscnoms
1128 828 1314 876 NOVAE
1342 827 1686 879 PAROCHIAE
1734 829 1861 878 PER
1905 829 2564 881 DISMEMBRATIOREM.

442 1088 530 1148 Ea
560 1105 691 1166 quoe
720 1092 1062 1150 animarum
1091 1090 1362 1167 pericula
1392 1091 1759 1167 submovent,
1790 1097 1848 1152 et
1879 1092 2103 1171 populo
2133 1093 2319 1154 Nobis
2344 1094 2572 1155 credito

351 1205 649 1266 levamina
680 1206 968 1283 proebent,
991 1206 1195 1266 sedulo
1223 1206 1664 1285 amplectente8‚
1703 1207 2239 1286 supplicationibus
2270 1207 2574 1269 hominum

353 1323 467 1382 loci
510 1324 587 1385 Ν.
629 1323 931 1400 inclinati,
969 1323 1181 1401 quibus
1226 1323 1489 1383 dolentes
1544 1322 1731 1385 Nobis
1780 1329 2202 1402 exposuerunt,
2240 1325 2399 1402 quod
2447 1342 2576 1385 cum

352 1442 472 1518 ipsi
514 1439 623 1498 sub
656 1437 949 1518 parochia
994 1442 1191 1498 sancti
1225 1440 1306 1501 N.
1347 1438 1462 1497 loci
1505 1440 1585 1499 N.
1622 1441 1915 1515 eaeistant,
1963 1439 2033 1498 ob
2078 1439 2462 1513 distantiam,
2506 1458 2578 1500 ac

351 1556 534 1612 etiam
580 1553 1067 1632 impedimentum
1098 1551 1370 1627 fluminis
1406 1553 1486 1614 N.
1523 1553 1681 1630 quod
1699 1552 2052 1631 parochiam
2087 1555 2339 1629 dividit,
2383 1560 2442 1616 et
2478 1574 2581 1617 ra-

351 1668 494 1745 pide
524 1667 816 1744 decurrit,
844 1671 1181 1744 praesertim
1209 1672 1467 1744 tempore
1487 1666 1773 1746 hyemali,
1809 1685 2032 1729 necnon
2065 1687 2366 1746 asperam,
2391 1687 2583 1731 coeno-

355 1800 594 1861 samque
638 1786 824 1857 viam,
878 1800 997 1843 non
1033 1785 1293 1862 possint,
1347 1785 1690 1860 praesertim
1738 1800 1927 1859 senes,
1988 1789 2168 1863 pueri
2221 1802 2293 1844 ac
2335 1785 2580 1861 debiles,

355 1899 572 1977 absque
615 1902 889 1959 maxima
936 1896 1298 1974 difficultate
1353 1903 1410 1958 et
1454 1898 1746 1977 periculo,
1807 1899 1890 1959 ad
1938 1898 2136 1977 illam,
2193 1918 2304 1978 pro
2353 1901 2585 1961 divinis

356 2012 569 2091 officiis
610 2014 952 2090 audiendis,
994 2018 1055 2073 et
1082 2014 1489 2091 percipiendis
1523 2017 1933 2088 sacramentis,
1977 2016 2284 2092 accedere,·
2321 2016 2589 2095 quodque

356 2146 619 2209 persaepe
665 2131 793 2189 sine
837 2128 966 2189 illis
1008 2129 1388 2208 quamplures
1428 2146 1506 2188 ex
1547 2126 1657 2187 hac
1686 2132 1816 2188 vita
1853 2129 2267 2207 discesserint,·
2305 2136 2365 2190 et
2398 2136 2589 2191 rector

360 2245 538 2305 dictoe
567 2243 941 2322 parochialis
970 2247 1167 2304 sancti
1192 2246 1273 2305 N.
1316 2248 1648 2305 consentire
1690 2245 1974 2321 notuerit,
2015 2245 2172 2323 quod
2210 2246 2372 2306 atius
2395 2264 2588 2307 sacer-

359 2363 469 2422 dos
508 2364 660 2437 ipsis
696 2360 907 2421 incolis
940 2362 1006 2419 in
1044 2359 1336 2438 cappella,
1386 2377 1489 2419 seu
1520 2360 1764 2420 ecclesia
1808 2362 2021 2422 Sancti
2070 2362 2153 2423 N.
2191 2361 2412 2422 ibidem
2455 2380 2601 2422 con·

363 2482 613 2552 structa,
646 2482 705 2538 et
736 2475 810 2537 de
842 2475 1259 2555 supellectibus
1298 2478 1486 2536 sacris
1520 2475 1792 2537 decenter
1809 2479 2076 2556 provisa,
2108 2480 2353 2538 missam
2383 2477 2591 2539 diebus

362 2596 535 2672 festis
584 2592 853 2669 celebret,
896 2596 954 2651 et
1002 2597 1373 2652 sacramenta
1420 2595 1486 2651 in
1525 2609 1668 2652 casu
1711 2595 2083 2653 necessitatis
2124 2597 2428 2654 ministret
2443 2615 2474 2670 ,·
2513 2594 2596 2655 ad

362 2709 942 2770 dismembrationem
987 2712 1045 2767 et
1090 2711 1437 2768 erectionem
1475 2712 1795 2786 respective
1838 2725 2006 2769 novoe
2046 2708 2365 2787 parochioe,
2408 2717 2596 2789 prout

357 2828 482 2904 ipsi
499 2826 912 2904 postularunt,
942 2823 1262 2902 procedere
1283 2826 1631 2885 statuimus,

451 2943 714 3017 Idcirco,
758 2941 925 3019 facta
960 2957 1074 3019 per
1122 2942 1417 2999 vicarium
1470 2945 1742 3000 nostrum
1774 2939 2139 3019 qeneralem,
2185 2940 2260 3000 de
2303 2943 2589 3002 mandato

359 3062 590 3133 nostr0,
618 3056 902 3134 diliqenti
931 3072 1108 3134 super
1131 3057 1422 3132 expositis
1448 3057 1857 3132 inquisitione,
1888 3072 1960 3114 ac
1981 3055 2233 3134 desuper
2258 3062 2591 3117 constructo

365 3170 575 3255 (citato
603 3177 663 3231 et
688 3171 897 3232 audito
922 3171 1162 3231 domino
1194 3164 1438 3251 rectore)
1458 3187 1761 3248 processu,
1794 3170 1870 3230 de
1897 3187 2010 3248 quo
2035 3174 2101 3231 in
2130 3175 2316 3248 actis,·
2347 3172 2594 3251 illisque

355 3288 534 3368 plene
575 3305 685 3367 per
722 3291 961 3348 testium
1003 3286 1432 3366 depositiones,
1478 3285 1733 3364 aliisque
1776 3285 2062 3364 leqitimis
2100 3288 2579 3365 probationibus,

360 3404 778 3464 concludenter
806 3400 1171 3479 verificatis,·
1200 3401 1427 3461 dictum
1461 3400 1651 3461 locum
1676 3402 1737 3462 N
1741 3445 1786 3475 .,
1814 3417 1948 3461 cum
1980 3401 2222 3462 ecclesia
2247 3406 2445 3463 sancti
2471 3406 2530 3466 N
2538 3449 2581 3477 .,

360 3518 722 3595 hominibus,
755 3517 992 3595 incolis,
1023 3522 1081 3577 et
1108 3515 1388 3594 familiis,
1419 3532 1457 3575 a
1480 3514 1825 3596 parochiali
1860 3515 2104 3577 ecclesia
2139 3517 2255 3578 loci
2285 3519 2363 3580 N.
2394 3525 2589 3581 aucto·

362 3642 551 3700 ritate
585 3638 923 3711 ordinaria,
958 3640 1019 3696 et
1055 3653 1093 3696 a
1121 3651 1289 3696 sacro
1320 3633 1570 3695 concilio
1604 3633 1957 3695 Tridentino
1997 3630 2150 3717 (cap.
2191 3634 2255 3711 4,
2295 3656 2439 3699 sess.
2478 3636 2588 3719 21)

362 3755 663 3833 deleqata,
696 3770 1063 3834 separamuS,
1102 3752 1457 3828 dividimus,
1495 3755 1555 3810 et
1583 3750 2100 3828 dismembramus,
2141 3757 2200 3812 et
2236 3753 2461 3815 dictam
2491 3773 2589 3815 ec-

359 3871 605 3932 elesiam
625 3871 835 3931 Sancti
853 3871 911 3931 N
917 3916 961 3944 .,
978 3885 1109 3929 cum
1132 3885 1238 3929 suo
1263 3868 1385 3928 loco
1410 3862 1470 3926 ‘et
1493 3866 1803 3944 districtu,
1834 3884 1873 3926 a
1883 3912 2075 3928 .......
2094 3885 2277 3946 usque
2298 3868 2382 3930 ad
2388 3915 2582 3946 .......

359 3988 673 4050 accedente
706 3990 892 4048 etiam
916 4002 1197 4045 consensu
1223 3986 1419 4044 nostri
1443 3981 1720 4062 capituli,
1758 3984 1824 4042 in
1845 3980 2254 4061 parochialem
2283 3984 2590 4048 ecclesiam

360 4107 651 4184 eriqimus
696 4107 755 4162 et
801 4102 1257 4174 constituimus,·
1298 4098 1511 4159 dantes
1552 4102 1611 4158 et
1651 4097 2026 4158 concedentes
2070 4100 2282 4160 incolis
2317 4105 2377 4161 et
2417 4101 2589 4163 habi·

362 4218 663 4282 tatoribus
694 4217 846 4278 dicti
884 4216 997 4277 loci
1022 4220 1080 4275 et
1107 4215 1427 4276 districtus
1454 4213 1694 4292 plenam
1733 4218 1790 4274 et
1829 4213 2075 4274 liberam
2107 4220 2491 4296 potestatem,
2523 4223 2590 4279 in

360 4337 532 4399 dicta
563 4332 909 4416 parochiali
949 4330 1193 4393 ecclesia
1239 4328 1604 4410 sepulturas,
1655 4334 2073 4409 coemeterium,
2108 4331 2333 4409 fontem
2371 4333 2593 4412 baptis-

2250 4441 2322 4498 45
