3146 4973
609 331 737 394 376
1285 344 1658 394 ‘mmm-rus
1704 347 1791 393 nn
1834 345 2161 395 ranocno.

696 469 1000 549 QUAEs'rlo
1030 472 1115 533 5⁸.
1153 504 1242 516 —
1286 473 1373 533 De
1421 475 1767 550 privatione
1797 472 1868 533 ob
1896 472 2320 536 alienationem
2347 491 2549 535 rerum
2579 475 2834 535 ecclesioe

607 605 712 647 seu
744 585 1033 662 beneficii.
1062 619 1154 631 -—
1175 584 1300 664 Qui
1333 583 1503 648 bona
1536 584 1830 650 ecclesias
1872 603 1987 649 seu
2017 584 2317 651 beneficii
2354 587 2476 662 sui,
2509 593 2698 651 extra
2727 605 2831 650 ca-

606 718 716 764 sus
738 717 773 762 a
794 698 944 783 jure
973 700 1337 781 permiSSOS,
1360 698 1597 764 alienat
1620 698 1863 782 absque
1882 697 2067 764 Sedis
2088 699 2465 782 Apostolicae
2487 717 2824 776 consensu,

607 817 748 901 ipso
776 814 927 899 jure
957 814 1277 880 beneficio
1305 815 1417 881 illo
1446 816 1742 898 privatus
1770 816 2011 881 existit.
2058 814 2224 881 Vide
2271 817 2660 883 Leurenium
2698 816 2832 901 (Fo-

608 952 745 995 rum
774 930 1137 1009 beneficiate,
1168 937 1355 1013 parte
1383 933 1448 1008 3,
1480 948 1547 1015 q.
1578 929 1750 1013 199).

692 1048 995 1128 QUAESTIO
1036 1049 1132 1113 6¹.
1150 1079 1240 1093 -—-
1263 1052 1350 1111 De
1377 1053 1721 1130 privatione
1753 1051 1825 1112 ob
1850 1053 2190 1111 simoniam.
2212 1082 2303 1095 —
2323 1048 2602 1113 Simonia
2651 1063 2829 1112 men-

608 1163 756 1231 talis
785 1183 915 1229 non
946 1162 1203 1229 inducit
1246 1163 1685 1247 privationem
1721 1162 2023 1229 beneficii
2052 1163 2192 1247 ipso
2225 1162 2371 1247 jure
2411 1183 2426 1227 :
2466 1162 2636 1228 bene
2674 1181 2830 1229 vero

606 1281 873 1347 simonia
919 1279 1131 1357 realis,
1171 1278 1667 1355 confidentiam,
1704 1284 1774 1343 et
1821 1280 2044 1345 mixta.
2079 1277 2273 1359 Quod
2311 1277 2463 1344 vide
2510 1277 2655 1344 fuse
2707 1284 2832 1343 tra·

607 1395 815 1461 ditum
848 1414 886 1459 a
917 1394 1236 1464 Leureuio
1271 1395 1514 1480 (Forum
1556 1394 1915 1471 beneficiola,
1955 1400 2140 1476 parte
2170 1396 2235 1472 3,
2267 1411 2333 1477 q.
2365 1395 2496 1457 200
2524 1400 2594 1459 et
2631 1391 2825 1477 seq.).

696 1512 1002 1593 Quffls'no
1040 1519 1125 1576 7⁸.
1170 1545 1261 1557 —-
1294 1514 1381 1573 De
1388 1515 1735 1592 privatione
1756 1512 1826 1572 ob
1853 1512 2380 1573 insordescentiam
2407 1515 2473 1572 in
2499 1528 2834 1573 exconmu-

605 1632 925 1692 montione.
972 1662 1062 1673 —
1100 1628 1164 1688 1⁰
1217 1624 1483 1690 Certum
1537 1631 1638 1690 est
1682 1644 1805 1708 per
1853 1624 2052 1691 solam
2102 1624 2840 1691 excommunicationem·

605 1763 734 1809 non
784 1743 1031 1807 incurri
1066 1742 1495 1825 privationem
1549 1740 2018 1806 beneficiorum
2067 1741 2524 1823 obtentorum3
2578 1739 2699 1805 sed
2729 1759 2832 1805 ex-

606 1857 1113 1923 communicatus
1140 1855 1218 1921 fit
1243 1863 1497 1922 tantum
1530 1855 1830 1922 inhabilis
1873 1854 1959 1921 ad
1991 1853 2347 1922 obtinenda
2385 1874 2552 1921 nova
2595 1855 2833 1921 benefi-

605 1974 723 2039 cia.
764 1971 952 2060 (Vide
983 1973 1397 2051 Leurenium‚
1430 1972 1579 2037 loco
1606 1974 1747 2048 cit„
1784 1992 1850 2056 q.
1887 1971 2072 2055 204.)

693 2086 1299 2154 2⁰1usordescentia
1324 2088 1390 2151 in
1422 2087 2089 2152 excommunicatione
2120 2104 2241 2169 per
2270 2105 2509 2151 annum
2535 2093 2603 2152 et
2632 2086 2824 2164 ultra,

606 2224 736 2271 non
792 2201 1044 2268 inducit
1108 2203 1541 2287 privationem
1594 2208 1726 2284 ipso
1764 2208 1931 2284 jure.
1998 2225 2031 2262 «
2085 2201 2328 2267 Nullibi
2371 2201 2546 2266 enim
2591 2202 2839 2284 reperi·

612 2341 646 2379 α
682 2326 792 2384 tur
824 2319 890 2382 in
918 2317 1066 2401 jure
1102 2323 1324 2382 textus
1355 2314 1582 2382 dicens
1617 2315 2171 2381 iusordescentem
2218 2316 2545 2399 privatum
2587 2314 2833 2381 benefi-

609 2457 642 2497 «
673 2434 785 2499 ciis
816 2455 830 2498 :
864 2439 935 2500 et
974 2430 1487 2498 insordesceutia
1532 2431 1743 2499 solum
1791 2438 2126 2515 operatur,
2164 2430 2342 2517 quod
2385 2428 2836 2497 insordescens

613 2572 647 2610 c<
678 2548 1000 2613 habeatur
1031 2565 1152 2630 pro
1183 2545 1478 2612 confesso
1507 2546 1617 2611 vel
1639 2548 1943 2613 convicto
1966 2546 2051 2613 de
2070 2548 2337 2612 crimine
2369 2554 2484 2612 aut
2512 2566 2724 2621 causa,
2749 2544 2834 2611 de

614 2687 647 2725 «
679 2683 807 2749 qua
832 2664 1280 2728 accusabatur.
1317 2683 1349 2723 »
1390 2663 1792 2748 (Leurenius,
1831 2664 2029 2729 citata
2058 2664 2435 2748 quaestione,
2469 2682 2533 2727 u.
2562 2660 2656 2747 2.)

699 2783 769 2844 3⁰
811 2802 840 2833 «ι
878 2777 1107 2842 Potest
1144 2783 1363 2841 tamen
1419 2778 2018 2843 excommunicatus
2045 2826 2061 2855 ,
2117 2779 2203 2844 ob
2257 2776 2832 2844 insordescentiam

615 2916 649 2954 a
684 2894 927 2978 privari
973 2889 1336 2974 beneficiis;
1386 2911 1468 2958 ex
1520 2894 1795 2970 ratione,
1839 2902 1916 2958 ut
1953 2894 2019 2958 iu
2052 2893 2414 2977 privatione
2465 2913 2598 2959 nou
2639 2893 2836 2959 consi-

617 3031 652 3070 «
688 3008 964 3074 deretur
1003 3025 1195 3071 causa
1236 3009 1933 3085 excommunicationis,
1971 3006 2090 3074 sed
2132 3027 2371 3075 novum
2406 3007 2724 3074 delictum
2753 3028 2834 3074 ex

617 3148 650 3186 a
684 3123 1169 3209 perseverantia
1204 3128 1275 3188 et
1315 3123 1691 3206 pertinacia,
1728 3123 2026 3188 nimirum
2075 3130 2486 3207 contemptus
2520 3124 2834 3206 interpre-

615 3262 650 3300 «
680 3239 925 3304 tativus
965 3239 1246 3304 clavium
1274 3238 1478 3303 Petri.
1513 3259 1545 3299 »
1597 3238 1997 3324 (LeureniuS‚
2030 3236 2219 3316 ibid„
2251 3258 2316 3302 n.
2352 3235 2447 3321 3.)
2481 3238 2562 3304 Et
2595 3238 2686 3303 ita
2726 3237 2834 3303 do-

609 3361 826 3422 ctores
850 3356 1299 3422 communiter.

704 3471 774 3534 4⁰
804 3473 971 3535 Num
1021 3467 1107 3534 ad
1165 3462 1710 3553 pronuntiandam
1747 3469 2175 3551 privationem
2232 3466 2502 3536 sufficiat
2545 3468 2834 3536 insorde·

615 3588 860 3653 scentia
909 3605 1031 3669 per
1076 3604 1338 3664 annum,
1368 3605 1449 3650 an
1513 3603 1676 3650 vero
1727 3587 2104 3670 requiratur
2149 3585 2661 3652 insordescentia
2715 3604 2832 3671 per

612 3702 989 3778 triennium,
1023 3699 1359 3785 disputant
1397 3700 1730 3779 doctore&
1769 3720 1891 3786 pro
1927 3709 1998 3767 et
2031 3709 2258 3768 contra
2287 3703 2630 3768 nonnullos
2672 3701 2834 3787 juris

612 3825 837 3884 textus
859 3813 1284 3881 adducentes.
1319 3814 1509 3903 (Vide
1530 3817 1949 3893 Leurenium‚
1970 3816 2114 3884 loco
2130 3813 2379 3901 citato.)
2405 3815 2531 3883 Sed
2557 3818 2627 3881 in
2650 3817 2832 3900 praxi

613 3932 944 3999 evanescit
984 3930 1327 3996 difficultas
1362 3954 1377 3997 :
1414 3950 1561 3997 nam
1597 3938 1851 3998 certum
1890 3941 2012 4011 est,
2042 3951 2125 3997 ex
2153 3931 2532 3998 Tridentino
2562 3931 2833 3999 decreto

620 4048 797 4134 (sess.
837 4049 945 4125 25,
985 4068 1043 4113 c.
1074 4045 1164 4132 3),
1214 4066 1400 4132 posse
1437 4049 1828 4132 Episcopum
1870 4046 2232 4131 procedere
2275 4054 2502 4113 contra
2543 4047 2832 4115 insorde-

614 4170 902 4229 soentem
935 4170 1216 4245 tanquam
1241 4171 1573 4245 suspectum
1602 4165 1678 4226 cle
1700 4164 1935 4237 koeresi,
1968 4169 2024 4225 si
2048 4165 2341 4226 obdurato
2362 4168 2566 4227 animo
2591 4182 2708 4245 per
2725 4183 2832 4227 aa·

607 4296 754 4342 num
779 4281 1166 4342 insat-duent.
1199 4274 1473 4342 Aliunde
1503 4282 1690 4341 extra
1739 4276 2250 4342 controversiam
2297 4282 2420 4353 est,
2459 4282 2830 4360 suspectum

602 4392 691 4459 de
721 4393 941 4459 haeresi
973 4409 1160 4476 posse
1214 4388 1545 4456 beneficiis
1584 4390 1853 4473 privari.
1898 4392 2064 4475 Ergo
2126 4407 2391 4475 semper
2410 4389 2663 4474 poterit
2692 4390 2832 4475 Epi·
