3146 4973
563 351 693 416 612
1241 363 1615 413 Tnac‘ra'ms
1662 366 1748 413 ns
1794 365 2121 415 Panocno.

557 508 708 555 oum
745 505 944 573 supra
982 488 1375 553 enumeratis
1413 486 1698 555 foeminis
1735 486 2180 572 cohabitandi3
2219 505 2379 572 ergo
2415 487 2536 554 hac
2572 487 2777 555 facul-

557 612 696 671 tate
740 605 824 670 ab
860 604 1179 688 Episcopo
1225 603 1469 687 privari
1518 624 1648 670 non
1683 614 1975 691 possunt.
2021 606 2183 670 Hinc
2225 605 2487 671 omnino
2532 623 2782 670 errasse

557 721 882 786 existimat
916 717 1312 784 Benedictus
1343 720 1489 786 XIV
1517 718 1833 805 quosdam
1862 721 2231 805 Episcopus,
2270 721 2381 804 qui
2410 719 2664 786 clericis
2683 739 2790 785 ve·

554 843 851 914 tucrant,
896 858 930 895 a
964 854 1046 901 ne
1096 855 1243 900 cum
1278 836 1411 902 ulla
1453 855 1721 920 prorsus
1758 836 2041 915 foemina,
2078 836 2236 902 licet
2265 837 2635 902 arctissimo
2667 835 2787 902 sibi

559 973 594 1013 α
633 951 1202 1034 consanguinitatis
1249 969 1424 1017 nexu
1470 952 1808 1032 obstricta,
1857 949 2307 1019 cohabitarent
2332 974 2364 1013 n
2422 952 2520 1037 (de
2547 955 2787 1035 synodo

558 1068 825 1147 dimas„
872 1067 920 1132 1.
962 1068 1068 1145 11,
1116 1085 1175 1131 c.
1221 1069 1285 1145 4,
1324 1087 1394 1134 n.
1434 1065 1525 1155 7);
1566 1075 1763 1154 atque
1815 1066 2058 1134 ibidem
2100 1086 2165 1131 n.
2202 1068 2239 1131 4
2293 1067 2653 1152 generatim
2691 1086 2790 1132 ca-

559 1179 850 1248 vendum
877 1190 1262 1267 praemonet,
1311 1207 1340 1242 «
1379 1202 1485 1263 ne,
1521 1184 1800 1250 obtentu
1839 1181 2194 1249 renovandi
2235 1183 2542 1266 pristinos
2574 1181 2791 1248 Eccle-

558 1322 589 1360 α
628 1300 735 1364 siae
778 1317 1086 1378 canones,
1139 1296 1497 1384 quidquam
1534 1301 1602 1364 in
1636 1297 1891 1385 synodo
1934 1305 2279 1378 statuatur,
2314 1297 2491 1384 quod
2541 1304 2789 1365 contra-

561 1437 594 1476 «
628 1416 795 1480 rium
840 1415 925 1480 sit
962 1413 1432 1499 posterioribus
1479 1414 1735 1500 legibus
1751 1463 1767 1492 ,
1815 1414 2050 1499 quibus
2107 1416 2384 1500 antiquae
2434 1411 2785 1497 disciplinae

559 1552 593 1590 c<
629 1531 805 1614 rigor
838 1528 1165 1594 nonnullis
1197 1529 1264 1593 in
1299 1528 1499 1595 rebus
1545 1547 1855 1613 expresse
1901 1529 2233 1614 mitigatus
2270 1528 2722 1612 disgnoscitur.
2748 1551 2780 1588 u

647 1646 1045 1711 PRoPosrrlo
1083 1643 1284 1708 VIIP.
1320 1681 1412 1692 —
1443 1647 1681 1709 Valeret
1714 1653 1913 1709 tamen
1948 1648 2233 1727 Episcopi
2275 1649 2646 1721 constitutio,
2671 1663 2785 1724 qua

559 1763 795 1825 clericis
841 1761 1338 1824 cohabitationem
1374 1761 1720 1843 prohiberet
1766 1779 1899 1824 cum
1937 1761 2296 1841 quibuslibet
2344 1761 2628 1839 foeminis,
2668 1762 2789 1822 nisi

551 1882 681 1959 ipse
695 1881 873 1957 prius
906 1894 1115 1939 earum
1135 1877 1461 1957 qualitates
1489 1880 1918 1955 examinasset,
1943 1881 2003 1938 et
2024 1877 2226 1938 abesse
2246 1875 2592 1956 periculum
2611 1880 2786 1953 atque

559 1993 913 2055 scandalum
958 1997 1357 2074 comperisset.
1411 2027 1502 2039 —
1540 1992 1641 2056 Ita
1686 1998 1874 2057 tenet
1924 1988 2320 2055 Benedictus
2359 1989 2531 2068 XIV,
2592 1988 2787 2052 citato

555 2105 723 2173 loco.
772 2106 855 2171 Et
900 2105 1091 2172 facile
1136 2104 1399 2190 probari
1448 2111 1665 2190 potest
1722 2127 1736 2172 ε
1778 2123 1927 2170 nam
1978 2103 2128 2170 talis
2175 2104 2573 2180 constituti0‚
2618 2109 2787 2167 esset

567 2219 835 2305 quidem
891 2228 1130 2305 praeter
1163 2220 1270 2305 Jns
1317 2239 1694 2304 commune;
1741 2227 1809 2285 at
1859 2238 2265 2305 nequaquam
2297 2227 2522 2286 contra
2553 2241 2567 2285 :
2604 2217 2789 2303 siqui-

565 2332 716 2401 dem
764 2334 885 2400 hac
936 2334 1355 2418 dispositione
1409 2355 1538 2400 non
1590 2333 1943 2418 impediret
1983 2335 2339 2418 Episcopus
2382 2332 2792 2400 cohabitatio-

564 2469 716 2517 nem
750 2451 819 2516 in
847 2451 924 2516 iis
956 2450 1231 2527 casibuS,
1271 2451 1336 2516 in
1364 2449 1599 2536 quibus
1627 2448 1713 2516 de
1749 2448 1898 2535 jure
1929 2450 2259 2515 communi
2289 2449 2465 2516 licita
2497 2457 2630 2533 est3
2676 2445 2792 2516 scd

565 2567 909 2635 dumtaxat
961 2566 1353 2652 explendam
1395 2576 1588 2633 antea
1631 2567 2094 2634 formalitatem
2144 2565 2538 2651 injungeret.
2584 2588 2618 2627 α
2654 2566 2792 2631 Hoc

570 2706 606 2745 «
640 2686 880 2770 quippe
908 2684 1020 2770 (ait
1053 2682 1450 2749 Benedictus
1493 2682 1661 2767 XIV)
1705 2682 1879 2748 aliud
1927 2700 2056 2748 non
2099 2690 2273 2749 esset
2303 2700 2497 2768 quam
2537 2682 2659 2748 sibi
2681 2681 2793 2748 de·

567 2824 602 2862 α
635 2796 1034 2865 cernendum
1062 2816 1424 2877 reservare,
1443 2816 1599 2863 num
1619 2797 1757 2864 haec
1776 2798 1883 2864 vel
1911 2798 2021 2864 illa
2038 2797 2303 2864 foemina
2334 2795 2528 2863 cadat
2554 2800 2620 2863 in
2651 2818 2792 2864 cen·
2920 2796 2947 2821 ⁴

569 2935 602 2971 α
636 2932 884 2993 suram,
926 2933 1008 2979 an
1048 2916 1264 2998 potius
1299 2915 1364 2979 iu
1394 2914 1841 2981 limitationem
1872 2914 2119 2998 regulae
2145 2914 2455 2993 Nicoenae,
2492 2913 2576 2979 ab
2609 2915 2792 2980 Inno-

569 3050 602 3089 c«
637 3030 851 3095 centio
878 3029 974 3095 111
1003 3030 1347 3096 innovatoe.
1391 3053 1422 3092 n
1483 3030 1626 3095 Imo
1653 3037 1918 3095 sanctus
1955 3029 2224 3095 Carolus
2265 3032 2675 3096 Borromaeus
2703 3029 2790 3117 (in

566 3146 835 3213 concilio
874 3145 1336 3213 Mediolanensi
1389 3151 1447 3225 1,
1505 3154 1691 3231 parte
1721 3149 1803 3230 23
1853 3151 2135 3211 Actorum
2172 3148 2417 3212 Medici.
2451 3148 2624 3225 eccl„
2654 3164 2794 3230 par·

568 3268 637 3328 te
694 3265 751 3339 Ι,
792 3280 940 3345 pag.
1002 3259 1132 3346 19),
1176 3262 1265 3327 ita
1289 3259 1587 3328 decrevit
1631 3283 1645 3327 :
1828 3266 2124 3326 Foeminas
2158 3282 2577 3344 quascumque,
2612 3268 2792 3324 eliam

566 3383 775 3462 quovis
794 3384 1128 3462 seminis,
1153 3358 1535 3461 ‘coqnotionis
1568 3387 1679 3442 aut
1708 3379 2034 3459 affinitatis
2076 3381 2315 3443 vinc-talo
2336 3385 2423 3443 eis
2450 3385 2794 3461 conjunctas

569 3495 843 3559 habitare
867 3496 1265 3575 prohibemus,
1304 3499 1426 3558 nisi
1454 3498 1779 3576 Episcopus
1800 3499 1867 3557 in
1893 3497 2153 3577 alicujus
2186 3500 2429 3577 tercenti
2449 3500 2795 3558 necessitate

568 3612 754 3673 aliter
783 3611 1127 3689 faciendum
1149 3628 1273 3673 esse
1292 3611 1563 3686 eluxerit,
1594 3611 1764 3687 cujus
1788 3615 2208 3675 conscientiam
2234 3614 2299 3673 in
2332 3610 2438 3672 noc
2459 3611 2638 3673 valde
2659 3628 2795 3671 one-

576 3745 802 3790 ramus.
