3146 4973
1185 404 1510 455 arruumx
1556 406 1603 453 1.
2383 385 2514 453 649

291 548 325 589 α
361 528 639 613 longius,
678 534 756 594 ut
802 528 1085 595 insinuat
1134 527 1609 610 Tridentinum,
1641 529 1925 598 sessione
1977 530 2086 607 23,
2119 546 2178 594 c.
2221 530 2247 593 1
2296 525 2517 614 (versu

292 665 324 704 α
357 647 586 709 Eadem
611 642 899 730 omnino);
932 643 1048 712 ubi
1077 643 1377 713 decernit
1402 645 1726 732 parochos
1745 665 1783 711 a
1805 646 1938 711 suis
1969 643 2264 712 ecclesiis
2288 642 2517 710 abesse

292 784 327 821 «
361 779 492 827 non
522 779 708 844 posse
736 760 859 826 nisi
892 780 1015 845 per
1042 760 1211 829 duos
1240 764 1351 830 vel
1380 770 1518 830 tres
1549 781 1825 840 menses,
1859 761 1971 829 vel
1998 759 2084 827 de
2117 758 2374 826 licentia
2401 758 2517 825 Or-

292 899 327 938 «
361 875 593 943 dinarii
613 925 629 955 ,
692 878 924 945 relicto
983 880 1227 945 vicario
1283 878 1366 944 81)
1412 880 1555 963 ipso
1583 876 1926 946 ordinario
1981 872 2427 961 approbando.
2478 898 2510 934 »

291 991 914 1079 (Schmalzgrueber‚
950 995 1014 1058 in
1047 993 1308 1059 titulum
1334 997 1440 1073 28,
1482 994 1635 1060 libri
1667 999 1690 1060 1
1733 993 2183 1070 decretalium,
2225 1012 2290 1057 n.
2329 988 2423 1075 8.)

376 1111 467 1175 Ea
521 1116 740 1175 tamen
793 1110 974 1175 citati
1039 1111 1324 1178 auctoris
1374 1112 1695 1178 sententia
1713 1162 1733 1191 ‚
1783 1109 1962 1196 quod
2013 1109 2259 1175 scilicet
2312 1108 2515 1193 possit

294 1225 379 1292 ad
423 1232 560 1291 tres
602 1224 1047 1292 hebdomadas
1084 1247 1462 1294 recessurus
1498 1227 1819 1314 parochus
1847 1227 2160 1292 vicarium
2199 1225 2321 1290 sibi
2362 1224 2515 1290 sub-

289 1343 563 1407 stituere
595 1340 680 1406 ab
708 1342 1027 1426 Episcopo
1062 1361 1192 1407 non
1230 1344 1690 1428 approbatum,
1726 1362 1857 1410 non
1887 1342 2044 1408 mihi
2067 1340 2331 1408 videtur
2361 1358 2515 1405 con-

287 1455 560 1522 cordare
583 1475 730 1522 cum
764 1459 963 1524 citato
1012 1458 1391 1526 Tridentino
1434 1467 1645 1538 textu,
1690 1478 1821 1545 quo
1871 1457 2252 1525 decernitur
2279 1474 2514 1542 appro-

286 1572 575 1639 bandum
606 1574 688 1639 ab
717 1573 1066 1641 Ordinario
1103 1594 1246 1642 esse
1278 1577 1613 1653 vicarium,
1651 1580 2136 1659 quandocumque
2157 1572 2512 1659 pax-ochum

289 1689 515 1755 abesse
553 1691 917 1774 contigerit.
973 1692 1114 1756 Non
1168 1709 1356 1774 posse
1402 1691 1757 1776 parochum
1797 1710 1916 1775 per
1939 1707 2135 1756 unam
2160 1688 2514 1755 hebdoma-

288 1803 439 1869 dam
481 1803 711 1871 abesse
747 1806 991 1890 absque
1036 1806 1308 1873 obtenta
1356 1807 1423 1870 in
1473 1807 1735 1890 scriptis
1773 1806 2069 1890 Episcopi
2104 1805 2369 1871 licentia
2407 1822 2514 1869 su·

287 1938 407 2004 pra
456 1921 875 1987 sustinuimus
919 1921 1128 2008 (parte
1174 1924 1235 2000 5,
1293 1923 1509 2006 capite
1556 1925 1619 1996 2,
1669 1928 1700 2001 5
1742 1924 1804 1999 5,
1855 1940 2116 2006 propos.
2153 1920 2218 2005 3)
2255 1940 2269 1982 :
2314 1938 2514 2004 porro

286 2036 638 2100 necessitas
670 2036 1154 2120 approbationis
1180 2034 1398 2123 quoad
1444 2039 1757 2102 vicarium
1790 2035 2053 2102 videtur
2078 2036 2309 2102 saltem
2340 2054 2514 2101 com-

287 2150 700 2236 prehendere
732 2130 939 2230 casus,
973 2153 1043 2217 in
1080 2152 1316 2238 quibus
1343 2155 1709 2220 necessaria
1762 2163 1865 2220 est
1907 2155 1974 2219 in
2026 2154 2284 2238 scriptis
2329 2153 2514 2219 abes-

289 2264 480 2333 sendi
508 2267 769 2332 licentia
792 2289 807 2351 ;
850 2271 1210 2351 praesertim
1243 2287 1392 2334 cum
1421 2268 1682 2336 dicatur
1723 2290 1762 2335 a
1785 2268 2181 2336 Tridentinis
2208 2267 2514 2334 Patribus

290 2383 603 2448 vicarium
656 2401 797 2449 esse
826 2383 1321 2470 approbandum
1356 2389 1839 2469 Quandocumque
1884 2385 2240 2471 parochum
2287 2384 2514 2451 abesse

178 2550 183 2553 .
289 2501 658 2584 contigerit.

1311 2702 1344 2775 5
1379 2698 1490 2762 lv.

366 2889 433 2937 Dc
468 2889 654 2937 vicariis
681 2887 1047 2950 parochialibus,
1078 2890 1157 2952 qui
1193 2891 1399 2952 parocho
1444 2890 1667 2940 residenti
1711 2901 1757 2940 et
1801 2892 2068 2953 parochiam
2096 2888 2440 2939 administranti

1247 2982 1553 3032 auxiliantur.

382 3185 685 3266 QuAES'rlo
727 3187 811 3249 1·.
840 3221 930 3232 —
958 3188 1053 3249 Ad
1079 3204 1248 3267 qvoem
1274 3190 1581 3268 pertineat
1610 3203 1815 3249 eorum
1843 3191 2176 3249 nominatio
2196 3188 2226 3247 P
2250 3221 2339 3232 --
2374 3184 2516 3248 Jam

292 3320 489 3385 supra
524 3301 734 3388 (parte
772 3302 836 3380 4,
883 3319 1027 3384 cap.
1080 3299 1143 3384 2)
1204 3301 1624 3384 probavimus
1677 3300 1841 3366 hanc
1898 3301 2403 3367 nominationem
2431 3297 2518 3365 ad

290 3416 646 3503 parochum
672 3418 1046 3501 pertinere3
1084 3419 1172 3481 ita
1210 3424 1434 3482 tamen
1462 3424 1539 3482 ut
1567 3417 1932 3482 necessaria
1956 3418 2040 3481 sit
2065 3417 2360 3500 Episcopi
2406 3433 2520 3499 ap-

292 3531 611 3616 probatio.
648 3532 786 3597 Nec
830 3530 1064 3596 sufficit
1088 3531 1369 3616 aliquem
1422 3550 1565 3597 esse
1606 3530 2037 3617 approbatum
2079 3530 2162 3596 81)
2202 3530 2522 3614 Episcopo

292 3646 380 3713 ad
409 3644 766 3713 audiendas
803 3647 1259 3724 confessiones,
1288 3655 1365 3712 ut
1390 3646 1608 3712 statim
1636 3652 1705 3712 et
1732 3648 1869 3711 sine
1900 3646 2022 3712 alia
2051 3645 2516 3729 approbatione

290 3763 497 3847 possit
539 3762 861 3846 parochus
908 3780 1061 3828 eum
1089 3762 1212 3828 sibi
1244 3764 1311 3827 in
1344 3762 1654 3828 vicarium
1704 3760 2075 3848 adjutorem
2119 3760 2513 3846 adjungere3

291 3878 411 3945 sed
439 3877 643 3945 debet
680 3897 820 3944 esse
861 3878 1261 3962 approbatus
1286 3877 1370 3943 ab
1401 3879 1719 3962 Episcopo
1758 3895 2065 3960 expresse
2111 3875 2328 3961 quoad
2355 3874 2521 3941 illud

294 3993 515 4060 vicarii
544 4012 803 4059 munus.
842 3992 919 4058 Id
955 3995 1168 4078 palam
1193 3993 1440 4058 faciunt
1471 3993 1971 4058 constitutiones
1995 3991 2337 4060 Benedicti
2372 3992 2523 4058 XIII

296 4119 367 4176 et
406 4109 769 4175 Innocentii
808 4110 981 4186 XIII,
1024 4110 1093 4175 in
1136 4127 1334 4193 supra
1377 4109 1576 4174 citato
1624 4110 1836 4192 capite
1887 4112 1951 4187 2,
1998 4107 2204 4192 partis
2239 4108 2303 4185 4,
2335 4114 2523 4172 tran-

298 4225 578 4308 scriptoe.

390 4340 693 4420 QuAEs'no
723 4342 811 4404 2⁸.
846 4373 939 4388 --
964 4343 1063 4405 Ad
1101 4361 1271 4423 quem
1302 4347 1610 4425 pertineat
1640 4346 1952 4423 assiquare
1985 4359 2309 4421 coum-taam
2344 4342 2527 4404 dictis

290 4456 693 4540 parochorum
741 4458 1119 4538 adjutoribus
1168 4463 1418 4521 vicariis
1475 4459 1905 4521 tribuendam?
1928 4493 2019 4506 --
2060 4453 2423 4521 Dicendum
2452 4452 2526 4520 id
