3146 4973
559 381 688 441 520
1230 392 1608 443 moruus
1652 393 1741 442 nn
1784 392 2114 443 Pnocflo.

551 535 733 599 qnam
756 519 1128 599 parochiali,
1165 520 1262 581 vel
1288 523 1354 581 in
1374 521 1581 599 atiquo
1607 523 1876 581 oratorio
1902 519 2052 604 (sive
2071 523 2332 601 publico,
2367 526 2495 584 sive
2514 519 2763 605 privato)

553 635 629 698 ab
663 634 911 696 ecclesia
945 632 1287 715 parochiali
1321 637 1558 715 ejusque
1609 635 2024 714 dependentiis
2069 607 2357 717 sejuncto,
2392 643 2642 716 possunt
2684 641 2771 698 in-

553 749 950 829 dependenter
975 768 1014 810 a
1034 749 1297 829 parocho
1330 754 1399 810 in
1433 752 1727 830 ejusmodi
1760 751 2006 811 ecclesia
2033 752 2129 812 vel
2157 757 2426 814 oratorio
2451 753 2773 830 confrater-

553 868 771 927 nitatis
802 869 1020 944 peraqi
1043 882 1126 926 σω
1152 867 1489 943 functiones
1520 868 1957 945 ecclesiasticae,
1989 883 2120 946 quoe
2147 885 2269 929 non
2297 874 2438 930 sunt
2468 868 2775 951 paroehia-

553 982 658 1041 tes.
693 1015 785 1028 --
810 978 1078 1044 Constat
1127 997 1209 1043 ex
1262 980 1461 1044 citato
1505 978 1779 1046 decreto
1828 981 1984 1044 anni
2045 984 2209 1045 1703
2230 1028 2246 1058 ‚
2287 979 2493 1047 dubio
2535 985 2572 1047 3
2605 990 2677 1047 et
2711 984 2771 1046 4.

550 1095 855 1177 Quaenam
906 1103 1125 1163 autem
1179 1096 1548 1162 functiones
1606 1098 1734 1162 sint
1783 1097 2207 1180 parochiales
2253 1096 2538 1164 diximus
2588 1115 2779 1182 supra

553 1212 767 1297 eapite
806 1215 910 1277 11.

639 1330 1038 1396 Pnoposmo
1083 1331 1226 1395 111⁸.
1258 1365 1349 1380 --
1399 1334 1476 1394 In
1509 1334 1695 1395 dictis
1737 1335 2312 1412 confraternitatum
2350 1337 2672 1410 oratoriis,
2709 1335 2784 1394 ab

551 1449 795 1510 ecclesia
819 1448 1162 1527 parochiali
1201 1452 1510 1529 sejunctis⁴
1536 1456 1790 1529 possunt
1831 1455 2078 1512 recitari
2108 1450 2269 1510 horoe
2295 1453 2617 1525 canonicae,
2656 1466 2787 1510 cum

551 1565 646 1624 vel
671 1566 801 1624 sine
826 1569 1029 1639 cantu,
1049 1565 1267 1643 absque
1297 1564 1430 1625 ulla
1448 1564 1710 1644 parochi
1737 1566 2010 1627 licentia.
2034 1599 2125 1611 —
2141 1562 2408 1628 Constat
2440 1580 2524 1627 ex
2553 1560 2787 1627 eodem

550 1676 839 1758 generali
868 1674 1142 1741 decreto
1179 1678 1329 1741 anni
1373 1679 1565 1754 1703,
1604 1675 1806 1744 dubio
1844 1678 1948 1742 14.

640 1788 1037 1854 Pnoposmo
1083 1789 1217 1853 ΙΨ.
1242 1825 1333 1837 -
1360 1793 1437 1852 In
1466 1793 1641 1852 modo
1682 1792 1867 1853 dictis
1899 1793 2468 1870 confraternitatum
2497 1795 2794 1852 oratoriis

552 1922 655 1966 sen
679 1904 960 1981 ecclesiis,
986 1906 1275 1967 celebrari
1282 1910 1484 1984 potest
1504 1909 1693 1966 missa
1711 1910 1989 1985 privata,
2022 1907 2465 1968 contradicente
2484 1905 2784 1986 parocho,

552 2022 724 2082 modo
742 2025 1039 2082 assentiat
1074 2022 1423 2100 Episcopus.
1469 2055 1559 2067 -
1603 2019 1873 2086 Constat
1923 2038 2008 2086 ex
2049 2019 2280 2086 eodem
2332 2017 2608 2086 decreto
2637 2020 2791 2085 anni

559 2137 752 2211 1703,
782 2134 987 2200 dubio
1022 2137 1125 2199 15.
1532 2204 1551 2224 θ

642 2250 1041 2318 Pnoposmo
1087 2250 1187 2315 Ψ.
1234 2287 1324 2300 -
1358 2254 1472 2313 lus
1512 2270 1634 2314 non
1668 2252 1844 2315 habet
1867 2252 2186 2333 parochus,
2221 2257 2438 2314 invitis
2461 2255 2803 2332 confratri·

553 2376 661 2435 bus
674 2417 694 2448 ‚
731 2371 1070 2433 doctrinam
1108 2367 1507 2430 christianam
1538 2369 1790 2430 docendi
1827 2373 1893 2429 in
1926 2369 2109 2430 dictis
2153 2386 2356 2429 eornm
2382 2369 2654 2430 ecclesiis
2697 2388 2805 2431 seu

553 2486 872 2561 oratoriis,
915 2483 992 2543 ab
1038 2481 1282 2543 ecclesia
1321 2480 1668 2562 parochiali
1701 2482 1943 2544 divisis.
1980 2516 2071 2529 -—-
2107 2478 2374 2546 constat
2421 2498 2502 2544 ex
2551 2479 2804 2547 eodem

553 2597 824 2665 decreto
851 2597 1003 2662 anni
1040 2597 1232 2673 1703,
1273 2593 1478 2661 dubio
1522 2599 1628 2661 17.

646 2717 1044 2780 Pnoposmo
1079 2712 1213 2776 ΥΡ.
1249 2747 1341 2759 -
1378 2714 1455 2774 In
1478 2714 1665 2775 dictis
1693 2715 2266 2791 confraternitatum
2284 2715 2548 2776 ecclesiis
2572 2721 2640 2776 et
2666 2733 2812 2776 ora·

558 2837 757 2907 toriis,
788 2850 828 2891 a
851 2828 1190 2909 parochiali
1210 2830 1456 2890 ecclesia
1476 2830 1719 2906 divisis,
1748 2829 1954 2891 haberi
1978 2836 2229 2909 possunt
2243 2835 2570 2906 conciones,
2600 2836 2810 2892 etiam

550 2967 662 3029 per
701 2942 892 3009 'totum
929 2951 1157 3024 tempus
1188 2945 1679 3023 Quadraqesimce
1705 2951 1762 3007 et
1795 2947 2126 3023 Adventus,
2165 2946 2382 3025 absque
2415 2947 2676 3008 licentia
2702 2965 2822 3026 pa·

557 3062 745 3138 rochi,
789 3061 962 3123 modo
989 3063 1284 3122 assentiat
1308 3061 1659 3140 Episcopus.
1698 3094 1788 3105 —
1813 3057 2081 3124 Constat
2108 3078 2190 3124 ex
2222 3057 2456 3124 eodem
2487 3056 2811 3134 decreto,

558 3175 762 3242 dubio
800 3178 904 3241 18.

647 3293 1043 3359 Pnoposmo
1087 3290 1353 3355 v11·.--
1376 3293 1453 3354 In
1470 3293 1644 3353 modo
1671 3293 1853 3353 dictis
1878 3292 2448 3369 confraternitatum
2473 3297 2817 3367 oratoriis,

555 3410 847 3473 celebrari
875 3412 1081 3489 nequit
1119 3412 1327 3484 missa,
1360 3411 1487 3468 sive
1532 3408 1706 3484 lecta,
1744 3410 1869 3467 sive
1903 3412 2172 3483 cantata,
2211 3412 2354 3468 ante
2380 3407 2824 3487 parochialem

559 3531 826 3605 missam,
870 3530 997 3586 sive
1044 3525 1279 3599 lectam,
1312 3527 1439 3583 sive
1475 3527 1805 3598 cantatam,
1841 3526 1965 3583 nisi
2001 3522 2187 3583 aliter
2222 3523 2505 3602 disponat
2544 3524 2830 3603 Episco-

548 3661 694 3725 pus.
727 3675 816 3688 -
840 3639 1107 3703 Constat
1132 3654 1215 3702 ex
1243 3633 1477 3701 eodem
1505 3632 1799 3712 decretu,
1837 3633 2039 3702 dubio
2079 3637 2183 3701 19.

650 3760 1047 3823 ΡΒοΡοεΙΤιο
1091 3750 1292 3816 vma.
1330 3786 1423 3797 —
1449 3753 1628 3815 Intra
1649 3754 1940 3815 ambitam
1967 3753 2140 3817 modo
2175 3753 2478 3815 dictarum
2517 3755 2835 3816 ecclesia-

558 3892 695 3938 rum
745 3878 804 3934 et
852 3872 1287 3943 oratoriorum,
1331 3875 1583 3947 possunt
1635 3870 2162 3946 confraternitates
2205 3873 2607 3947 processiones
2667 3890 2842 3933 suas

559 3993 775 4070 facere,
818 3987 1034 4065 absque
1068 3988 1413 4047 interventu
1457 3984 1554 4045 vel
1600 3985 1846 4046 licentia
1883 3983 2138 4064 parochi
2156 4002 2177 4044 .·
2211 3985 2278 4045 id
2322 4001 2462 4044 vero
2493 3994 2837 4062 nequeunt

559 4108 760 4176 entra,
797 4101 1013 4180 absque
1040 4102 1287 4162 licentia
1308 4098 1563 4177 parochi
1584 4117 1696 4178 per
1739 4103 1908 4179 cujus
1949 4103 2320 4192 territorium
2357 4101 2841 4163 transeundum

558 4225 669 4293 est,
705 4219 829 4279 nisi
850 4216 926 4277 de
951 4217 1195 4277 licentia
1228 4215 1531 4293 Episcopi.
1551 4247 1642 4260 —
1670 4212 1942 4279 Constat
1967 4230 2048 4279 ex
2079 4210 2315 4278 codem
2346 4211 2660 4289 decreto,
2697 4212 2846 4281 du-

557 4333 669 4401 bio
691 4334 762 4396 21
808 4337 878 4396 et
900 4330 1009 4392 22.

645 4448 1042 4513 Pnoposmo
1076 4444 1209 4509 1x·.
1236 4446 1413 4508 —In
1435 4446 1753 4526 praedictis
1770 4447 2241 4527 processionibus
2265 4451 2461 4527 potest
2486 4448 2846 4526 cappella-
