3146 4973
1186 355 1345 404 mss
1387 356 1651 404 ΤΕιιΤιΑ.
2398 348 2529 414 369

304 489 363 544 et
405 483 762 546 rationabili
799 487 927 545 suis
969 482 1267 560 beneficiis
1314 485 1656 563 spoliare...
1664 530 1687 562 ‚
1726 486 2082 547 mandamus
2127 494 2441 567 quatemus,
2476 496 2533 551 si

305 603 396 662 ita
419 605 533 678 est,
567 601 859 680 proedieto
908 600 1120 661 clerieo
1159 602 1481 680 proesatam
1519 601 1824 662 ecelesiam
1870 619 2004 663 oum
2053 604 2349 666 reditibus
2391 607 2533 667 inde

301 719 597 794 perceptis
626 719 933 776 restituas.
964 713 1061 778 Ex
1084 712 1184 778 his
1209 713 1499 778 textibus
1521 720 1704 795 patet
1741 717 1803 778 1⁰
1822 732 2078 779 causam
2108 714 2356 781 debere
2389 736 2529 782 esse

304 846 583 907 qravem,·
631 829 700 891 2⁰
746 827 925 891 iilam
977 825 1220 893 debere
1281 846 1422 893 esse
1478 827 1906 907 manifestam,
1952 848 2092 906 seu,
2135 828 2312 914 quod
2353 829 2534 896 idem

304 950 429 1019 est,
469 949 801 1022 notoriam
831 950 900 1007 et
935 941 1174 1008 dicitur
1200 942 1453 1009 notoria
1488 949 1848 1008 notorietate
1857 950 2050 1027 juris,
2090 943 2351 1028 quando
2385 965 2538 1012 reus

306 1058 371 1122 in
384 1056 630 1141 judicio
654 1058 990 1124 convictus
1004 1058 1132 1123 fuit
1153 1058 1262 1124 vel
1278 1057 1640 1141 confessum
1661 1059 1916 1124 notoria
1941 1066 2163 1124 autem
2184 1066 2539 1125 noim-ietate

304 1174 483 1252 sacti,
521 1172 781 1257 quando
813 1174 901 1237 ita
949 1169 1219 1237 evidens
1257 1180 1381 1251 est,
1426 1180 1504 1238 ut
1555 1173 1728 1238 nulla
1771 1173 1971 1255 possit
2000 1174 2537 1256 tergiversatione

307 1288 540 1371 celari3
574 1295 793 1370 prout,
840 1286 1027 1353 verbi
1083 1288 1311 1371 gratia,
1363 1285 1626 1372 quando
1665 1307 1818 1353 reus
1859 1287 2175 1353 delictum
2219 1289 2288 1354 in
2323 1290 2539 1371 platea

307 1420 523 1467 eoram
570 1403 745 1468 omui
781 1402 1021 1487 populo
1059 1403 1364 1486 patravit.
1411 1406 1480 1468 3⁰
1522 1403 1829 1488 Sequitur
1871 1403 2066 1469 etiam
2111 1423 2194 1469 ex
2240 1402 2541 1469 adductis

308 1516 600 1582 textibus
639 1515 1036 1582 servandum
1075 1536 1217 1582 esse
1265 1516 1563 1584 ordinem
1602 1516 1852 1602 judicii,
1891 1526 1967 1584 ut
2011 1517 2300 1584 indicant
2335 1518 2538 1585 verba

309 1630 468 1709 hate,
500 1651 701 1694 eoram
736 1635 1049 1713 Episcopo,
1090 1639 1376 1696 canonica
1403 1639 1724 1697 severitate
1753 1640 2027 1698 amittat.

401 1746 767 1811 Caeterum
751 1766 816 1810 m
848 1744 1253 1812 admittenda
1282 1746 1402 1813 hac
1429 1748 1652 1831 regula
1682 1750 2017 1814 unanimes
2043 1755 2196 1813 sunt
2213 1703 2536 1835 doctores3

310 1864 484 1928 inter
515 1880 677 1946 quos
711 1863 801 1927 sic
848 1864 1208 1945 Fingamus,
1234 1864 1502 1928 citatum
1545 1870 1744 1946 caput
1776 1866 2180 1944 Conquerente
2207 1883 2541 1929 commen-

314 1986 459 2043 tans
495 2000 510 2042 ε
554 2000 585 2039 α
623 1980 790 2042 Nota
822 1998 905 2043 ex
939 1984 1123 2043 textu
1166 1978 1290 2044 tria
1325 1979 1658 2062 requisita,
1697 1977 2060 2044 secundum
2091 1978 2430 2057 Abbatem‚
2455 1978 2541 2044 ad

319 2115 351 2154 α
385 2092 508 2158 hoe
559 2101 633 2159 ut
683 2094 965 2160 clericus
998 2093 1320 2160 beneficio
1357 2113 1474 2160 suo
1524 2095 1701 2160 licite
1750 2094 1994 2177 privari
2038 2095 2261 2177 possit.
2323 2094 2542 2159 Primo

318 2233 350 2269 «
395 2210 567 2274 enim
602 2211 959 2295 requiritur
985 2229 1176 2275 eausa
1208 2212 1619 2273 rationabilis.
1657 2207 1978 2286 Secundo,
2001 2215 2075 2273 ut
2099 2227 2292 2274 causa
2322 2209 2545 2292 hujus-

317 2348 351 2385 α
389 2322 567 2390 modi
601 2326 684 2389 sit
722 2328 1127 2405 manifesta...
1162 2325 1244 2389 Et
1284 2342 1542 2408 expone
1595 2324 1871 2390 verbum
1921 2327 2266 2404 manifesta,
2314 2322 2386 2389 id
2415 2333 2535 2404 est,

317 2463 350 2503 α
385 2448 623 2506 notoria
655 2441 753 2528 (ut
790 2459 1034 2507 canone
1074 2445 1153 2505 In
1193 2457 1566 2524 quemquam,
1605 2443 1669 2521 2,
1705 2459 1770 2527 q.
1804 2437 1892 2525 l);
1934 2447 2006 2506 et
2036 2440 2311 2507 verbum
2351 2446 2543 2505 ratio-

317 2582 349 2619 α
388 2560 582 2622 nobili
607 2575 886 2640 expone,
930 2555 1002 2622 id
1030 2565 1150 2634 est,
1191 2563 1408 2639 aravi:
1442 2576 1591 2622 nam
1628 2574 1749 2639 pro
1781 2556 1914 2620 levi
1942 2575 2134 2621 causa
2172 2576 2299 2622 non
2334 2554 2538 2621 debet

264 2730 281 2749 ,
317 2697 351 2735 α
388 2675 532 2759 quis
556 2673 797 2756 privari
832 2671 1152 2738 beneficio
1175 2691 1294 2737 suo
1325 2673 1406 2758 (c.
1436 2677 1776 2749 Inventum,
1822 2673 1924 2750 16,
1954 2690 2019 2755 q.
2058 2668 2148 2754 7).
2191 2673 2408 2737 Tertio
2436 2691 2543 2737 re-

318 2811 353 2849 α
392 2788 674 2874 quiritur
719 2796 795 2853 ut
838 2787 1117 2871 privatio
1162 2785 1277 2852 fiat
1327 2787 1391 2851 in
1433 2785 1712 2872 judicio,
1756 2804 1870 2851 seu
1914 2784 2080 2868 juris
2124 2783 2356 2851 ordine
2405 2804 2544 2851 ser-

316 2928 350 2965 α
393 2911 563 2970 vato.
591 2926 625 2965 ι)

402 3019 584 3086 Idem
610 3020 850 3084 iterum
873 3015 1077 3083 tradit
1105 3019 1442 3101 Fagnanus
1482 3016 1566 3102 (in
1592 3019 1789 3099 caput
1815 3018 1967 3078 Cum
2010 3017 2288 3095 dilectus,
2329 3018 2406 3080 de
2433 3020 2543 3081 Re·

310 3140 575 3217 scriptis,
610 3154 677 3198 ιι.
712 3132 819 3218 20)
862 3155 876 3200 :
915 3157 949 3196 (ι
991 3132 1275 3198 Privatio
1317 3129 1622 3196 beneficii
1651 3138 1751 3194 est
1794 3147 1985 3212 poena
2012 3128 2365 3209 ordinaria,
2396 3149 2540 3215 quae

312 3271 441 3317 non
470 3250 825 3334 imponitur
853 3250 975 3314 nisi
1013 3247 1512 3333 progravissimo
1543 3245 1834 3321 erimine,
1869 3245 2110 3327 proevia
2141 3245 2444 3311 citatione
2476 3249 2543 3310 in

306 3365 550 3451 iudicio
578 3345 945 3443 ordinarios
968 3371 1039 3430 et
1067 3363 1372 3447 legitimis
1409 3358 1901 3444 exceptionibus
1937 3357 2318 3425 discussis...
2354 3358 2536 3426 Adeo

310 3487 389 3545 ut
405 3483 699 3564 privatus
721 3501 759 3545 a
781 3478 1025 3566 judice,
1048 3498 1176 3544 non
1207 3482 1512 3545 servante
1542 3471 1844 3540 ordinem
1868 3471 2310 3556 judiciarium,
2342 3475 2540 3556 possit

312 3603 543 3680 petere
574 3596 1051 3662 restitutionem
1076 3600 1384 3677 tanquam
1410 3590 1808 3675 spoliatus.»

402 3713 681 3778 ΒεθυιΔ
715 3712 947 3779 11·.-
968 3714 1103 3775 Non
1127 3714 1319 3792 potest
1346 3708 1714 3772 ordinarius
1738 3706 1822 3768 ad
1836 3707 2247 3785 privationem
2271 3704 2542 3782 beneficii

304 3830 626 3910 procedere
650 3846 729 3890 ex
752 3828 1086 3905 informata
1113 3826 1498 3887 conscientia.
1517 3856 1608 3869 —-
1632 3819 1940 3903 Sequitur
1968 3837 2052 3883 ex
2087 3818 2535 3902 praecedenti:

316 3960 467 4008 nam
493 3942 546 4006 si
577 3948 797 4025 posset
819 3936 1185 4024 procedere
1219 3956 1303 4003 ex
1328 3934 1676 4000 informata
1708 3932 2117 4010 conscientia,
2147 3940 2364 4015 posset
2389 3951 2540 4018 pro·

317 4055 558 4123 cedere
591 4063 810 4122 extra·
779 4053 1221 4140 -judicialiter‚
1264 4069 1381 4117 seu
1408 4069 1540 4115 non
1570 4053 1836 4113 servato
1865 4044 2029 4130 iuris
2059 4044 2323 4131 ordine3
2365 4048 2544 4134 quod

318 4169 517 4239 modo
548 4170 831 4239 vidimus
856 4189 988 4237 non
1016 4169 1239 4245 licere,
1278 4163 1541 4251 quando
1584 4162 1801 4247 agitur
1836 4159 1922 4226 de
1952 4159 2303 4245 infligenda
2329 4165 2547 4247 priva-

320 4288 516 4355 tionis
571 4304 788 4371 poena.
841 4284 1171 4349 Praeterea
1222 4280 1381 4346 dum
1432 4275 1793 4344 Tridentini
1827 4281 2048 4361 patres
2110 4276 2362 4362 (capite
2394 4282 2546 4343 Cum

316 4404 622 4469 honestius
658 4404 721 4482 1,
747 4396 1043 4467 sessionis
1078 4395 1178 4481 14)
1204 4395 1583 4461 facultatem
1617 4390 1864 4458 faciunt
1888 4390 2216 4474 Episcopis
2245 4397 2548 4472 extra-ju-

2272 4500 2345 4560 24
