3146 4973
1225 360 1384 408 mas
1429 361 1689 407 mam.
2442 348 2558 411 341

431 508 464 545 a
499 487 660 552 Cum
678 491 896 552 autem
924 502 1136 569 neque
1159 484 1417 550 concilii
1438 484 1735 562 decreto,
1771 503 1983 570 neque
2012 485 2343 552 Pontificis
2365 486 2568 566 bulla,

341 627 373 661 α
409 602 720 670 examinis
751 602 816 666 in
852 619 1171 666 concursu
1199 599 1564 685 peragendi
1597 601 1830 679 forma,
1882 621 2001 667 seu
2048 602 2397 669 methodus
2440 605 2576 669 ulla

339 740 370 774 «
406 724 588 782 certa
634 735 709 781 ac
738 714 1085 800 peculiaris
1115 714 1436 780 servanda
1472 724 1900 799 proponatur,
1930 714 2188 782 difficile
2228 716 2408 784 dictu
2443 727 2567 796 est,

337 854 371 891 α
408 838 654 917 quanta
682 831 1052 896 examinum
1104 831 1381 896 aliorum
1421 830 1579 897 alibi
1612 830 1957 896 diversitas
1987 833 2334 908 exstiterit,
2374 840 2571 917 atque

340 968 371 1006 a
408 946 559 1011 hinc
615 947 866 1012 occasio
919 947 1359 1031 querelarum.
1426 948 1586 1011 Nam
1637 946 1881 1012 alieubi
1941 966 2091 1012 cum
2141 967 2270 1013 non
2324 948 2570 1014 eaedem

342 1085 373 1119 a
412 1061 711 1127 omnibus
765 1061 1173 1146 quaesfioneS,
1211 1080 1339 1126 non
1401 1060 1601 1126 iidem
1654 1080 1841 1126 casus
1901 1064 2221 1147 propositi
2274 1064 2566 1141 fuissent,

341 1200 372 1237 «
407 1185 596 1243 erant
632 1175 992 1243 identidem
1022 1177 1156 1263 qui,
1183 1177 1290 1242 vel
1319 1178 1386 1241 in
1417 1176 1695 1261 judicio,
1721 1179 1830 1243 vel
1863 1186 2052 1243 extra
2092 1197 2573 1264 conquereren-

342 1318 375 1352 α
413 1299 544 1368 tur,
582 1291 705 1357 sibi
757 1292 1026 1375 quidem
1071 1292 1452 1376 postpositis
1490 1290 1880 1359 difficfflores
1901 1341 1916 1371 ,
1955 1288 2306 1376 proeelecto
2355 1303 2574 1361 antem

341 1430 375 1467 α
409 1406 728 1473 faciliores
775 1405 861 1473 ad
902 1405 1285 1472 solvendum
1333 1408 1718 1491 quaestiones
1788 1407 2117 1493 obtigisse.
2182 1408 2351 1474 Alibi
2413 1428 2573 1474 vero

341 1547 373 1582 a
411 1522 658 1588 eaedem
687 1520 957 1607 quidem
994 1521 1294 1587 omnibus
1322 1523 1711 1607 quaestiones
1742 1524 2092 1608 propositae
2125 1524 2417 1602 fuerunt,
2453 1526 2572 1592 sed

339 1662 371 1697 «
404 1655 618 1722 neque
674 1636 773 1702 hae
794 1685 810 1715 ,
862 1655 1077 1722 neque
1139 1634 1308 1702 datoe
1363 1656 1399 1701 a
1460 1638 2004 1704 concurrentibus
2077 1641 2563 1723 responsiones,

339 1778 373 1813 «
399 1755 644 1837 scripto
690 1771 807 1817 seu
852 1752 1090 1817 litteris
1153 1753 1720 1836 consignabantur.
1776 1752 2068 1838 Cumque
2126 1734 2563 1837 postmodum,

339 1893 371 1929 «
405 1888 528 1934 nec
565 1886 717 1932 raro
754 1868 1183 1951 contingeret,
1219 1874 1293 1931 ut
1324 1886 1361 1931 e
1394 1868 1765 1950 postpositis
1816 1869 2152 1952 quispiam,
2178 1868 2328 1952 jure
2373 1868 2568 1934 bullae

338 2008 372 2045 α
404 1983 820 2068 supradictae,
856 2001 1103 2048 novum
1132 1979 1219 2047 ad
1266 2001 1543 2047 examen
1580 2001 1798 2048 coram
1834 1980 2057 2066 judice
2088 1984 2562 2066 appellationis,

340 2122 375 2161 «
407 2099 678 2184 ejusque
698 2096 1271 2177 examinatoribuS,
1304 2097 1589 2162 electum
1613 2105 2029 2182 provocaret,
2066 2098 2258 2164 Sacra
2284 2098 2572 2181 Congre-

340 2239 373 2275 κ
407 2216 580 2300 gatio
616 2233 822 2299 usque
862 2213 945 2279 ab
985 2232 1157 2277 anno
1200 2214 1392 2292 1603,
1434 2211 1851 2278 considerans
1890 2230 2240 2296 gravamen
2280 2233 2406 2279 non
2444 2214 2566 2279 alia

338 2354 374 2391 α
409 2332 685 2407 ratione,
721 2347 915 2414 quam
948 2347 1122 2395 novo
1152 2328 1447 2393 examine
1496 2327 1761 2411 probari
1791 2346 2003 2413 posse,
2039 2331 2568 2411 provocationem

337 2470 370 2508 «
406 2444 490 2512 ad
514 2463 752 2512 novum
772 2462 1046 2511 examen
1075 2444 1327 2510 censuit
1355 2441 1850 2520 admittendam,
1882 2444 2253 2527 gravamine
2282 2443 2563 2511 necdum

336 2585 369 2621 α
408 2559 707 2644 probato,
744 2567 813 2625 et
859 2560 1184 2644 requisitis
1223 2559 1678 2626 tantummodo
1719 2559 2210 2643 probationibus
2240 2560 2308 2625 in
2344 2559 2567 2626 subse·

335 2700 369 2738 α
404 2676 630 2762 quenti
675 2674 921 2759 judicio
958 2697 971 2740 :
1017 2675 1084 2739 in
1136 2695 1302 2761 quo,
1350 2675 1626 2759 probato
1669 2695 1794 2761 per
1839 2694 2084 2743 novum
2132 2693 2402 2742 examen
2453 2695 2566 2760 ap-

335 2816 369 2854 «
402 2792 700 2877 pellantis
746 2792 1118 2875 gravamine
1166 2790 1383 2876 quoad
1433 2789 1800 2857 doctrinam
1823 2839 1839 2869 ,
1878 2788 2223 2874 probanda
2266 2801 2565 2875 superest

336 2930 370 2968 α
404 2906 699 2993 ejusdem
735 2924 869 2990 proe
898 2906 1030 2991 jam
1069 2906 1284 2972 eleeto
1320 2910 1385 2971 in
1416 2906 1684 2991 reliquis
1710 2905 1796 2971 ad
1827 2905 2184 2990 regendam
2224 2907 2564 2973 ecclesiam

333 3045 368 3084 (ι
400 3023 726 3108 requisitis
760 3021 1155 3107 praestantia,
1196 3029 1274 3087 ut
1300 3019 1387 3086 de
1426 3020 1671 3105 majore
1706 3021 2088 3086 alterutrius
2122 3019 2208 3086 ad
2239 3021 2565 3103 parochia·

332 3163 367 3200 «
401 3138 480 3206 lis
508 3138 798 3204 ecclesia?
830 3137 1218 3222 gubernium
1241 3135 1598 3202 idoneitate
1630 3137 1952 3203 sententia
1971 3136 2133 3201 ferri
2155 3136 2388 3220 possit3
2417 3155 2563 3201 cum

332 3279 367 3317 «
401 3274 530 3321 non
562 3255 891 3330 continuo,
925 3254 977 3318 si
1008 3253 1151 3337 quis
1179 3259 1281 3317 est
1319 3250 1596 3328 doctior,
1628 3252 1684 3316 is
1718 3251 1916 3316 etiam
1950 3252 2185 3334 aptior,
2218 3269 2334 3316 seu
2363 3253 2565 3335 magis

330 3394 367 3430 «
400 3370 673 3437 idoneus
720 3367 807 3434 ad
853 3367 922 3432 id
965 3369 1258 3451 regimen
1288 3366 1633 3444 habeatur,
1678 3367 1787 3434 vel
1834 3368 2030 3432 etiam
2064 3364 2408 3432 habendus
2449 3367 2557 3432 sit.

330 3510 365 3547 a
399 3488 607 3568 Quam
629 3487 838 3551 Sacrae
866 3485 1395 3569 Congregationis
1434 3484 1823 3550 sententiam
1851 3483 2226 3566 scriptores,
2263 3491 2333 3548 et
2353 3483 2563 3549 tribu-

332 3625 368 3663 «
402 3601 569 3666 nalia
594 3600 971 3666 laudarunt.
1015 3599 1170 3665 Aliis
1204 3598 1469 3665 demum
1499 3600 1565 3663 in
1598 3597 1989 3665 dioecesibus
2012 3597 2359 3664 laudabilis
2385 3599 2563 3664 inva-

332 3736 367 3776 «
397 3714 523 3778 luit
573 3710 1001 3788 consuetudo,
1033 3718 1109 3775 ut
1170 3708 1420 3776 eaedem
1452 3710 1751 3776 omnibus
1789 3711 2197 3795 quaestiones,
2230 3707 2561 3794 iidemque

328 3851 365 3889 «
400 3846 585 3893 casus
606 3833 1085 3911 proponantur3
1129 3845 1204 3890 ac
1243 3826 1349 3912 (ne
1374 3844 1504 3911 qua
1546 3825 1747 3891 detur
1784 3843 1938 3890 ansa
1965 3824 2356 3890 cancellario
2379 3823 2561 3908 qnid·

330 3967 364 4005 «
400 3961 594 4028 quam
643 3960 761 4007 suo
812 3946 1023 4006 marte
1062 3938 1373 4018 addendi,
1428 3937 1786 4018 minuendi,
1833 3937 2151 4022 mutandi)
2193 3945 2268 4002 ut
2303 3939 2562 4022 ipsimet

329 4081 363 4120 α
397 4063 883 4134 concurrentes,
904 4057 1017 4143 qui
1044 4055 1427 4139 interrogati
1468 4055 1740 4132 fuerint,
1773 4071 2047 4139 quzrqne
2072 4050 2554 4137 responderint,

330 4195 363 4232 α
396 4191 513 4238 sua
547 4191 743 4239 manu
792 4170 1222 4255 perscribant.
1273 4171 1484 4255 Atque
1537 4168 1886 4246 ordinarii,
1946 4168 2058 4254 qui
2093 4186 2339 4236 morem
2386 4166 2562 4231 hunc

326 4315 359 4352 a
396 4291 585 4374 longe
613 4288 931 4373 optimum
952 4288 1017 4351 in
1066 4283 1494 4352 examinendo
1536 4291 1834 4363 tenuere,
1865 4285 2072 4350 Sacrae
2114 4282 2355 4351 deinde
2395 4283 2562 4349 Con-

331 4431 366 4468 α
400 4403 759 4490 gregationi
802 4403 997 4468 etiam
1043 4409 1236 4487 atque
1283 4402 1475 4466 etiam
1527 4397 2074 4468 considerandum
2122 4399 2551 4482 reliquerunt,
