3146 4973
1208 382 1365 430 uns
1410 383 1670 430 reum.
2418 368 2545 431 389

330 527 363 566 κ
400 503 683 571 Imoln...
711 552 728 582 ‚
784 506 1159 584 Felinus...,
1216 508 1569 585 Decius...,
1639 506 2027 582 Beroius...‚
2097 507 2541 583 Corsettus...,

327 640 361 678 κ
392 618 689 696 selvam,
731 619 1224 698 Lambertus...‚
1265 621 1478 687 Julius
1499 621 1836 698 Clarus...‚
1871 620 2295 699 Follerius...‚
2327 622 2548 686 Duen-

327 755 359 792 «
394 751 619 804 nas...
660 733 1146 820 Gutierrez...)‚
1181 738 1294 821 qui
1332 735 1561 803 dicunt
1594 755 1978 814 communem,
2021 744 2091 801 et
2133 735 2357 818 plures
2390 736 2548 801 alios

327 848 709 916 «referunt.
760 851 1073 931 Quamvis
1122 853 1493 918 Farinncius
1545 853 1604 939 (4
1662 858 1871 935 parte,
1938 852 2291 937 quaestione
2348 854 2423 917 13
2443 901 2463 929 ,
2505 871 2545 917 a

325 987 358 1022 α
396 983 460 1029 n.
500 963 635 1047 37),
674 983 823 1029 cum
852 966 992 1030 aliis
1037 964 1213 1031 dicat
1250 968 1559 1033 clericum
1601 984 1724 1050 pro
1767 966 2118 1033 concubitu
2159 966 2548 1050 regulariter

324 1103 357 1138 «
391 1077 633 1163 deponi
688 1079 961 1147 debere.
1014 1083 1361 1149 Limitatur
1405 1088 1632 1149 tamen
1677 1081 1987 1166 praedicta
2028 1083 2339 1150 resolutio
2359 1131 2375 1160 ,
2426 1085 2546 1148 nisi

322 1218 354 1253 «
391 1197 640 1261 fuerint
663 1197 913 1276 moniti,
945 1205 1015 1262 et
1039 1196 1123 1262 ad
1146 1198 1501 1265 secundam
1531 1199 1640 1264 vel
1675 1201 1935 1265 tertiam
1961 1200 2377 1265 monitionem
2413 1218 2542 1265 nou

322 1334 355 1370 «
388 1308 760 1376 destiterint
788 1334 802 1376 :
838 1331 984 1377 nam
1016 1321 1178 1378 tunc
1207 1321 1360 1379 sunt
1386 1313 1688 1398 privandi
1719 1314 2054 1380 beneficiis
2076 1315 2311 1400 (capite
2342 1320 2536 1392 Sicut,

320 1450 355 1486 c<
390 1431 460 1490 et
478 1428 690 1510 capite
722 1433 794 1494 Si
822 1437 1043 1507 autem,
1079 1433 1155 1493 cle
1177 1432 1452 1494 Cohabit.
1487 1434 1688 1495 cleric.
1720 1438 1782 1493 et
1801 1428 2004 1514 mah).
2025 1431 2107 1495 Et
2129 1428 2321 1495 hodie
2342 1429 2544 1496 debet

321 1567 354 1603 «
389 1540 765 1626 praecedere
829 1545 1029 1610 tertia
1088 1546 1351 1612 monitio
1368 1595 1383 1622 ‚
1442 1563 1524 1609 ex
1590 1561 1775 1611 sacro
1832 1544 2105 1610 concilio
2161 1543 2542 1610 Tridentino

319 1683 353 1718 u
392 1659 571 1745 (sess.
608 1662 715 1737 25,
752 1679 810 1725 c.
857 1658 987 1743 14),
1030 1661 1145 1725 ubi
1179 1659 1539 1745 praefigitur
1575 1661 1739 1728 ordo
1781 1669 1849 1726 et
1884 1659 2114 1727 modus
2140 1659 2543 1743 procedendi

320 1782 458 1840 «et
500 1774 813 1859 puniendi
853 1774 1367 1842 concubinarios.
1426 1774 1617 1841 Unde
1669 1777 1758 1861 (in
1802 1796 1931 1840 una
1986 1780 2280 1866 Tuneiza,
2326 1795 2538 1843 mona·

316 1915 351 1952 α
383 1892 564 1957 sterii
593 1893 800 1957 sancti
836 1892 1174 1970 Mansueti‚
1206 1895 1287 1957 27
1321 1891 1596 1977 januarii
1639 1895 1830 1969 1597,
1872 1910 2089 1958 coram
2131 1890 2374 1976 Pegna)
2414 1893 2541 1959 fuit

312 2032 348 2067 α
382 2025 503 2090 per
537 2007 769 2072 Rotam
808 2007 1166 2073 resolutum
1188 2056 1203 2084 ,
1241 2006 1421 2092 quod
1461 2007 1740 2073 clericus
1769 2007 2298 2083 concubniariuS‚
2340 2008 2534 2072 etiam

314 2147 349 2183 «
384 2123 703 2207 publicus,
750 2141 875 2187 non
923 2131 1024 2188 est
1065 2124 1205 2206 ipso
1251 2123 1399 2207 jure
1436 2122 1770 2188 beneficiis
1812 2123 2141 2208 privatus3
2176 2142 2299 2188 nec
2361 2124 2538 2188 venit

309 2261 347 2299 c<
380 2236 755 2322 privandus,
793 2239 918 2304 nisi
955 2236 1218 2324 quando
1253 2246 1400 2322 post
1441 2239 1766 2322 legitimas
1795 2239 2176 2304 monitiones
2219 2237 2525 2304 indurato

304 2375 350 2424 κ
383 2356 593 2420 animo
626 2356 690 2419 in
722 2354 1161 2421 concubinatu
1189 2354 1498 2439 persistit.
1543 2377 1576 2414 »

389 2471 748 2537 Leurenius
779 2470 1019 2557 (Forum
1052 2472 1413 2549 bevoefict'ale,
1440 2474 1629 2554 parte
1649 2473 1710 2548 3,
1740 2489 1807 2555 q.
1838 2472 1994 2548 216,
2029 2489 2093 2534 n.
2118 2467 2182 2553 3)
2216 2492 2228 2534 :
2272 2493 2307 2533 τ(
2343 2473 2528 2537 Tam-

304 2609 341 2646 «
373 2589 496 2653 etsi
546 2587 821 2652 clericus
865 2586 1361 2652 concubinarius
1418 2586 1713 2651 notorius
1765 2585 1983 2668 puniri
2023 2586 2225 2670 possit
2277 2587 2524 2670 absque

301 2724 340 2765 «
372 2703 587 2788 aliqua
604 2702 960 2768 monitione
996 2703 1231 2788 (capite
1270 2707 1399 2766 Tua
1425 2721 1555 2778 nos,
1588 2705 1664 2765 cle
1695 2703 1971 2766 Cohabit.
2001 2704 2198 2765 cleric.
2235 2709 2296 2764 et
2321 2701 2524 2785 mua),

299 2842 338 2881 «
368 2817 454 2884 ad
500 2817 929 2902 privationem
971 2826 1189 2883 tamen
1244 2817 1710 2883 beneficiorum
1772 2815 2070 2881 deveniri
2115 2834 2242 2882 non
2286 2825 2521 2900 potest,

299 2959 331 2991 «
368 2936 489 3000 nisi
514 2936 753 3019 proevia
781 2935 1133 3001 monitione
1170 2932 1375 3018 (juxta
1413 2941 1613 3016 caput
1657 2937 1831 2997 Sicut
1859 2940 1929 2997 et
1966 2939 2163 3017 caput
2193 2938 2264 2998 Si
2297 2943 2519 3011 autem,

296 3072 337 3109 «
367 3053 442 3113 de
478 3052 752 3114 Cohabit.
790 3051 989 3111 cleric.
1028 3056 1086 3111 et
1122 3045 1385 3131 mah)...
1416 3048 1505 3111 Ut
1526 3064 1677 3111 cum
1703 3047 1818 3111 tali
1842 3047 2103 3130 publico
2132 3047 2520 3113 concubina-

296 3187 334 3225 «
362 3165 459 3231 rio
490 3163 758 3249 procedi
790 3165 990 3247 possit
1026 3161 1113 3228 ad
1155 3162 1586 3245 privationem
1638 3160 2127 3239 beneficiorum,
2169 3160 2519 3228 hodiedum

295 3305 335 3340 «
362 3280 564 3347 debet
594 3278 969 3364 proecedere
996 3279 1166 3345 trina
1197 3278 1482 3355 monitio,
1526 3296 1608 3341 ex
1658 3276 1928 3343 decreto
1959 3277 2357 3356 Tridentino,
2395 3298 2521 3344 ses·

292 3421 331 3457 α
357 3397 555 3462 sionis
584 3400 691 3474 25,
726 3397 955 3480 capitis
984 3398 1083 3460 14.
1121 3418 1153 3456 u
1192 3394 1398 3469 Idem,
1432 3394 1786 3479 quaestione
1824 3395 2121 3479 sequenti
2152 3395 2247 3459 sic
2274 3394 2513 3461 habet:

291 3538 325 3570 a
365 3511 464 3577 Ad
490 3511 793 3577 effectum
832 3510 1213 3595 prIvationis
1234 3508 1604 3576 necessaria
1642 3514 1743 3573 est
1780 3509 1969 3592 plena
2012 3516 2082 3573 et
2122 3508 2520 3575 concludens

292 3651 331 3688 α
368 3627 662 3712 probatio
707 3624 1253 3691 concubinatus..
1308 3624 1440 3689 Pro
1503 3622 1963 3708 justificatione
2028 3621 2219 3707 hujus
2275 3621 2517 3707 obiecti

291 3766 329 3803 «
364 3762 491 3807 non
522 3741 751 3807 sufficit
781 3740 1061 3825 probare
1098 3738 1664 3817 cohabitationem,
1703 3736 1822 3802 sed
1845 3736 2044 3803 debet
2074 3737 2339 3820 probari
2375 3738 2514 3821 ipse

296 3881 332 3920 t(
365 3857 831 3923 concubitus.»

378 3976 586 4059 Supra
644 3972 821 4038 dicta
869 3969 1118 4037 decisio
1165 3970 1342 4036 Rotae
1394 3969 1481 4055 (in
1531 3972 1831 4046 hallensi,
1891 3970 2262 4034 monasterii
2313 3971 2517 4034 sancti

290 4091 629 4168 Mansueti,
668 4087 775 4155 die
831 4093 911 4155 27
970 4087 1245 4172 januarii
1303 4082 1494 4169 1597)
1529 4092 1632 4149 est
1671 4084 1917 4149 tenoris
1968 4082 2234 4167 hujusce
2285 4082 2512 4150 modi:

295 4232 328 4270 ι(
361 4210 650 4292 Utraque
680 4214 866 4291 parte
896 4205 1309 4281 informante,
1350 4203 1659 4288 proposui
1682 4200 1952 4267 dubium
1980 4220 2016 4265 a
2040 4202 2202 4266 Rota
2229 4202 2521 4284 praescri-

296 4348 329 4384 α
362 4332 567 4408 ptum,
606 4342 686 4387 an
714 4321 1111 4405 probaretur
1137 4319 1607 4387 concubinatus
1640 4318 1772 4383 Α...
1808 4336 1955 4382 cum
1981 4315 2257 4400 quadam
2292 4316 2517 4381 Catha-

295 4462 327 4501 ιι
360 4439 497 4503 rina
526 4438 585 4503 la
618 4437 853 4511 Rosne‚
896 4434 979 4500 ad
1011 4435 1312 4501 effectum
1368 4441 1463 4509 ut,
1504 4433 1608 4497 vel
1652 4433 1789 4517 ipso
1829 4430 1978 4516 jure
2022 4431 2196 4496 foret
2225 4432 2517 4515 privatus
