3146 4973
1180 381 1339 430 raus
1383 383 1669 444 omnm.
2413 374 2540 438 497

413 512 480 572 1⁰
516 505 580 571 Si
609 524 823 590 neque
851 504 1225 572 cathedrale
1263 527 1477 593 neque
1511 507 1844 591 collegiale
1878 509 2231 591 capitulum
2257 512 2544 579 interve·

315 625 471 699 niat,
500 619 961 706 praecedentia,
993 640 1079 686 ac·
1108 622 1385 705 proinde
1424 621 1684 706 dignior
1712 622 1891 689 locus
1922 622 2206 689 debetur
2233 626 2537 709 parocho,

315 738 479 803 stola
509 735 742 801 induto
778 744 848 802 et
883 737 1080 801 funus
1120 737 1409 803 ducenti.
1456 738 1728 822 Dignior
1767 747 1988 804 autem
2026 739 2213 804 locus
2241 748 2402 805 tunc
2442 751 2543 809 est

315 855 581 920 ultimus
617 874 631 918 :
668 852 844 918 unde
878 853 1206 936 parochus
1249 853 1625 920 immediate
1665 862 1816 920 ante
1864 854 2166 932 cadaver,
2205 865 2352 938 post
2390 850 2547 923 alios

318 988 540 1036 omnes
563 967 872 1034 incedere
904 968 1128 1035 debet.
2391 964 2396 968 ’

407 1088 477 1148 2⁰
522 1084 584 1148 Si
633 1085 1031 1149 interveniat
1087 1083 1462 1150 cathedrale
1512 1085 1889 1168 capitulum,
1933 1086 2056 1169 ipsi
2110 1086 2551 1169 praecedentia

319 1209 390 1265 et
418 1199 673 1282 dignior
707 1198 895 1264 locus
930 1201 1241 1283 competit
1275 1224 1288 1265 :
1325 1220 1401 1266 ac
1441 1199 1718 1282 proinde
1748 1199 2055 1267 incedere
2095 1201 2297 1267 debet
2323 1203 2550 1269 imme-

319 1314 493 1380 diate
525 1322 675 1380 ante
705 1314 1014 1398 cadaver3
1042 1315 1366 1398 parochus
1395 1322 1641 1393 autem,
1662 1316 1828 1382 stola
1859 1316 2149 1396 indutus,
2177 1317 2548 1384 immediate

314 1437 466 1494 ante
505 1430 882 1513 capitulum,
914 1438 982 1494 et
1026 1439 1172 1514 post
1218 1437 1493 1497 caeteros
1528 1449 1752 1497 omnes
1783 1429 1984 1516 (salva
2020 1434 2322 1516 sequenti
2358 1451 2549 1499 exce-

319 1544 594 1629 ptione).

407 1663 478 1725 3⁰
506 1661 993 1727 Interveniente
1021 1661 1381 1728 cathedrali
1409 1663 1716 1746 capitulo,
1755 1662 2148 1730 cathedralis
2191 1672 2457 1730 curatus
2482 1671 2551 1732 et

318 1777 603 1852 sacrista,
639 1777 889 1842 etiamsi
916 1778 1046 1840 sint
1075 1776 1478 1854 amovibileS,
1510 1785 1743 1861 utpote
1771 1777 2154 1843 incedentes
2188 1779 2311 1844 sub
2354 1798 2549 1846 cruce

320 1893 607 1975 capituli,
652 1894 1094 1976 praeferuntnr
1132 1893 1329 1958 etiam
1360 1891 1645 1975 parocho
1683 1914 1697 1957 z
1729 1891 1906 1955 unde
1948 1891 2256 1958 incedere
2303 1892 2555 1959 debent

318 2026 469 2071 cnm
501 2008 807 2091 capitulo,
847 2015 993 2090 post
1015 2007 1387 2091 parcebam,
1429 2025 1556 2071 non
1591 2014 1810 2072 autem
1844 2014 1993 2071 ante
2031 2008 2411 2090 parochum.

409 2124 478 2187 4⁰
509 2122 784 2206 Quando
816 2125 1170 2189 intervenit
1208 2123 1563 2206 capitulum
1604 2122 1964 2205 collegiale,
2003 2142 2084 2187 an
2108 2123 2253 2206 ipsi,
2284 2143 2367 2189 an
2390 2142 2551 2189 vero

322 2237 607 2322 parocho
644 2239 899 2323 dignior
945 2239 1270 2306 debeatur
1311 2240 1515 2316 locus,
1566 2257 1697 2304 non
1735 2257 1865 2302 una
1899 2257 2161 2322 semper
2201 2246 2272 2304 et
2318 2239 2551 2305 eadem

321 2354 520 2420 fuisse
574 2352 839 2419 videtur
892 2356 1101 2420 Sacrae
1151 2355 1680 2437 Congregationis
1728 2353 1995 2418 Rituum
2047 2356 2390 2419 sententia.
2450 2357 2550 2420 De

318 2488 472 2554 quo,
500 2476 575 2536 ut
599 2470 907 2537 nonnulla
936 2470 1292 2553 proferam,
1326 2470 1394 2535 in
1421 2489 1548 2536 una
1576 2472 1982 2549 sassoferrati‚
2018 2470 2074 2534 N
2077 2471 2356 2534 ncerinoe
2396 2468 2554 2536 dioe-

318 2587 505 2663 cesis,
531 2584 639 2650 die
676 2587 758 2650 24
790 2585 1077 2651 octobris
1112 2587 1281 2653 1609
1311 2602 1697 2667 responsum
1730 2590 1831 2649 est
1864 2606 1878 2648 ε
1907 2587 2092 2647 Illum
2113 2588 2545 2667 presbyterum,

317 2722 421 2763 seu
449 2709 748 2779 curatum,
780 2708 1187 2783 ecupriorem,
1211 2707 1320 2782 qui
1348 2703 1543 2780 defert
1579 2702 1820 2775 stolam,
1860 2702 2030 2763 etad
2051 2705 2220 2781 cujus
2246 2703 2552 2764 ecelesiam

313 2819 501 2895 fumas
530 2819 802 2895 defertur
832 2818 987 2878 alios
1022 2834 1220 2879 omnes
1254 2817 1587 2894 praecedere
1614 2815 1843 2890 debere,
1876 2820 2060 2879 etiam
2107 2820 2420 2878 canonicos
2467 2835 2554 2878 eo-

314 2933 513 2994 elesioe
545 2934 897 3012 eolleqiatcB.
937 2931 1014 2994 In
1054 2949 1185 2994 una
1230 2935 1451 2993 antem
1487 2933 1868 2995 Praenestina
1908 2932 2234 3006 Cauarum,
2285 2931 2363 2994 12
2405 2930 2554 2993 maii

325 3048 521 3125 1618,
558 3065 811 3111 necnon
842 3047 909 3110 in
948 3045 1234 3129 generali
1265 3045 1534 3111 decreto
1571 3046 1612 3108 2
1651 3043 1796 3128 julii
1837 3045 1996 3108 1661
2051 3042 2251 3129 (apud
2282 3042 2553 3110 Gardel-

313 3161 462 3241 lini,
510 3180 578 3225 n.
618 3158 838 3245 1956),
877 3160 1270 3225 contrarium
1317 3158 1610 3224 decisum
1655 3164 1778 3222 est.
1825 3158 1902 3221 In
1946 3161 2270 3239 Amynina
2300 3159 2384 3224 28
2410 3156 2554 3242 julii

324 3279 521 3355 1832,
563 3278 888 3341 emanavit
916 3277 1271 3358 responsio,
1304 3278 1770 3357 praecedentiam
1800 3281 2124 3354 competere
2154 3275 2258 3335 illi
2289 3278 2396 3353 qui
2433 3281 2555 3336 sto-

325 3395 453 3455 lam
480 3396 695 3473 defert,
732 3399 803 3457 et
843 3391 1161 3475 agebatur
1204 3391 1273 3454 in
1319 3409 1474 3455 casu
1515 3389 1602 3455 de
1640 3387 2074 3471 praecedentia
2104 3386 2322 3472 quoad
2366 3388 2561 3454 colle·

324 3509 496 3591 giale
540 3509 893 3591 capitulum
940 3506 1141 3593 (apud
1176 3506 1562 3583 Gardellini,
1599 3525 1664 3570 n.
1702 3502 1926 3588 4546).
1949 3502 2065 3569 Ast
2115 3505 2182 3567 in
2234 3506 2559 3568 Balneore-

325 3629 547 3703 9iensi,
589 3626 660 3687 11
692 3623 908 3706 aprilis
941 3625 1110 3690 1840
1152 3622 1236 3688 ad
1277 3622 1573 3699 dubium,
1611 3627 1712 3685 cui
1738 3624 2025 3685 debeatur
2047 3622 2447 3701 praecedentia
2489 3626 2557 3683 in

324 3744 561 3803 incessu
579 3758 687 3820 per
708 3745 840 3801 vias
865 3745 1165 3802 occasione
1183 3740 1526 3800 associandi
1562 3741 1770 3816 funus,
1818 3756 1901 3799 au
1925 3738 2191 3816 cepitvdo
2229 3738 2559 3815 eolleqiatoe

323 3855 751 3933 capitulariter
775 3857 1219 3929 intervenienti,
1242 3852 1338 3913 vel
1359 3849 1625 3932 parocho
1646 3853 1839 3929 ipsius
1857 3850 2149 3926 defuncti,
2178 3863 2558 3927 responsum

326 3974 433 4031 est
465 3989 477 4030 :
529 3971 788 4031 Debetur
824 3970 1110 4048 capitulo,
1133 3971 1230 4028 uti
1265 3970 1333 4028 in
1366 3983 1490 4027 una
1516 3967 1829 4039 lumensi,
1857 3964 1983 4025 diei
2017 3963 2096 4025 13
2138 3965 2351 4023 martii
2389 3963 2560 4028 1688

331 4078 534 4166 (apud
583 4079 963 4158 Gardellini,
1011 4099 1077 4143 n.
1133 4076 1355 4162 4730).
1397 4076 1681 4143 Tandem
1717 4076 1786 4140 in
1831 4078 2235 4156 syracusam,
2288 4078 2365 4139 17
2397 4074 2562 4159 junii

333 4197 531 4272 1843,
590 4195 968 4261 declaratur
1024 4192 1527 4278 praecedentiam
1581 4190 1812 4257 deberi
1878 4192 2145 4271 capitulo
2204 4192 2555 4270 cenapium,

322 4313 647 4375 dummodo
678 4316 786 4389 sit,
828 4312 925 4372 vel
951 4331 989 4372 a
1018 4311 1297 4390 parocho,
1336 4311 1431 4371 vel
1468 4310 1544 4371 ab
1575 4308 1909 4370 hoeredibue
1940 4307 2210 4385 defuncti
2236 4309 2564 4369 invitatum

330 4425 542 4513 (apud
571 4424 954 4503 Gardellini,
1002 4446 1067 4489 n.
1116 4423 1342 4507 4819).
1384 4422 1716 4508 Ejusmodi
1745 4430 1967 4488 autem
2003 4418 2088 4485 de
2126 4417 2568 4503 praecedentia

2208 4529 2281 4585 32
