3146 4973
609 367 734 434 588
1289 384 1663 434 ructu-us
1712 385 1797 434 nn
1844 384 2169 434 amoeno.

606 529 640 571 α
673 507 933 594 publica
990 510 1158 576 thesi
1195 509 1434 576 clarius
1483 508 1775 576 discussa
1808 528 1979 578 anno
2028 512 2250 596 elapso
2284 511 2349 577 in
2397 513 2825 581 universitate

605 646 638 684 α
672 623 989 692 catholica
1021 624 1400 690 Lovaniensi
1435 624 1585 701 fuit,
1629 627 1694 690 in
1721 643 1850 710 qua
1899 624 2069 691 thesi
2115 625 2424 710 obligatio
2450 626 2673 694 isthaec
2691 649 2833 711 per-

607 763 640 800 «
680 745 906 806 sonatis
944 759 1084 808 esse
1113 739 1571 807 declaratur...
1609 743 1930 826 Dignetur
1956 742 2272 807 Sanctitas
2298 743 2530 808 Vestra
2555 742 2830 810 dubium

606 878 639 917 α
678 853 852 921 istud
877 855 1093 941 aliquo
1133 874 1442 940 responso
1473 856 1745 940 tollere;
1786 863 1855 921 et
1904 858 1977 934 si,
2032 855 2210 941 quod
2252 859 2658 941 praeteritum
2684 878 2832 944 spe·

598 992 630 1032 a
676 979 835 1049 ctat,
871 971 1248 1055 obligationi
1273 991 1403 1038 suae
1436 972 1704 1057 parochi
1741 991 1872 1040 non
1900 972 2356 1050 satisfecerint,
2392 974 2715 1041 omissioni
2744 996 2831 1042 ex

603 1109 635 1148 ιι
671 1086 977 1154 thesauro
1013 1087 1311 1151 Ecclesiae
1341 1105 1461 1171 pro
1494 1106 1610 1152 sua
1647 1087 2048 1170 benignitate
2097 1086 2538 1171 providere...
2580 1091 2830 1155 Gratis-

606 1224 639 1262 «
679 1204 911 1268 simum
942 1209 1181 1279 tamen,
1218 1204 1271 1268 si
1303 1223 1413 1286 per
1448 1224 1509 1267 se
1538 1203 1803 1287 parochi
1830 1206 1926 1267 vel
1950 1223 2067 1286 per
2094 1206 2463 1268 sacellanum
2489 1205 2830 1290 obligatio·

601 1341 635 1378 «
666 1336 814 1384 nem
844 1318 1033 1383 istam
1068 1316 1153 1383 de
1186 1315 1439 1385 indulto
1472 1319 1774 1384 Ecclesioe
1809 1316 2170 1403 adimplere
2203 1321 2532 1403 possint...
2574 1345 2605 1382 υ

683 1432 891 1518 Hujus
924 1403 1319 1498 difficultatis
1361 1433 1823 1498 resolutionem
1866 1434 2061 1499 Sacra
2104 1433 2532 1518 Congregatio
2562 1433 2647 1502 de
2675 1453 2830 1520 pro·

597 1547 888 1630 paganda
925 1545 1059 1614 fide
1094 1546 1342 1612 remisit
1380 1546 1465 1612 ad
1506 1547 1763 1614 Sacram
1799 1548 2382 1634 congregationem
2420 1550 2707 1628 Concilii,
2744 1571 2831 1618 ex

594 1680 721 1748 qna
774 1661 1016 1746 prodiit
1064 1662 1422 1728 declaratio
1465 1665 1536 1728 in
1580 1664 1752 1729 hunc
1808 1662 2072 1730 modum
2116 1685 2130 1727 ε
2190 1687 2222 1726 «
2255 1665 2711 1750 sylvas-Ducis,
2742 1704 2834 1716 --

600 1799 632 1838 α
668 1777 746 1844 Β.
788 1778 865 1843 P.
900 1797 938 1842 a
982 1778 1252 1844 secretis
1295 1779 1500 1843 Sacrae
1546 1778 2078 1863 congregationis
2117 1778 2201 1845 de
2238 1778 2655 1866 propaganda
2694 1777 2831 1847 fide

599 1913 632 1955 α
668 1893 837 1958 sacri
867 1892 1059 1978 hujus
1088 1892 1331 1960 ordinis
1364 1893 1726 1960 definitioni
1764 1894 2067 1980 subjecit,
2096 1893 2181 1962 de
2211 1894 2520 1962 mandato
2551 1897 2831 1961 Sanctis·

601 2030 633 2071 α
675 2009 837 2087 simi,
871 2008 1251 2075 facultatem
1283 2028 1319 2074 a
1353 2009 1611 2075 Vicario
1652 2007 2016 2093 Apostolico
2061 2010 2507 2096 sylvas-Ducis
2546 2011 2833 2097 (Bois-le·

598 2145 631 2186 α
673 2121 837 2207 Duc)
884 2123 1269 2209 indulgendi
1309 2124 1645 2209 aliquoties
1689 2125 1983 2209 parochis
2032 2125 2398 2203 vicariatuS,
2426 2131 2518 2190 ‘ut
2563 2143 2683 2209 per
2726 2144 2827 2192 sa·

600 2261 632 2299 α
672 2239 959 2306 cellanos
997 2258 1148 2304 suos
1185 2239 1458 2323 implere
1494 2239 1737 2323 possint
1774 2258 1937 2305 onus
1974 2241 2420 2324 applicationis
2457 2240 2664 2307 missoe
2702 2259 2826 2325 pro

596 2378 632 2416 «
670 2355 935 2439 populo.
966 2391 1056 2404 --
1092 2355 1214 2423 Die
1262 2359 1327 2421 11
1379 2356 1590 2422 martii
1629 2358 1793 2425 1843
1840 2357 2034 2422 Sacra
2071 2357 2501 2442 Congregatio
2533 2358 2829 2423 Eminen-

598 2494 630 2531 α
672 2469 1063 2536 tissimorum
1097 2471 1161 2536 S.
1207 2470 1283 2536 R.
1325 2471 1396 2537 E.
1444 2468 1879 2536 Cardinalium
1928 2469 2184 2537 concilii
2222 2467 2587 2536 Tridentini
2625 2471 2826 2537 inter-

600 2610 630 2646 «
673 2594 932 2671 pretum
963 2587 1216 2652 censuit
1251 2584 1744 2651 rescribendum
1774 2605 1787 2647 t
1822 2621 1909 2632 --
1936 2587 2065 2650 Pro
2094 2585 2407 2651 facultate
2440 2584 2827 2669 indulgendi

598 2724 630 2762 α
675 2701 968 2785 parochis
1013 2702 1381 2778 vicariatus,
1418 2708 1494 2766 ut
1541 2718 1666 2784 per
1711 2700 2068 2766 sacellanos
2111 2701 2364 2765 missam
2413 2716 2534 2782 pro
2580 2700 2825 2784 populo

597 2841 630 2879 α
667 2818 995 2902 applicare
1029 2817 1306 2901 possint,
1359 2823 1425 2882 in
1475 2821 1709 2881 casibus
1752 2837 1906 2881 verae
1955 2821 2357 2893 necessitatis,
2400 2824 2461 2879 et
2501 2812 2825 2881 dummodo

596 2957 630 2995 α
662 2954 742 2998 ex
791 2940 1075 2998 canonica
1127 2953 1307 2998 causa
1364 2934 1511 3012 fiat‚·
1558 2932 1733 2999 facto
1788 2934 1992 2999 verbo
2052 2951 2202 2997 cum
2267 2932 2689 2998 sanctissime.
2738 2968 2825 2978 —

596 3073 630 3112 ιι
662 3052 855 3117 Facta
897 3047 980 3113 de
1030 3049 1369 3132 praemissis
1421 3066 1539 3131 per
1597 3047 2146 3114 subsecretarium
2196 3048 2404 3112 Sacrae
2459 3047 2826 3132 Congrega·

596 3186 629 3227 α
666 3165 860 3232 tionis
896 3163 1006 3231 die
1043 3167 1114 3231 13
1159 3161 1455 3249 ejusdem
1499 3163 1736 3229 mensis
1774 3168 1843 3227 ct
1879 3162 2029 3227 anni
2066 3162 2377 3228 relatione
2413 3162 2822 3227 Sanctissimo

597 3303 630 3345 a
664 3280 938 3349 Domino
986 3284 1207 3347 nostro
1225 3326 1239 3355 ,
1289 3276 1524 3344 eadem
1570 3279 1891 3344 Sanctitas
1940 3277 2066 3343 Sua
2108 3276 2573 3344 resolutionem
2614 3278 2821 3343 Sacroe

597 3420 631 3461 a
672 3395 1199 3481 congregationis
1237 3395 1301 3459 in
1354 3394 1653 3460 omnibus
1698 3394 1976 3475 benigne
2034 3393 2335 3478 probavit
2375 3399 2445 3459 et
2480 3392 2823 3459 confirma·

597 3538 629 3575 α
684 3513 797 3578 vit.
836 3536 866 3573 u
914 3511 1241 3598 (Relatum
1291 3510 1489 3577 habes
1535 3510 1657 3575 hoc
1706 3507 2176 3574 documentum
2225 3508 2290 3571 in
2343 3509 2662 3592 opusculo
2717 3510 2821 3574 cui

588 3628 797 3693 titulis
838 3630 913 3692 de
960 3630 1159 3691 Praxi
1201 3646 1240 3689 a
1281 3627 1567 3709 parochis
1619 3626 1986 3688 observanda
2005 3672 2020 3700 ,
2072 3630 2340 3689 auctore
2388 3623 2778 3690 Verhoeven
2799 3673 2814 3700 ,

591 3761 738 3828 pag.
780 3746 880 3819 18,
920 3739 1080 3806 edit.
1110 3740 1452 3819 Hasseleti,
1490 3738 1714 3822 1849.)

682 3862 753 3926 In
798 3860 1231 3935 mechliniensi,
1284 3859 1368 3922 25
1426 3856 1816 3940 septembris
1872 3858 2064 3933 1847,
2116 3855 2202 3921 ad
2254 3853 2527 3921 dubium
2568 3877 2583 3919 :
2623 3858 2696 3921 3⁰
2734 3860 2814 3921 A»

585 3976 838 4061 parochi
873 3981 994 4059 ipsi
1034 3979 1428 4038 sanctissimas
1461 3980 1660 4036 missae
1686 3972 2054 4050 sacrificium
2086 3992 2207 4054 pro
2225 3974 2449 4054 populo
2477 3974 2698 4052 offerre
2724 3974 2823 4033 de-

596 4096 792 4171 beant,
828 4098 885 4156 si
920 4094 1193 4174 leqitima
1227 4109 1410 4155 causa
1452 4109 1570 4153 non
1619 4091 2071 4172 impediantur‚·
2121 4107 2203 4151 an
2260 4107 2397 4149 vero
2436 4106 2551 4169 per
2600 4090 2812 4163 atium,

595 4212 855 4292 exempti
888 4214 1098 4291 qratia
1123 4208 1492 4271 sacellanum
1517 4213 1632 4270 aut
1648 4207 2067 4288 presbyterum
2098 4206 2395 4268 advenam
2442 4204 2583 4265 huic
2630 4202 2821 4283 officio

596 4327 946 4405 satisfacere
978 4326 1266 4405 possint?
1297 4356 1384 4368 -
1415 4321 1609 4386 Sacra
1650 4321 2076 4405 congregatio
2118 4318 2382 4384 Concilii
2428 4315 2764 4402 respondit
2802 4337 2816 4379 :

597 4444 693 4509 Ad
713 4446 978 4519 tertium,
997 4441 1365 4519 affirmative
1383 4441 1465 4503 ad
1490 4445 1753 4520 primam
1772 4446 2045 4521 partem‚·
2072 4442 2346 4519 ueqative
2370 4438 2452 4499 ad
2474 4437 2809 4499 secundam.
