3146 4973
1269 392 1430 443 rus
1475 393 1705 441 rrum.
2484 382 2609 449 199

386 540 422 581 α
448 518 784 595 exercitio.
829 518 1178 602 Perpetua
1214 517 1364 585 hinc
1407 516 1586 585 inter
1622 536 1741 587 eos
1784 514 2233 600 dissensiones,
2260 518 2497 606 jurgia,
2531 522 2609 588 li·

386 657 421 697 «
446 641 631 707 tes...
671 634 762 699 Ut
816 632 917 701 his
965 631 1208 701 morbis
1256 628 1645 701 medicinam
1696 640 1961 716 pararet
2015 633 2425 718 Episcopus‚'
2459 654 2611 703 cum

386 771 422 810 α
446 754 774 814 transacto
801 765 1022 812 mense
1053 744 1395 813 decembri
1423 746 1593 815 alter
1620 765 1704 813 ex
1731 745 1831 811 his
1851 746 2150 830 parochis
2177 747 2464 829 obiisset.
2488 757 2611 817 sta·

385 886 420 925 α
446 862 582 931 tuit
609 860 778 928 duos
804 859 1124 944 parochos
1148 858 1462 941 ad-„unum
1488 859 1838 931 dumtaxat
1861 859 2189 945 redigere,
2223 859 2377 930 dato
2407 882 2608 935 onere

387 1002 421 1038 α
447 985 770 1062 perpetuo
791 974 1163 1045 assumendi
1177 974 1608 1059 capellanum,
1625 976 1713 1042 ab
1728 977 2061 1061 Episcopis
2084 978 2607 1064 approbandum,

385 1117 420 1155 α
447 1093 559 1178 qui
588 1111 737 1161 eum
765 1090 1036 1177 adjuvet
1062 1094 1134 1159 in
1149 1110 1315 1157 cura
1341 1092 1726 1159 animarum.
1764 1092 2057 1158 Consiliis
2086 1093 2384 1180 Episcopi
2421 1096 2612 1161 resti-

387 1231 420 1269 «
449 1209 532 1275 tit
560 1207 846 1292 populus
886 1206 1060 1273 illius
1094 1205 1386 1272 Casti-i...
1423 1207 1665 1273 Preces
1708 1207 1909 1291 igitur
1943 1215 2077 1273 tam
2107 1209 2388 1292 populus
2415 1229 2613 1295 quam

387 1350 414 1377 κ
449 1322 807 1407 Episcopus
826 1320 1209 1388 obtulerunt
1226 1320 1672 1387 Sani-aussimo
1691 1321 2003 1406 Principii
2021 1330 2266 1390 nostro.
2285 1321 2612 1391 ..Auditus

385 1462 420 1499 α
447 1437 578 1507 fuit
609 1438 1042 1521 Episcopus...
1078 1435 1324 1503 Eadem
1363 1454 1506 1521 quae
1549 1436 1907 1521 Episcopus
1943 1436 2143 1503 habet
2182 1457 2358 1507 nunc
2392 1439 2461 1504 in
2492 1458 2611 1511 suo

380 1578 413 1616 α
443 1552 667 1623 libello
694 1559 1032 1637 promotor
1059 1551 1314 1631 fiscalis,
1361 1549 1614 1619 addens
1641 1570 1977 1619 sacrorum
2007 1571 2347 1634 canonum,
2383 1561 2452 1619 et
2492 1573 2613 1621 nu-

379 1694 413 1730 «
441 1688 664 1755 peram
696 1665 1056 1735 Tridentini
1086 1666 1597 1751 dispositionem,
1634 1684 1763 1752 qua
1802 1666 2081 1732 vetitum
2124 1675 2225 1733 est
2261 1668 2427 1737 duos
2471 1689 2612 1739 esse

378 1810 411 1845 «
441 1784 755 1869 parochos
783 1784 850 1849 in
877 1802 1008 1849 ¹una
1027 1781 1334 1866 parochia
1369 1803 1383 1847 ε
1417 1799 1631 1866 neque
1660 1781 1746 1848 ad
1782 1799 1924 1847 rem
1946 1782 2282 1866 pertinere
2308 1786 2608 1869 exempla

379 1924 412 1959 α
439 1897 894 1985 quarumdam.
916 1897 1404 1982 parochialium,
1455 1897 1525 1961 in
1568 1897 1804 1983 quihus
1850 1898 2076 1982 plures
2111 1917 2329 1967 curam
2368 1902 2610 1971 anima·

379 2038 412 2077 «
446 2032 596 2083 rum
651 2019 986 2092 exercent,
1048 2030 1197 2079 cum
1254 2010 1362 2077 hic
1400 2018 1631 2096 agatur
1672 2010 1917 2094 dejure
1974 2016 2223 2093 formali
2259 2014 2600 2098 parochiae,

378 2154 411 2192 α
441 2128 619 2215 quod
655 2127 834 2211 apud
866 2128 1092 2213 plures
1136 2144 1278 2193 esse
1318 2145 1452 2193 non
1489 2133 1743 2211 potest3
1777 2126 2109 2199 diversum
2136 2129 2211 2209 si,
2256 2137 2333 2197 ut
2356 2131 2425 2194 in
2458 2150 2612 2197 con-

379 2268 410 2305 «
439 2244 658 2325 trariis
707 2242 1050 2326 exemplis,
1117 2249 1433 2326 ageretur
1483 2239 1570 2308 de
1620 2248 1909 2333 exercitio
1954 2261 2151 2322 curae.
2204 2243 2383 2328 quod
2439 2247 2614 2315 inter

377 2383 411 2423 α
437 2361 662 2444 plures
689 2357 900 2429 dividi
924 2363 1165 2441 potest,
1225 2376 1375 2423 cum
1422 2355 1617 2440 apud⁴
1636 2352 1836 2423 alium
1867 2358 1953 2421 sit
1973 2355 2080 2442 jus
2114 2358 2389 2427 formale
2419 2378 2610 2443 paro-

375 2474 618 2554 «.chiae,
650 2481 727 2542 ut
760 2475 824 2540 in
865 2473 1164 2557 capitulis
1190 2479 1272 2538 etr
1289 2471 1579 2557 collegiis
1614 2491 1628 2534 :
1661 2470 1904 2540 nullam
1934 2471 2216 2558 denique
2239 2473 2611 2552 hahendam.

375 2615 408 2654 α
437 2610 576 2660 esse
618 2590 944 2662 rationem
983 2588 1432 2658 vetustissimae
1473 2586 1987 2668 consuetudinis,
2035 2607 2187 2654 cum
2231 2591 2605 2674 corruptela

375 2729 408 2769 α
435 2714 506 2774 et
533 2706 772 2776 abusus
812 2702 947 2772 dici
974 2702 1238 2782 debeat,
1279 2700 1543 2789 quando
1576 2720 1911 2772 sacrorum
1964 2721 2285 2772 canonum
2319 2702 2597 2790 disposi-

374 2845 408 2885 α
435 2823 592 2889 tioni
617 2819 1023 2890 adversatur.
1051 2819 1205 2888 Haee
1232 2824 1657 2901 promotor.»
1692 2819 1757 2882 Is
1781 2826 1967 2886 certe
1998 2825 2338 2902 promotor
2367 2819 2605 2890 thesim

367 2935 751 3010 contrariam
786 2939 1055 3002 strenue
1093 2933 1536 3000 sustinuerat:
1570 2938 1640 2997 et
1666 2931 2080 3004 nihilominus
2113 2951 2303 3002 causa
2329 2932 2592 3002 cecidit.

456 3053 925 3136 Argumentum
965 3048 1162 3113 etiam
1216 3046 1562 3114 desumere
1610 3065 1945 3132 possemus
1987 3068 2071 3114 ex
2113 3067 2305 3118 causa
2340 3054 2598 3114 Sutrina

371 3168 480 3254 (16
527 3166 691 3252 junii
736 3167 933 3248 1791;
973 3165 1263 3228 Themin-i
1290 3169 1469 3227 tomo
1500 3164 1610 3241 60,
1646 3180 1795 3246 pag.
1848 3159 2024 3245 170).
2070 3163 2167 3228 Ex
2210 3179 2340 3247 qua
2374 3169 2599 3230 tamen

371 3282 734 3371 (brevitatis
754 3277 933 3365 ergo)
952 3278 1090 3354 haic
1115 3284 1370 3346 tantum
1393 3276 1598 3344 verba
1620 3295 1998 3361 promemus
2026 3299 2040 3343 ε
2082 3278 2312 3350 «Licet
2340 3280 2598 3348 unicam

372 3421 406 3460 κ
432 3396 698 3481 parochi
725 3394 862 3462 dno
891 3411 1122 3478 regere
1169 3392 1426 3460 valeant
1468 3391 1810 3460 ecclesiam
1857 3391 2149 3478 (Giraldi.
2192 3393 2600 3462 animadver-

370 3537 404 3574 κ
436 3513 756 3592 sioneset·
781 3507 1152 3578 additiones
1186 3506 1271 3576 ad
1308 3505 1668 3574 Bai-hosam
1691 3555 1708 3585 ‚
1761 3510 1837 3572 de
1886 3511 2098 3589 Officio
2139 3516 2199 3573 ee
2224 3516 2448 3591 potest.
2474 3531 2595 3593 pa-

369 3649 404 3690 «
431 3628 625 3707 rocla„
681 3630 882 3709 caput
925 3626 985 3703 l,
1030 3642 1102 3687 n.
1146 3622 1258 3700 44,
1307 3628 1377 3687 et
1417 3621 1615 3690 Sacra
1662 3621 2089 3708 Congregatio
2122 3623 2192 3688 in
2235 3623 2597 3709 Tyburtina

369 3766 400 3802 α
431 3744 515 3810 25
545 3740 762 3812 martii
796 3746 870 3806 et
918 3742 959 3805 9
994 3736 1160 3821 junii
1205 3734 1425 3820 1757),
1486 3735 1778 3806 distincti
1818 3744 2040 3808 tamen
2080 3745 2434 3808 censentur
2480 3740 2595 3808 ubi

364 3880 397 3920 α
428 3862 798 3940 separatum
838 3852 1081 3922 hahent
1135 3869 1487 3935 gregem.»
1533 3852 1647 3916 His
1686 3852 1911 3935 paucis
1963 3852 2183 3920 verbis
2235 3853 2473 3933 habes,
2527 3861 2599 3920 et

362 3971 550 4042 nobis
581 3968 895 4038 assentire
924 3965 1343 4034 clarissimum
1378 3963 1739 4044 cii-aldum,
1778 3971 1846 4030 et
1874 3972 2206 4050 receptam
2235 3986 2378 4034 esse
2416 3967 2601 4052 apud⁸

361 4089 618 4158 Sacram
645 4082 1225 4170 Congregationem
1254 4080 1520 4150 concilii
1546 4079 1913 4150 doctrinam
1949 4100 2141 4168 quam
2170 4083 2587 4168 sustinemus,

363 4203 583 4286 plures
609 4217 846 4286 nempe
878 4197 1182 4280 constitui
1207 4214 1395 4281 posse
1413 4197 1486 4262 in
1510 4215 1638 4264 una
1666 4196 1972 4280 parochia
2001 4215 2192 4266 veros
2229 4197 2590 4283 parochos3

360 4324 556 4403 atque
572 4315 654 4386 id
681 4332 895 4400 neque
924 4312 1220 4384 essentiae
1260 4309 1676 4394 parochiatus
1692 4311 2057 4392 adversari,
2089 4329 2303 4400 neque
2332 4331 2419 4382 ex
2443 4312 2601 4398 lege„

366 4430 802 4508 ecclesiastica
817 4426 1110 4514 absolute
1137 4423 1492 4510 prohiberi.
