3146 4973
595 331 716 394 128
1265 346 1643 395 ‘rusca-uus
1688 347 1777 395 on
1820 346 2150 395 ranocno.

586 469 899 535 absonum
947 469 1091 536 fore
1138 470 1267 535 tale
1320 470 1784 537 documentum
1833 472 1901 536 in
1961 471 2412 556 probationem
2464 470 2633 537 velle
2695 468 2812 535 ad-

582 593 862 651 struere.
893 586 1040 669 Ipse
1068 604 1245 665 vero,
1270 586 1429 651 nihil
1457 588 1526 650 in
1553 593 1693 654 tota
1715 588 2047 654 remotiori
2070 589 2456 672 antiquitate
2482 587 2815 671 reperiens

581 698 757 785 quod
783 702 1119 785 systemati
1146 701 1426 779 faveret,
1465 699 1550 766 ad
1581 699 2042 769 duodecimum
2070 703 2375 769 saeculum
2415 702 2716 780 transilit,
2743 709 2816 767 et

578 814 732 882 inde
776 818 1056 901 primum
1097 834 1289 881 suum
1325 814 1792 883 documentum
1835 818 2235 903 expiscetur,
2265 817 2443 903 quod
2483 837 2659 884 nunc
2704 836 2819 883 ex-

579 930 1004 1014 pendendum
1050 940 1173 998 est.

669 1050 753 1115 11·
787 1067 1162 1116 ALLEGATIO
1175 1101 1190 1116 .
1220 1086 1309 1097 —
1334 1050 1698 1116 Decretalis
1734 1048 2085 1116 Alexandri
2114 1051 2211 1116 III
2241 1049 2326 1116 ad
2368 1050 2814 1116 Florentinum

579 1165 966 1248 Episcopum
1018 1163 1302 1242 directa,
1346 1165 1594 1231 tenoris
1648 1166 1982 1250 sequentis
2021 1186 2036 1230 ε
2095 1170 2246 1230 Cum
2301 1170 2377 1230 ab
2434 1169 2817 1230 ecclesiarum

573 1282 851 1365 proelatis
896 1282 1291 1343 ecclesiastica
1348 1286 1645 1344 sententia
1690 1287 1758 1344 in
1809 1284 2222 1361 malefactores
2274 1284 2508 1363 aliquos
2545 1285 2817 1367 promul-

576 1403 780 1477 qatur,
805 1402 946 1458 rata
974 1398 1143 1459 debet
1161 1403 1223 1459 et
1255 1397 1438 1474 firma
1466 1400 1810 1475 consistere,
1851 1404 1909 1458 et
1954 1417 2138 1478 usque
2165 1400 2249 1461 ad
2276 1401 2526 1480 dionem
2560 1401 2817 1478 satissa-

577 1517 832 1576 ctionem
857 1514 1294 1575 inviolabiliter
1319 1515 1649 1576 observari.
1683 1516 2066 1595 Quapropter
2102 1518 2480 1595 mandamus,
2520 1522 2815 1596 quatenus

578 1633 635 1689 si
684 1631 924 1707 quando
963 1628 1258 1709 plebanus
1309 1633 1506 1691 sancti
1527 1631 1849 1691 Pancratii
1885 1633 1952 1691 in
1983 1631 2232 1692 clericos
2268 1632 2365 1692 vel
2418 1632 2603 1692 laicos
2626 1648 2812 1711 paro-

576 1744 820 1806 chianos
846 1763 983 1805 suos
1013 1745 1326 1807 interdicti
1361 1746 1460 1806 vel
1487 1749 2121 1808 excommunicationis
2149 1751 2506 1809 sententiam
2544 1751 2815 1809 rationa-

580 1860 785 1921 biliter
823 1860 1058 1936 tulerit,
1103 1863 1301 1938 ipsam
1338 1860 1534 1937 facias
1575 1860 2016 1922 inviolabiliter
2043 1862 2384 1938 observari,
2428 1868 2490 1924 et
2521 1879 2653 1924 cam
2687 1865 2817 1923 sine

578 1992 841 2054 conyma
875 1976 1290 2053 satisfactione
1338 1980 1400 2036 et
1446 1974 1668 2054 absque
1703 1976 1967 2055 ejusdem
2012 1976 2264 2056 plebani
2307 1981 2667 2039 conscientia
2696 1994 2819 2037 non

577 2091 835 2153 relaxes.
867 2090 1047 2154 Hanc
1075 2086 1481 2155 decretalem
1520 2088 1837 2171 reperies,
1880 2096 2021 2154 tum
2062 2088 2133 2153 in
2164 2108 2443 2174 corpore
2484 2089 2650 2174 juris
2684 2091 2815 2177 (ca-

576 2207 712 2288 pite
756 2209 821 2284 3,
856 2206 1030 2271 tituli
1060 2206 1172 2284 31,
1215 2204 1370 2270 libri
1407 2207 1432 2269 l
1474 2202 1960 2289 decretalium),
2006 2210 2148 2271 tum
2177 2206 2352 2272 inter
2383 2213 2529 2271 acta
2561 2205 2813 2271 concilii

574 2320 1027 2385 Lateranensis
1065 2320 1164 2384 III
1209 2321 1360 2385 anni
1407 2321 1577 2386 1179
1630 2320 1842 2405 (parte
1891 2322 2000 2399 31,
2042 2321 2255 2404 capite
2289 2319 2377 2405 7).
2410 2322 2506 2386 Ex
2540 2338 2671 2405 qua
2701 2318 2818 2386 de-

577 2434 808 2500 cretali
835 2434 928 2499 sic
966 2451 1245 2518 arguere
1283 2434 1498 2500 solent
1523 2433 1909 2519 parochistae
1955 2457 1969 2501 t
2014 2435 2106 2501 ibi
2135 2455 2446 2522 expresse
2469 2437 2685 2521 agitur
2720 2433 2805 2502 de

579 2548 887 2634 parocho,
917 2548 1004 2616 de
1030 2553 1285 2632 plebano
1326 2568 1562 2634 nempe
1595 2553 1801 2617 sancti
1829 2553 2178 2630 Pancratii,
2219 2554 2333 2637 qui
2365 2553 2815 2618 excommuni-

575 2664 765 2731 candi
784 2671 1183 2749 potestatem
1203 2666 1511 2751 habebat3
1539 2673 1610 2732 et
1632 2666 1756 2732 iste
1780 2666 2097 2751 plebanus
2125 2687 2164 2733 a
2194 2668 2480 2735 Romano
2499 2666 2817 2734 Pontifice

573 2793 880 2869 tanquam
924 2787 1224 2866 praelatus
1276 2785 1682 2870 agnoscitur3
1742 2792 1811 2851 et
1866 2784 2111 2853 nedum
2170 2787 2238 2851 in
2300 2785 2573 2853 dubium
2624 2804 2817 2853 voce-
2921 2805 2937 2820 ·

574 2908 688 2966 tur
721 2901 864 2986 ejus
911 2900 1518 2969 excommunicandi
1562 2909 1876 2986 potestaS‚
1913 2921 1989 2967 ac
2038 2900 2315 2985 proinde
2359 2902 2500 2986 ejus
2541 2900 2667 2969 fori
2703 2921 2815 2968 ex-

575 3018 746 3083 terni
778 3015 1167 3101 jurisdiotio,
1202 3015 1504 3083 deceruit
1548 3016 1921 3083 Alexander
1976 3019 2073 3082 III
2117 3018 2814 3084 excommunicationes

575 3132 658 3199 ab
710 3150 790 3199 eo
842 3131 1130 3217 parocho
1162 3131 1536 3197 fulminatas
1567 3130 1816 3199 debere
1857 3139 2033 3197 ratas
2065 3139 2137 3198 et
2175 3131 2396 3199 firmas
2435 3135 2808 3211 consistere,

573 3265 696 3314 nec
726 3247 811 3313 ab
847 3248 1164 3331 Episcopo
1213 3264 1357 3314 esse
1410 3245 1781 3313 solvendas.
1820 3247 1990 3331 Ergo
2035 3266 2295 3313 causam
2331 3246 2674 3314 evidenter
2709 3245 2819 3311 ha-

574 3362 829 3429 bemus,
863 3364 1054 3428 Hunc
1081 3382 1317 3447 nempe
1349 3370 1607 3429 textum
1632 3364 1668 3427 J
1674 3364 1997 3429 uveninus
2032 3371 2102 3429 et
2149 3364 2369 3428 caeteri
2405 3361 2809 3445 parochistae,

574 3480 755 3563 quasi
784 3486 1039 3543 certum
1074 3477 1480 3563 triumphum
1519 3486 1808 3560 agenteS,
1839 3486 2165 3562 perpetuo
2199 3483 2567 3543 recantant.
2607 3479 2816 3558 Quam

574 3602 794 3659 autem
822 3595 1173 3674 immerito,
1206 3613 1288 3658 ne
1316 3592 1530 3658 dicam
1580 3593 1884 3673 ridicule,
1923 3594 2128 3660 facilis
2149 3594 2396 3677 negotii
2419 3599 2521 3660 est
2548 3592 2815 3660 demon·

572 3718 805 3776 strare.
839 3747 931 3761 --
968 3709 1432 3794 Respondetur
1474 3711 1722 3776 scilicet
1756 3718 1976 3793 primo,
2011 3712 2263 3777 ratione
2310 3728 2504 3795 quam
2526 3728 2816 3777 commu-

573 3828 746 3893 niter
786 3825 1062 3893 tradunt
1097 3829 1467 3906 canonistas,
1502 3825 1663 3892 dum
1692 3827 1864 3892 illius
1899 3825 2249 3893 decretalis
2278 3827 2815 3892 commentarium

572 3939 962 4007 adoriuntur
996 3964 1010 4006 :
1042 3942 1393 4024 plebanum
1424 3961 1660 4026 nempe
1703 3943 1913 4008 sancti
1968 3942 2297 4014 Pancratii
2337 3958 2467 4007 non
2513 3940 2814 4005 habuisse

577 4059 967 4136 potestatem
1005 4051 1609 4118 excommunicandi
1661 4072 1746 4118 ex
1784 4072 1864 4119 eo
1901 4052 2079 4138 quod
2117 4062 2291 4120 esset
2325 4052 2645 4138 plebanus
2674 4051 2812 4115 sive

572 4166 920 4249 parochus,
957 4165 1078 4233 sed
1117 4168 1224 4233 vel
1255 4186 1341 4231 ex
1364 4167 1727 4250 privilegio,
1765 4169 1983 4234 velex
2020 4168 2289 4251 speciali
2317 4164 2806 4241 consuetudine,

578 4282 682 4348 vel
711 4303 798 4348 ex
834 4282 1051 4366 aliquo
1084 4283 1212 4349 alio
1249 4281 1626 4366 particulari
1648 4283 1873 4369 titulo;
1916 4284 2007 4349 ita
2043 4292 2143 4362 ut,
2180 4301 2310 4349 non
2338 4301 2423 4348 ex
2452 4282 2602 4366 jure
2637 4298 2815 4345 com-

580 4400 760 4465 muni
796 4405 1121 4483 quatenus
1157 4397 1499 4481 parochus,
1533 4397 1654 4464 sed
1689 4419 1773 4465 ex
1803 4399 1953 4484 jure
1987 4398 2519 4468 extraordinario
2548 4394 2812 4463 aliunde
