3146 4973
654 332 780 394 368
1321 344 1698 393 'fflAc'rArus
1743 346 1831 391 ns
1877 344 2201 392 rsaocuo.

661 488 693 524 a
731 464 918 530 sitio:
958 483 995 530 a
1043 471 1424 546 suspensione
1471 483 1654 542 vero,
1704 465 1855 548 quia
1888 463 2026 529 haec
2071 482 2155 528 ex
2193 469 2428 528 natura
2457 481 2575 527 sua
2612 481 2740 528 nou
2781 472 2879 528 est

658 605 689 640 t(
727 586 1071 664 perpetua,
1105 577 1222 645 sed
1260 577 1694 663 medicinalis3
1739 599 1861 644 nec
1901 581 2118 663 privat
2148 580 2289 661 ipso
2336 578 2484 663 jure
2535 576 2878 654 beneflcio,

660 721 691 756 «
730 694 847 762 sed
878 694 1429 762 administratione
1463 695 1826 773 dumtaxat,
1870 703 1940 761 et
1970 696 2394 780 perceptione
2427 695 2759 762 fructuum
2799 694 2882 759 ad

661 838 691 872 «ι
729 818 1011 894 tempus.
1054 835 1088 873 ι»

742 931 813 993 3⁰
839 928 1037 994 Nobis
1067 928 1190 993 sub
1230 929 1538 1011 praesenti
1572 930 1783 1012 capite
1834 927 2341 1011 expendendum
2390 930 2699 1006 occurrit,
2734 947 2886 1012 quo-

654 1042 849 1109 modo
878 1050 949 1109 et
977 1042 1239 1128 quando
1271 1043 1547 1109 clericus
1576 1043 1885 1108 canonice
1908 1042 2227 1110 beneficio
2252 1063 2369 1110 suo
2392 1050 2696 1126 privetur.
2725 1043 2884 1108 Cum

650 1166 869 1226 autem
897 1178 1126 1224 norma
1152 1158 1368 1244 quoad
1395 1158 1519 1225 hoc
1546 1157 1938 1242 exponenda
1972 1159 2192 1224 locum
2237 1177 2421 1244 aeque
2453 1158 2713 1235 habeat,
2748 1160 2885 1225 sive

648 1273 854 1356 judex
884 1276 1262 1358 pronuntiet
1298 1275 1653 1356 simplicem
1670 1280 2078 1356 privationem
2107 1294 2143 1339 a
2177 1273 2518 1351 beneficio,
2565 1274 2701 1340 sive
2733 1292 2888 1357 pro-

655 1391 910 1454 nuntiet
932 1393 1359 1472 depositionem
1390 1390 1554 1474 (quae
1600 1391 1871 1473 insuper
1907 1389 2374 1455 inhabilitatem
2412 1388 2498 1454 ad
2526 1390 2652 1455 alia
2688 1390 2890 1457 bene-

653 1503 796 1568 ficia
823 1522 1045 1569 secum
1082 1501 1330 1587 trahit),
1393 1502 1507 1568 has
1549 1503 1713 1569 duas
1756 1523 2002 1587 poenaS,
2057 1505 2484 1587 privationem
2530 1505 2782 1570 scilicet
2823 1510 2890 1569 et

655 1617 1128 1702 depositionem
1156 1638 1272 1685 seu
1293 1617 1829 1703 degradationem
1859 1620 2213 1694 verbalem,
2243 1620 2347 1685 bic
2369 1640 2497 1687 non
2533 1619 2891 1704 distingue·

656 1751 830 1817 mus;
868 1733 987 1799 sed
1032 1734 1210 1800 dicta
1246 1734 1463 1819 quoad
1501 1735 1960 1818 privationem,
1996 1743 2192 1801 erunt
2236 1743 2305 1802 et
2357 1735 2573 1820 quoad
2619 1736 2889 1802 alteram

661 1866 915 1930 poenam
946 1850 1396 1934 intelligenda.

744 1964 815 2027 ⁴⁰
841 1965 922 2028 In
945 1962 1381 2048 expendenda
1424 1972 1643 2031 autem
1688 1966 2057 2047 gravissima
2106 1968 2446 2049 praesentis
2501 1968 2730 2050 capitis
2760 1986 2892 2031 ma-

661 2083 822 2148 teria
867 2081 1041 2147 bunc
1085 2079 1381 2148 ordinem
1430 2099 1783 2165 sequemur
1828 2103 1842 2145 ε
1881 2083 2093 2164 primo
2160 2083 2500 2149 nonnullas
2556 2081 2891 2148 trademus

658 2198 992 2280 generales
1018 2197 1278 2280 regulas
1310 2196 1483 2260 circa
1526 2193 1767 2260 dictam
1800 2197 2180 2279 privationis
2225 2214 2483 2280 poenam
2523 2219 2538 2261 ε
2573 2205 2716 2262 tum
2745 2215 2890 2280 per-

658 2332 1000 2378 curremus
1033 2313 1206 2378 varia
1241 2311 1504 2389 delicta,
1541 2311 1628 2377 ob
1670 2330 1814 2396 quae
1855 2312 2039 2377 locus
2085 2331 2226 2377 esse
2257 2319 2475 2397 potest
2514 2312 2891 2397 privationis

658 2447 901 2513 poenae3
938 2438 1007 2499 et
1037 2427 1250 2516 quoad
1294 2427 1804 2514 unumquodque
1836 2429 2252 2515 exquiremus
2289 2450 2302 2494 :
2342 2447 2424 2494 an
2456 2434 2733 2512 propter
2766 2425 2889 2492 tale

658 2545 973 2612 delictum
1004 2548 1376 2611 incurratur
1420 2545 1697 2628 privatio
1747 2546 1885 2628 ipso
1912 2544 2062 2629 jure
2102 2568 2115 2609 ε
2152 2565 2234 2611 au
2283 2546 2483 2629 possit
2523 2542 2888 2610 ordinarius

657 2662 834 2726 illam
866 2680 1122 2743 poenam
1148 2660 1439 2743 infligere
1471 2681 1484 2723 ε
1524 2668 1590 2724 et
1623 2660 1950 2743 quomodo
1988 2659 2478 2745 procedendum
2512 2661 2615 2724 sit.

1715 2913 1834 2984 51.

1012 3133 1255 3185 Nonnullae
1279 3136 1449 3195 regulae
1475 3134 1718 3195 generales
1741 3134 2015 3195 privationis
2037 3146 2222 3194 poenam
2249 3141 2528 3194 spectantes.

752 3356 1026 3421 liscum
1060 3356 1137 3418 1².
1172 3389 1260 3400 -—
1292 3354 1506 3435 Iulliqi
1552 3360 1760 3435 nequit
1803 3373 1976 3435 poena
2020 3358 2389 3435 privationis
2435 3353 2730 3433 beneficii,
2772 3359 2885 3414 nisi

654 3479 902 3552 propter
960 3489 1200 3531 causam
1255 3488 1523 3549 qravem,
1585 3475 1910 3547 notoriam,
1949 3477 2006 3530 et
2062 3476 2297 3531 servato
2334 3474 2505 3550 juris
2543 3470 2777 3531 ordine.
2801 3503 2883 3514 -

664 3584 930 3651 Constat
979 3603 1062 3647 ex
1105 3600 1348 3647 canone
1391 3587 1708 3647 Inventum
1749 3584 1879 3669 (38,
1929 3601 2118 3649 causa
2164 3586 2266 3660 16,
2305 3583 2660 3667 quaestione
2704 3580 2791 3665 7),
2820 3583 2882 3645 in

661 3716 792 3782 quo
827 3699 916 3763 sic
950 3695 1327 3762 decernitur
1355 3695 1573 3781 quoad
1606 3697 2091 3782 presbyterum,
2118 3698 2228 3782 qui
2254 3698 2531 3782 aliquam
2551 3696 2885 3763 ecclesiam

662 3811 942 3895 adeptus
977 3817 1078 3879 est
1116 3834 1130 3876 ε
1173 3816 1365 3893 Quam
1404 3820 1458 3875 si
1498 3819 1669 3895 juste
1696 3817 1950 3895 adeptus
1991 3818 2202 3895 suerit,
2256 3814 2412 3877 hanc
2441 3820 2685 3878 nonnisi
2715 3821 2885 3895 pravi

664 3933 839 4012 culpa
875 3951 1008 4010 sua,
1052 3938 1109 3993 et
1145 3949 1345 3993 coram
1384 3934 1698 4012 Episcopo,
1737 3937 2020 3994 canonica
2057 3937 2376 3994 severitate
2402 3938 2681 3996 amittat.

750 4050 917 4113 Item
947 4054 1199 4114 constat
1230 4067 1312 4112 ex
1352 4049 1563 4130 capite
1595 4052 1998 4129 conquerente
2044 4047 2132 4132 (7,
2161 4047 2336 4111 tituli
2371 4051 2475 4125 13,
2513 4048 2665 4112 libri
2698 4050 2736 4111 2
2772 4047 2876 4112 de-

665 4160 1025 4245 cretalium)
1063 4184 1078 4227 :
1117 4167 1518 4243 Conquerente
1569 4166 1740 4226 nobis
1790 4164 2057 4226 Renaldo
2100 4164 2314 4224 clerico
2343 4168 2698 4244 accepimus,
2732 4165 2876 4245 quod

661 4286 857 4361 ipsam
885 4280 1129 4341 ecelesia
1154 4281 1229 4341 de
1251 4281 1477 4358 Wefort
1506 4281 1880 4361 sinejudieio
1910 4281 2211 4361 spoliasti.
2229 4282 2388 4357 Quia
2422 4298 2560 4342 vero
2589 4299 2709 4342 non
2726 4281 2873 4343 decet

660 4397 1019 4459 honestatem
1053 4402 1213 4457 tuam
1254 4396 1497 4456 clericos
1530 4401 1648 4456 tuoe
1658 4397 2137 4475 jurisdictionis,
2178 4400 2306 4457 sine
2342 4398 2675 4477 manifesta
2708 4413 2872 4457 eausa
