3146 4973
502 327 630 390 396
1180 339 1555 386 fassurus
1606 339 1691 385 oa
1737 335 2061 385 rsuocno.

1523 568 1700 632 vm.

502 775 563 826 lu
589 774 851 839 hypothesi
871 773 1011 837 quod
1039 774 1102 824 ds
1116 774 1243 838 juro
1269 772 1536 821 communi
1562 782 1671 820 uon
1695 774 1861 833 posset
1901 769 2217 832 privationis
2237 781 2394 838 mna
2419 767 2579 830 plecti
2606 765 2729 816 sins·

567 870 691 931 ple-v
716 866 1022 929 fornicatio,
1068 878 1160 915 noc
1190 866 1349 914 eiiam
1391 861 1766 912 concubinatus
1808 862 1915 911 nisi
1953 862 2233 924 praemissis
2275 860 2652 911 monitionibus
2684 866 2734 911 st

567 962 917 1024 suspensione,
948 960 1007 1008 ia
1032 959 1216 1009 saltem
1233 957 1349 1021 fieri
1366 961 1536 1020 posset
1561 955 1762 1018 doy'ure
1785 954 2123 1018 particulari,
2154 967 2243 1004 ssu
2269 967 2335 1003 οε
2360 955 2571 1004 statutis
2593 967 2726 1016 par·

573 1053 885 1105 cicutas-ibus
907 1054 1260 1114 wcluiarum,
1279 1057 1327 1102 ei
1352 1052 1556 1114 vium
1584 1049 1731 1112 apua
1757 1051 1904 1112 ipsas
1922 1048 2312 1098 comatum.

590 1257 750 1320 Nam
786 1258 848 1319 1⁰
878 1254 1253 1323 Tridentino
1282 1255 1571 1341 synodus
1604 1256 1781 1341 (sess.
1813 1259 1922 1332 25,
1965 1276 2025 1320 c.
2061 1252 2164 1338 14)
2194 1273 2501 1339 expresse
2550 1272 2732 1318 man·

501 1368 684 1435 davit
720 1371 1208 1438 concubinarios
1228 1373 1443 1456 puniri
1472 1372 1680 1454 poenis
1707 1392 1750 1434 a
1775 1377 1969 1435 sacris
1993 1374 2316 1436 canonibus
2353 1373 2449 1434 vel
2475 1374 2730 1434 statutis

502 1488 877 1549 ecclesiarum
896 1491 1215 1568 impositis.
1252 1484 1503 1568 Quibus
1522 1484 1738 1550 verbis
1759 1493 2003 1551 statuta
2023 1486 2460 1564 ecclesiarum,
2494 1485 2734 1570 quibus

504 1606 730 1665 contra
760 1600 1187 1666 fornicatores
1214 1609 1284 1666 et
1306 1599 1798 1667 concubinarios
1821 1602 2198 1684 privationis
2223 1620 2415 1685 poena
2442 1601 2733 1684 impone-

504 1722 709 1789 retur,
752 1721 927 1780 sarta
962 1723 1140 1781 tecta
1170 1716 1449 1781 voluisse
1478 1715 1892 1782 manifestum
1923 1715 2103 1781 facit.

591 1832 660 1892 2⁰
684 1827 956 1896 Accedit
989 1828 1204 1915 quoad
1232 1830 1354 1896 hoc
1380 1829 1723 1896 doctorum
1752 1830 2111 1896 consensio.
2147 1831 2307 1895 Nam
2349 1829 2440 1894 illi
2472 1828 2595 1913 ipsi
2618 1828 2732 1912 qui

504 1949 741 2024 negant
763 1942 1003 2024 imponi
1032 1961 1216 2026 poffle
1258 1940 1342 2008 de
1384 1941 1532 2025 jure
1569 1944 1896 2007 communi
1936 1942 2315 2026 privationis
2353 1961 2610 2026 poenam
2643 1941 2729 2005 ob

502 2056 991 2122 fornicationem
1019 2057 1397 2142 simplicem,
1436 2066 1550 2123 aut
1587 2066 1861 2142 propter
1889 2058 2421 2124 concubinarium
2451 2058 2596 2144 (nisi
2623 2075 2729 2122 re-

502 2177 762 2253 pertum
811 2170 1312 2255 incorrigibilem
1348 2180 1497 2255 post
1530 2170 1852 2238 adhibitas
1893 2173 2299 2249 monitiones,
2349 2178 2418 2237 et
2461 2189 2728 2255 suspen·

501 2283 794 2370 sionem),
838 2285 1208 2353 concedunt
1242 2294 1463 2353 tamen
1491 2286 1562 2352 id
1589 2288 1729 2353 fieri
1770 2307 1955 2371 posse
1993 2288 2078 2354 de
2111 2286 2258 2371 jure
2311 2286 2714 2370 particulari.

503 2402 603 2468 Sic
630 2403 946 2485 imprimis
966 2402 1546 2486 Schmalzgrueber
1570 2404 1661 2490 (in
1687 2404 1952 2469 titulum
1983 2407 2058 2468 de
2090 2405 2544 2468 Cohabiiatione
2574 2406 2720 2465 oter.

502 2528 559 2582 et
590 2523 767 2596 mul„
807 2540 871 2584 n.
917 2519 1045 2602 11),
1070 2530 1412 2606 postquam
1442 2520 1777 2587 adnotavit
1805 2521 1872 2584 in
1906 2520 2079 2585 hunc
2109 2519 2413 2585 modum:
2452 2542 2483 2580 α
2505 2520 2727 2583 Poeuoe

511 2660 537 2688 α
574 2634 711 2698 istae
756 2654 886 2699 non
916 2634 1202 2701 afficiunt
1234 2654 1347 2702 eos
1372 2637 1486 2721 qui
1522 2636 1878 2720 simplicem
1911 2636 2440 2702 incontinentiam
2473 2634 2729 2700 commi-

508 2773 541 2808 «
577 2757 806 2814 serunt
835 2772 848 2814 :
878 2757 950 2816 et
979 2751 1151 2815 ratio
1186 2756 1309 2829 est,
1346 2752 1497 2836 quia
1531 2752 1876 2816 concilium
1901 2751 2194 2835 loquitur
2225 2749 2309 2817 de
2347 2767 2428 2814 eo
2455 2749 2719 2826 clerico,

507 2887 541 2924 «
572 2864 686 2948 qui
713 2864 1250 2932 consuetudinem
1286 2865 1488 2931 habet
1520 2884 1668 2930 cum
1698 2866 1971 2931 muliere
2001 2864 2267 2946 lasciva3
2309 2864 2470 2929 hanc
2506 2868 2728 2929 autem

507 3001 540 3037 α
577 2998 704 3045 non
733 2987 1038 3047 censetur
1057 2980 1324 3059 habere,
1359 2982 1689 3064 quisemel
1710 2987 1964 3047 tantum
1996 2979 2272 3066 deliquit
2299 2998 2448 3044 cum
2475 2979 2719 3063 aliqua3

508 3118 540 3155 «
571 3094 690 3162 sed
718 3098 1075 3181 requiritur
1102 3106 1179 3163 ut
1207 3098 1438 3164 saltem
1472 3097 1572 3163 bis
1606 3096 1674 3163 id
1717 3098 1971 3173 fecerit,
2013 3120 2045 3157 »
2080 3098 2299 3162 statim
2328 3094 2659 3179 subjungit
2703 3115 2718 3158 :

508 3234 539 3271 α
577 3210 1014 3298 Proceditque
1052 3212 1176 3279 hoc
1214 3213 1626 3280 considerato
1667 3212 1815 3297 jure
1838 3212 2200 3294 communi3
2244 3228 2389 3276 nam
2417 3230 2496 3276 ex
2536 3209 2725 3293 praxi

506 3350 539 3388 α
573 3329 854 3412 plurium
893 3331 1252 3397 Germaniae
1284 3339 1518 3397 nostrae
1544 3330 1872 3397 curiarum
1908 3328 2390 3413 episcopalium,
2431 3327 2623 3391 etiam
2655 3326 2723 3389 in

505 3466 539 3504 ι(
573 3444 847 3510 clericos
878 3445 1260 3512 fornicarios
1293 3452 1573 3521 tantum,
1625 3445 1754 3511 etsi
1790 3443 2232 3511 concubinarii
2260 3462 2388 3508 non
2418 3442 2566 3516 sint,
2608 3460 2724 3506 seu

508 3582 537 3619 «
575 3558 1021 3625 assiduitatem
1047 3579 1193 3625 cum
1219 3560 1490 3625 muliere
1518 3560 1734 3625 soluta
1771 3578 1898 3626 non
1927 3559 2227 3635 habeant,
2253 3556 2483 3623 iisdem
2505 3564 2726 3622 tamen

508 3700 533 3731 α
572 3675 799 3758 poenis,
834 3692 980 3759 quae
1008 3677 1072 3740 in
1095 3675 1587 3741 concubinarios
1621 3694 1744 3758 per
1770 3673 2219 3740 Tridentinum
2250 3678 2510 3738 statutae
2547 3679 2720 3749 sunt,

509 3814 536 3847 e<
572 3789 1120 3856 animadvertitur
1154 3813 1168 3856 ε
1205 3790 1402 3876 idque
1436 3791 1817 3866 rectissime,
1870 3798 1942 3855 ut
1990 3807 2123 3874 quo
2156 3788 2417 3872 gravius
2459 3786 2732 3868 punitur

508 3930 538 3967 «
578 3906 701 3973 hoc
728 3906 964 3986 scelus,
994 3926 1076 3973 eo
1101 3909 1297 3991 magis
1324 3907 1718 3973 refraenetur
1738 3924 2048 3990 perversa
2075 3901 2336 3969 vivendi
2364 3901 2648 3967 licentia.
2690 3924 2723 3961 a>

503 4024 567 4088 Si
602 4022 828 4090 iisdem
853 4026 1080 4108 poenis,
1110 4043 1270 4109 ergo
1299 4033 1367 4090 et
1389 4023 1752 4108 privatione
1783 4020 2103 4097 beneficii,
2136 4020 2290 4085 licet
2318 4019 2506 4083 unica
2533 4018 2730 4081 inter·

506 4140 759 4205 venerit
792 4140 1154 4206 fornicatio.

595 4255 731 4321 Imo
780 4256 1137 4321 Leurenius
1191 4253 1517 4318 existimat
1567 4252 1849 4320 validum
1907 4252 2046 4316 fore
2096 4258 2410 4316 statutum
2459 4246 2730 4332 alicujus

506 4368 819 4447 dioecosiS,
855 4389 985 4454 quo
1016 4369 1393 4453 privationis
1424 4390 1614 4463 piena
1657 4369 2132 4435 decerneretur
2163 4374 2293 4449 ipso
2313 4373 2459 4450 jure
2498 4386 2535 4430 a
2575 4384 2729 4431 con-
