3146 4973
660 416 790 480 616
1335 429 1710 481 moruus
1755 434 1841 481 nn
1887 432 2213 481 raucone.

743 560 814 624 3⁰
867 578 900 620 α
950 556 1083 622 Sub
1134 555 1816 622 excommunicationis
1881 556 2148 642 aliisque
2210 556 2604 640 gravissimis
2669 558 2854 641 poenis

663 696 696 736 a
730 674 1152 739 constitutum
1185 671 1370 737 estin
1396 674 1852 757 extravaganti
1888 675 2252 753 Ambitiosoe,
2297 675 2374 737 de
2410 676 2600 739 Rebus
2625 675 2856 739 molata-

662 812 699 853 α
728 811 849 855 non
876 792 1241 867 alienandis,
1283 808 1366 855 ne
1393 788 1642 875 absque
1679 791 2070 858 auctoritate
2110 789 2476 874 Apostolica
2517 791 2653 858 ullo
2687 798 2856 875 pacto

661 929 695 970 α
729 906 899 974 bona
932 905 1283 973 immobilia
1321 907 1502 972 ultra
1545 907 1899 974 triennium
1942 908 2267 987 locentur,
2309 916 2425 974 aut
2458 908 2587 974 alia
2629 910 2855 974 ratione

659 1044 693 1085 a
726 1023 1175 1089 alienentur.»
1206 1021 1536 1105 (Barbosa,
1567 1027 1643 1087 de
1671 1025 1881 1104 Officio
1910 1026 2193 1107 parochi,
2231 1041 2376 1107 cap.
2403 1025 2511 1102 13,
2540 1043 2607 1089 n.
2633 1021 2764 1108 40.)
2789 1024 2860 1090 Et

654 1136 841 1204 addit
866 1139 1101 1204 citatus
1131 1145 1363 1204 auctor
1402 1159 1417 1204 :
1465 1162 1498 1200 c<
1540 1140 1811 1205 Nomine
1858 1140 2259 1205 alienationis
2297 1139 2586 1223 intelligo
2623 1156 2857 1204 omnem

660 1276 693 1315 a
732 1261 981 1333 actum,
1018 1272 1148 1338 quo
1202 1252 1560 1319 dominium
1604 1256 1703 1319 rei
1749 1253 2109 1333 directum,
2147 1257 2253 1320 vel
2305 1254 2498 1333 utile,
2553 1261 2667 1319 aut
2725 1273 2862 1319 usus

662 1396 696 1437 α
732 1371 1005 1450 fructus,
1045 1379 1158 1437 aut
1183 1372 1310 1457 jus,
1347 1373 1413 1436 in
1439 1371 1720 1437 alterum
1746 1372 2165 1449 transfertur,
2213 1373 2320 1438 vel
2350 1372 2712 1439 abdicatur.
2753 1397 2782 1433 υ

743 1489 814 1551 4⁰
835 1489 912 1552 In
940 1486 1321 1557 alienatione
1353 1504 1580 1552 rerum
1613 1487 2005 1565 tenuiorum,
2056 1487 2217 1553 licet
2264 1487 2710 1565 immobilium,
2749 1506 2862 1552 non

657 1603 1018 1689 requiritur
1053 1601 1409 1668 authoritas
1443 1604 1831 1687 Apostolica,
1862 1602 1979 1669 sed
2014 1602 2249 1670 sufficit
2283 1605 2477 1690 (sicut
2524 1623 2646 1687 pro
2690 1603 2864 1671 mobi-

654 1717 848 1804 libus)
879 1718 1145 1785 licentia
1174 1717 1524 1798 ordinarii,
1570 1739 1702 1786 non
1732 1727 1951 1787 tamen
2004 1721 2229 1786 vicarii
2276 1720 2617 1804 generalis.
2669 1721 2748 1786 Et
2784 1728 2870 1784 te·

656 1836 808 1900 nuia
844 1834 1297 1900 existimantur
1326 1853 1468 1919 quoe
1504 1854 1637 1900 uon
1667 1834 1999 1902 excedunt
2022 1838 2106 1900 25
2137 1842 2538 1901 scutatorum
2568 1835 2863 1900 valorem.

662 1948 989 2037 (Barbosa,
1028 1968 1176 2014 cum
1227 1953 1674 2016 Additamentis
1723 1950 1994 2029 Giraldi,
2047 1954 2124 2015 de
2169 1952 2381 2031 Officio
2423 1952 2701 2034 parochi,
2739 1951 2870 2018 loco

665 2066 885 2144 citato,
922 2085 988 2129 n.
1026 2063 1164 2149 42.)

756 2183 822 2245 5⁰
876 2181 1116 2266 Nequit
1164 2180 1485 2264 parochus
1532 2179 1704 2247 bona
1751 2181 2043 2247 ecclesiae
2076 2182 2291 2248 locare
2339 2200 2489 2247 cum
2529 2181 2877 2265 anticipatis

663 2294 1116 2362 solutionibus,
1152 2295 1229 2361 Id
1276 2293 1595 2381 siquidem
1635 2295 1969 2381 prohibuit
2007 2295 2376 2363 Tridentina
2415 2294 2711 2383 synodus
2747 2295 2879 2382 (ses-

667 2410 826 2478 sion.
866 2412 973 2490 24,
1018 2430 1076 2476 c.
1120 2408 1251 2496 ll).

757 2530 827 2592 6⁰
860 2528 1163 2611 Exceptis
1190 2535 1409 2595 autem
1450 2528 1773 2614 ejusmodi
1802 2529 1971 2614 juris
2002 2527 2567 2614 dispositionibus»,
2603 2547 2748 2614 quae
2792 2526 2885 2613 jus

673 2642 1166 2710 administrandi
1206 2645 1273 2709 in
1322 2645 1607 2727 parocho
1653 2646 1957 2724 limitant,
1997 2646 2356 2730 generatim
2402 2643 2758 2712 dicendum
2797 2652 2886 2710 est

676 2758 1028 2842 parochum
1073 2779 1213 2826 esse
1254 2759 1841 2826 administratorem
1889 2768 2112 2827 natum
2156 2761 2253 2826 rei
2294 2760 2676 2844 temporalis
2712 2776 2887 2843 paro-

678 2873 831 2938 chiae
864 2894 1018 2941 suoe.
1062 2874 1253 2942 Unde
1280 2879 1570 2960 exceptis
1610 2876 1948 2961 prohibitis
1978 2876 2252 2954 casibuS,
2288 2875 2374 2942 ad
2403 2877 2620 2961 ipsum
2650 2882 2888 2960 spectat

678 2997 1050 3056 contractus
1080 2990 1296 3076 quoad
1318 3011 1422 3058 res
1445 2993 1736 3059 ecclesiae
1769 3013 1899 3059 suae
1929 2993 2320 3077 temporales
2351 2991 2592 3072 facere,
2642 2994 2708 3058 in
2739 2990 2890 3078 judi-

681 3107 780 3173 cio
809 3115 983 3174 stare
1022 3126 1143 3191 pro
1183 3108 1444 3175 tuendis
1474 3107 1772 3195 eiusdem
1805 3109 2094 3176 ecclesiae
2126 3108 2404 3194 juribuS,
2435 3116 2504 3175 et
2535 3127 2670 3175 uuo
2703 3106 2888 3175 verbo

680 3241 1020 3307 personam
1050 3222 1587 3290 administratoris
1615 3243 1830 3309 agere.

774 3342 841 3402 7⁰
886 3337 1148 3418 Atver0,
1189 3357 1336 3404 cum
1375 3340 1562 3404 simul
1608 3347 1676 3404 et
1718 3339 1921 3422 magis
1968 3337 2470 3423 uniuscujusque
2519 3335 2894 3421 parochialis

681 3454 968 3519 ecclesiae
1015 3453 1185 3520 bona
1220 3455 1517 3539 Episcopi
1547 3474 1720 3521 curae
1760 3455 2095 3520 commissa
2128 3455 2275 3531 sint,
2306 3452 2414 3539 jus
2450 3451 2894 3519 administran-

682 3568 751 3635 di
788 3571 1050 3654 parochi
1091 3577 1383 3637 remanet
1431 3591 1693 3655 semper
1730 3579 1798 3637 ct
1841 3572 1908 3635 in
1952 3570 2249 3636 omnibus
2289 3571 2664 3636 auctoritati
2717 3565 2896 3635 Ordi-

681 3686 845 3749 narii
870 3685 1388 3752 subordinatum.
1420 3690 1521 3754 Ita
1552 3695 1628 3752 ut
1650 3695 1960 3752 teneatur
1989 3686 2309 3770 parochus
2337 3681 2898 3751 administrationis

680 3819 811 3865 suae
865 3803 1241 3886 temporalis
1285 3806 1603 3870 rationem
1627 3853 1641 3880 ‚
1685 3812 1754 3870 et
1799 3812 2096 3887 tempore
2145 3801 2557 3878 visitationm,
2593 3808 2664 3867 et
2719 3805 2896 3865 extra

676 3916 841 3981 illud
883 3925 1163 4003 tempus,
1191 3921 1244 3984 si
1286 3920 1599 4004 Episcopo
1641 3922 1846 3985 visum
1893 3919 2116 3998 fuerit,
2149 3919 2231 3997 ei,
2261 3926 2376 3984 aut
2416 3916 2606 3984 alteri
2645 3915 2733 3982 ab
2773 3915 2896 4002 ipso

680 4031 1017 4118 deputato,
1054 4035 1358 4102 reddere.

762 4155 929 4219 Item
976 4155 1257 4222 liberum
1294 4175 1554 4241 semper
1587 4165 1880 4222 remanet
1930 4156 2249 4239 Episcopo
2300 4171 2459 4239 quas
2504 4157 2896 4236 opportunas

673 4269 1139 4335 existimaverit
1185 4271 1440 4355 regulas
1490 4274 1556 4337 in
1593 4269 1918 4358 ejusmodi
1963 4270 2303 4353 temporali
2341 4265 2894 4335 administratione

669 4384 1038 4450 exercenda
1064 4385 1343 4469 parocho
1374 4389 1827 4472 proescribere3
1863 4395 2058 4472 atque
2089 4405 2198 4452 eas
2219 4384 2551 4451 tenebitur
2581 4380 2894 4468 parochus

669 4508 972 4566 accurate
1004 4520 1290 4581 servare,
1332 4502 1525 4571 modo
1557 4481 1712 4570 alias
1752 4503 2129 4590 Apostolicis
2169 4498 2740 4567 constitutionibus
2784 4513 2893 4560 seu
