3146 4973
603 392 732 455 662
1282 405 1656 454 moruus
1705 407 1790 454 ns
1836 404 2159 452 mnocno.

605 553 685 598 co
723 542 948 601 sancto
999 554 1128 600 non
1163 534 1355 612 adsit,
1402 536 1529 600 erit
1566 556 1604 601 e
1637 542 1934 599 commum·
1963 533 2385 600 desumenda.
2416 536 2514 599 lta
2545 532 2839 598 declara·

569 649 699 732 ,vit
742 650 934 716 Sacra
988 651 1254 717 Rituum
1307 652 1737 736 Congregatio
1781 652 1849 715 in
1905 656 2169 716 Austrioe
2218 655 2560 732 AEniponti,
2606 652 2687 713 22
2722 647 2839 734 lde-

604 766 886 832 cembris
923 770 1114 833 1612.
1157 769 1238 832 At
1269 769 1665 834 contrarium
1693 771 1892 849 quoad
1927 769 2186 847 officium
2215 765 2578 832 declaravit
2604 763 2836 831 eadem

605 883 795 949 Sacra
833 884 1284 969 congregatio,
1320 890 1815 962 Conimbricensi‚
1852 888 1924 950 21
1965 885 2180 950 martii
2223 887 2417 951 1795.

1508 1178 1777 1244 CAPUT
1824 1180 1940 1243 111.

1255 1442 1342 1488 DE
1391 1437 1828 1486 CAPPELLANIS
1874 1439 2186 1486 ranl'rUM.

696 1725 728 1763 «
762 1703 817 1765 Ι.
853 1703 916 1767 Si
945 1701 1180 1767 milites
1208 1701 1275 1765 in
1313 1699 1541 1765 castris
1582 1707 1696 1764 aut
1726 1698 2157 1782 papilionibus
2185 1699 2542 1766 existentes
2572 1721 2700 1766 non
2734 1699 2838 1764 ha-

605 1842 638 1879 «
673 1819 834 1885 bent
879 1819 1333 1903 cappellanum
1393 1823 1826 1893 castrensem,
1870 1835 1991 1899 pro
2023 1822 2367 1880 animaru-m
2402 1838 2550 1880 eura
2581 1837 2840 1882 eorum-

609 1958 642 1995 «
679 1934 833 2000 dem
884 1954 920 1998 a
975 1931 1142 1999 Sede
1185 1933 1555 2016 Apostolica
1599 1930 2023 2014 deputatum,
2060 1930 2164 1996 vel
2217 1931 2299 1997 ab
2343 1930 2723 2009 ordinario,
2777 1937 2836 1999 in

609 2075 642 2115 «
680 2050 867 2136 cujus
902 2050 1166 2116 dIoecesi
1196 2050 1508 2125 existunt,
1560 2047 2019 2130 approbatum,
2075 2047 2257 2130 vagis
2301 2058 2830 2115 annumerantur.

611 2192 642 2230 «
679 2169 1171 2251 consequenter
1228 2183 1458 2231 eorum
1507 2163 1829 2248 parochus
1862 2163 1990 2229 erit
2042 2163 2179 2245 ipse
2227 2164 2545 2246 parochus
2588 2166 2732 2244 loci,
2774 2167 2838 2230 in

614 2308 642 2341 α
682 2302 814 2368 quo
852 2302 973 2366 pro
1018 2291 1316 2365 tempore
1349 2282 1660 2347 existunt.
1701 2278 2041 2345 Conclusio
2070 2286 2253 2361 patet
2281 2300 2361 2345 ex
2403 2279 2595 2347 dictis
2640 2303 2651 2345 :
2689 2302 2832 2347 cum

611 2421 643 2460 «
681 2400 855 2465 enim
920 2399 1156 2465 milites
1198 2399 1266 2461 in
1298 2398 1524 2463 castris
1566 2396 1945 2471 existenteS,
1997 2413 2122 2460 nec
2171 2414 2401 2460 verum
2454 2416 2575 2461 nec
2627 2399 2836 2481 quasi·

610 2539 644 2579 «
682 2517 1074 2583 domicilium
1122 2516 1541 2582 habitationis
1585 2514 1867 2579 habeant
1914 2512 2101 2596 (tales
2147 2520 2371 2578 autem
2413 2533 2643 2579 revera
2692 2516 2838 2596 vagi

612 2656 644 2694 «
680 2632 857 2717 sint),
909 2651 1311 2716 consequens
1365 2638 1464 2696 est
1516 2630 1695 2716 quod
1752 2627 2070 2711 parochus
2122 2645 2346 2692 eorum
2398 2631 2700 2713 proprius
2753 2631 2837 2695 sit

613 2773 646 2811 «
683 2750 831 2826 loci,
869 2750 934 2812 in
964 2768 1093 2832 quo
1133 2767 1253 2827 pro
1289 2753 1588 2829 tempore
1622 2745 1928 2810 existunt.
1960 2766 1991 2802 υ
2040 2741 2505 2827 (Reiffenstuel‚
2543 2746 2607 2808 iu
2635 2746 2734 2809 tit.
2765 2748 2826 2819 3,

607 2866 761 2931 libri
799 2866 834 2929 4
875 2863 1156 2943 decret„
1192 2884 1260 2929 n.
1300 2863 1440 2947 94.)
2712 2934 2725 2947 .

703 3005 736 3042 «
768 2983 854 3045 ΙΙ.
897 2982 959 3045 Si
996 2981 1231 3046 milites
1267 2981 1511 3045 habent
1551 2980 1889 3045 curionem
1921 2999 2036 3046 seu
2075 2980 2529 3063 cappellanum
2559 2986 2835 3045 castren-

614 3120 646 3158 «
682 3117 842 3173 sem,
887 3096 1235 3179 praeditum
1272 3095 1533 3180 speciali
1576 3095 1894 3161 facultate
1937 3096 2319 3179 Apostolicae
2352 3095 2553 3172 sedi-3,
2587 3094 2692 3159 vel
2730 3113 2843 3176 ap-

615 3235 648 3273 «
687 3212 1071 3295 probatione
1125 3219 1195 3276 et
1239 3212 1505 3277 licentia
1566 3211 1936 3287 Ordinarii,
2008 3213 2073 3274 in
2129 3211 2314 3295 cujus
2378 3208 2642 3275 dioecesi
2701 3209 2846 3273 illos

618 3350 651 3386 «
689 3335 946 3391 exstare
983 3327 1347 3409 contigerit,
1389 3328 1637 3409 poterit
1675 3326 1782 3391 hic
1836 3325 2082 3391 eisdem
2141 3330 2539 3391 sacramenta
2583 3320 2847 3387 admini-

619 3466 651 3502 «
685 3448 936 3525 strare;
969 3461 1043 3506 ac
1077 3442 1273 3506 etiam
1312 3443 1719 3508 matrimonio
1755 3461 1985 3509 eorum
2027 3442 2324 3506 assistere
2360 3439 2549 3523 juxta
2590 3447 2847 3501 tenorem

619 3577 652 3617 «
686 3559 1001 3637 facultatis
1038 3574 1356 3619 concessae
1389 3574 1427 3619 a
1458 3554 1625 3619 Sede
1659 3556 2044 3638 Apostolica‚
2070 3554 2177 3619 vel
2203 3554 2284 3619 ab
2316 3553 2658 3619 Ordinatio
2687 3552 2852 3617 dioe-

619 3693 650 3729 «
686 3673 868 3748 cesis,
906 3674 972 3734 in
1017 3689 1146 3754 qua
1193 3690 1312 3752 pro
1361 3680 1661 3756 tempore
1708 3672 1947 3736 milites
1986 3670 2273 3736 existunt
2313 3692 2325 3734 :
2364 3671 2454 3733 ita
2490 3678 2585 3746 ut,
2623 3671 2676 3733 si
2712 3669 2849 3733 haec

622 3808 656 3848 «
691 3807 819 3853 non
857 3792 1114 3852 tantum
1152 3806 1270 3871 pro
1302 3794 1540 3866 castris,
1581 3786 1701 3852 sed
1725 3788 1923 3852 etiam
1952 3806 2073 3870 pro
2086 3790 2398 3868 praesidiis
2432 3794 2636 3862 sonet,
2675 3793 2857 3849 utro-

620 3927 652 3964 «
688 3904 884 3989 bique
913 3905 1319 3979 matrimonio
1343 3905 1642 3970 assistere
1668 3904 1884 3971 valeat
1920 3925 1932 3968 :
1964 3904 2016 3967 si
2050 3910 2269 3967 autem
2295 3909 2544 3966 tantum
2580 3920 2700 3984 pro
2720 3921 2859 3966 uno

620 4043 652 4081 «
691 4028 804 4085 aut
834 4019 1045 4086 altero
1081 4020 1224 4087 loco
1263 4021 1369 4086 vel
1411 4028 1711 4103 tempore
1755 4038 2062 4084 concessa
2106 4020 2496 4093 inveniatur,
2532 4015 2750 4083 eidem
2785 4036 2857 4083 se

622 4157 653 4196 «
687 4135 1183 4202 accommodare
1224 4134 1483 4200 debeat.
1523 4137 1716 4202 Patet
1740 4135 2069 4200 conclusio
2102 4155 2115 4198 :
2156 4153 2303 4198 cum
2333 4134 2525 4209 enim,
2567 4151 2698 4199 non
2721 4141 2861 4198 tan-

621 4275 653 4312 «
690 4258 828 4317 tum
865 4252 1191 4327 Pontifex,
1235 4250 1353 4315 sed
1387 4258 1456 4317 et
1486 4250 1872 4341 Ordinarius
1909 4251 2099 4315 alicui
2147 4248 2475 4315 sacerdoti
2511 4250 2688 4337 (alies
2724 4272 2853 4315 non

626 4391 658 4428 «
695 4366 998 4452 parocho)
1032 4367 1190 4432 dare
1231 4369 1432 4450 possit
1457 4364 1782 4433 licentiam
1818 4366 2162 4432 assistendi
2199 4366 2604 4432 matrimonio
2639 4368 2857 4451 (textu

623 4509 655 4546 «
690 4485 866 4550 claro
896 4484 1145 4551 concilii
1174 4484 1554 4563 Tridentini,
1600 4505 1754 4551 sess.
1793 4486 1871 4551 24
1906 4488 1979 4551 de
2004 4489 2166 4565 Res„
2204 4484 2335 4550 ibi:
2380 4491 2500 4550 Seu
2533 4489 2856 4548 ordinarii
