3146 4973
1202 474 1361 524 »aas
1405 474 1635 524 rmus.
2447 459 2534 528 49

304 606 626 665 mentum.
664 600 796 683 Ipsi
823 617 1079 684 nempe,
1130 607 1207 665 ut
1241 602 1546 666 evincant
1577 599 1895 685 parochos
1933 601 2016 665 72
2045 598 2402 685 discipulis,
2454 620 2539 667 ex

303 716 712 781 institutione
768 713 1010 795 divina,
1060 716 1465 794 successisse,
1504 714 1591 782 ad
1639 714 2057 782 traditionem
2112 714 2400 782 fidenter
2432 735 2540 801 ap·

305 830 576 915 pellant,
614 836 685 896 et
710 829 1105 897 documenta
1132 838 1519 916 congerunt,
1556 849 1700 917 quae
1730 832 1852 898 sihi
1878 839 2106 918 aperte
2130 832 2355 899 favere
2385 851 2541 898 con-

306 944 614 1012 tendunt.
668 947 743 1012 In
790 965 923 1032 quo
970 964 1242 1031 prorsus
1285 966 1400 1013 eos
1439 946 1822 1015 hallucinari
1869 956 1946 1014 ut
1988 948 2136 1013 luce
2187 946 2544 1014 meridiana

304 1060 544 1125 clarius
594 1068 838 1144 pateat,
903 1080 982 1127 ea
1033 1063 1173 1146 ipsa
1218 1068 1661 1139 monumenta,
1723 1079 1867 1147 quoe
1927 1061 2010 1127 ab
2059 1062 2215 1147 ipsis
2262 1062 2548 1147 proferri

308 1178 549 1258 solent,
594 1178 958 1262 singillatim
1001 1197 1494 1264 recenseamus;
1539 1185 1611 1243 et
1651 1177 1737 1245 de
1783 1197 2179 1265 unoquoque
2215 1180 2548 1265 expenda-

310 1310 480 1371 mus,
512 1312 671 1358 num
702 1294 806 1359 vel
844 1294 1104 1360 minime
1138 1296 1465 1359 intentum
1497 1312 1728 1360 eornm
1750 1292 2070 1360 adstruat.

403 1411 878 1476 Docuunnnm
896 1410 949 1475 Ι.
967 1410 1151 1475 -In
1178 1409 1448 1494 epistola
1472 1407 1762 1475 secunda
1801 1411 2006 1475 sancti
2030 1409 2326 1476 Anacleti
2355 1412 2548 1497 Papae

314 1524 408 1611 (id
437 1532 561 1603 est,
601 1524 685 1590 ab
717 1523 965 1591 Isidoro
1001 1526 1367 1592 Mercatore
1416 1524 1568 1591 huic
1611 1523 1911 1591 Pontifici
1961 1524 2126 1591 falso
2174 1527 2544 1613 attributa),

310 1643 407 1707 sic
432 1640 682 1726 legitur
709 1662 724 1707 :
766 1644 1047 1707 Vidamas
1073 1649 1277 1706 aulem
1307 1648 1429 1724 ipsi
1450 1645 1725 1724 Apostoli
1760 1661 2006 1705 messem
2040 1663 2165 1706 esse
2187 1647 2464 1725 multam,
2493 1653 2552 1708 et

315 1763 627 1839 operar-ios
638 1777 885 1841 paucos,
909 1766 1275 1840 roqavemnl
1302 1761 1612 1823 dominum
1635 1763 1843 1821 messis
1871 1766 1942 1821 vt
1964 1764 2230 1822 mitteret
2251 1766 2555 1843 operarios

314 1880 385 1938 in
410 1893 660 1938 messem
682 1893 876 1939 suam.
900 1876 1054 1939 Inde
1072 1877 1256 1937 electi
1286 1882 1427 1939 sunl
1460 1876 1537 1938 ab
1567 1878 1655 1937 eis
1682 1880 2066 1956 septuaqinla
2091 1878 2211 1938 duo
2238 1878 2548 1961 discipuli,

314 2010 572 2071 quorum
596 1998 801 2073 typum
830 1996 1047 2072 ymni
1063 1992 1425 2072 presbyteri,
1457 1996 1636 2071 atque
1659 1995 1726 2053 in
1763 2009 1966 2053 eorum
2007 1993 2201 2054 locum
2250 1999 2392 2056 sunt
2429 2012 2560 2056 con-

316 2112 527 2171 stituli
545 2113 613 2171 in
639 2109 924 2171 Ecclesia.
945 2106 1253 2188 Quamvis
1277 2106 1345 2169 in
1381 2105 1575 2171 falsas
1600 2103 1989 2182 decretales,
2017 2106 2102 2171 ab
2120 2104 2374 2173 Isidoro
2395 2108 2562 2174 Mer·

319 2230 549 2288 catore
588 2222 900 2299 invectaS,
934 2228 1119 2287 tanto
1159 2225 1323 2286 aestu
1376 2220 1630 2286 soleant
1671 2218 2044 2286 declamare
2082 2219 2446 2305 jansenistae
2492 2229 2562 2288 et

322 2336 730 2423 parochistae,
768 2355 919 2403 enm
946 2342 1169 2401 tamen
1206 2342 1466 2402 textum
1511 2353 1764 2401 summa
1803 2353 1961 2400 cura
2012 2342 2081 2401 et
2132 2337 2343 2403 veluti
2378 2358 2565 2406 reve-

322 2454 539 2520 rentia
570 2455 639 2518 in
671 2450 961 2519 medium
998 2449 1371 2537 adducunt3
1402 2452 1843 2518 existimantes
1870 2470 2107 2538 nempe
2138 2452 2383 2540 aliquid
2409 2452 2572 2524 inde‘

323 2571 668 2656 patrocinii
696 2570 1052 2678 errorisuo
1079 2568 1166 2636 de
1196 2567 1418 2635 divina
1448 2568 1885 2653 parochorum
1913 2570 2315 2637 institutione
2349 2572 2564 2658 colligi

324 2705 543 2771 posse.
592 2687 675 2751 Et
732 2684 999 2771 quidem
1049 2686 1271 2752 citatio
1323 2685 1455 2762 illa,
1501 2686 1670 2751 sicut
1723 2686 2055 2771 pleraeque
2089 2687 2229 2752 alite
2269 2686 2567 2772 ejusdem

325 2800 586 2879 Isidori,
624 2819 768 2887 quae
810 2801 986 2867 falsae
1018 2799 1349 2879 dicuntur,
1391 2799 1549 2866 licet
1586 2799 1897 2868 Anacleto
1928 2801 2147 2885 Papae,
2176 2821 2254 2869 ac
2286 2803 2572 2896 proinde,

324 2919 543 3002 primo
577 2916 814 2982 saecnlo
834 2914 1126 2982 indebite
1149 2913 1499 2999 adscripta,
1534 2934 1665 2980 non
1697 2916 1870 2980 omni
1906 2917 2295 2983 anctoritate
2342 2926 2564 3004 caret;

327 3054 485 3100 cum
509 3031 770 3099 aliunde
801 3033 1072 3119 alicujus
1096 3032 1179 3098 sit
1199 3032 1621 3117 antiquitatis.
1643 3032 1757 3097 Ast
1780 3039 1964 3098 certe
1989 3032 2370 3116 parochistis
2391 3035 2570 3101 nullo

328 3148 532 3218 modo
596 3150 1065 3235 patrocinatur.
1123 3150 1284 3214 Nam
1340 3152 1405 3212 1⁰
1454 3146 1546 3213 ibi
1598 3146 1843 3214 dicitur
1896 3148 2321 3233 presbyteros
2372 3171 2575 3232 perere

331 3275 547 3350 typum
572 3267 658 3332 72
687 3263 1172 3348 discipulorum,
1202 3262 1383 3349 quod
1412 3260 1588 3328 idem
1616 3270 1718 3327 est
1748 3281 1824 3327 ac
1856 3260 2079 3329 dicere
2104 3261 2189 3329 ad
2221 3270 2572 3333 similitudi-

326 3403 466 3449 nem
497 3384 823 3464 quamdam
846 3380 1266 3465 praefatorum
1290 3377 1761 3462 discipulorum
1792 3376 2126 3444 institutos
2159 3379 2356 3447 fuisse
2388 3399 2573 3466 pres-

328 3497 629 3584 byteros.
663 3494 855 3563 Unde
892 3515 1039 3561 cum
1068 3492 1340 3560 additur
1384 3499 1452 3558 in
1485 3513 1689 3557 eorum
1740 3496 1932 3557 locum
1975 3502 2116 3559 sunl
2149 3501 2463 3561 constituti
2505 3504 2573 3562 in

327 3616 603 3690 ecclesia,
626 3609 698 3676 id
718 3608 1211 3694 intelligendum
1229 3612 1432 3686 venit,
1460 3627 1591 3673 non
1615 3626 1696 3673 eo
1714 3626 1907 3674 sensu
1930 3607 2108 3693 quod
2132 3609 2307 3676 idem
2327 3611 2576 3678 fuerint

332 3731 421 3796 72
440 3727 749 3810 discipuli
777 3733 846 3793 et
871 3725 1205 3792 subsecuti
1232 3724 1628 3810 presbyteri,
1653 3722 1772 3790 sed
1794 3743 1874 3790 eo
1908 3743 2100 3790 sensu
2122 3723 2301 3811 quod
2322 3729 2575 3810 priores

335 3849 517 3925 typus
554 3841 809 3908 fuerint
851 3839 1306 3924 posteriorum,
1359 3845 1429 3904 et
1466 3838 1861 3921 posteriores
1910 3842 2250 3903 similitudo
2299 3847 2572 3923 quaedam

334 3959 635 4045 priorum
671 3978 687 4022 :
730 3975 859 4022 non
887 3974 1046 4039 ergo
1094 3955 1241 4039 plns
1285 3951 1379 4019 ihi
1414 3954 1745 4030 asseritur,
1783 3971 1978 4038 quam
2020 3953 2087 4018 in
2130 3953 2300 4022 thesi
2351 3966 2571 4024 nostra

335 4074 692 4160 posuimus.
727 4073 797 4136 2⁰
830 4071 1074 4138 Atvero
1105 4069 1357 4136 corruit
1386 4069 1647 4133 omnino
1674 4065 2186 4152 parochistarum
2230 4069 2565 4154 deductio,

334 4190 394 4257 si
433 4186 821 4256 attendatur
846 4185 941 4254 ihi
975 4188 1077 4271 agi
1112 4185 1199 4253 de
1234 4187 1321 4252 72
1350 4182 1685 4269 discipulis
1712 4186 1790 4247 ab
1812 4186 2115 4267 Apostolis
2149 4186 2396 4266 electis,
2439 4209 2570 4256 non

336 4323 503 4372 vero
551 4301 637 4370 de
698 4305 781 4369 72
831 4320 995 4388 quos
1050 4303 1342 4386 elegerat
1392 4303 1531 4384 ipse
1589 4299 1904 4365 Christus.
1969 4299 2139 4384 Ergo
2190 4303 2442 4370 etiamsi
2476 4305 2574 4371 his

340 4422 428 4488 72
454 4438 618 4487 vere
655 4418 1115 4486 successissent
1177 4415 1577 4501 presbyteri,
1635 4433 1766 4481 non
1821 4422 2233 4500 sequeretur,
2287 4419 2353 4484 vi
2407 4419 2583 4486 illius

336 4525 586 4617 textus,
620 4551 730 4602 eos
775 4551 917 4601 esse
954 4531 1377 4599 institutionis
1409 4529 1671 4610 divinae,
1706 4527 1827 4597 sed
1869 4535 2123 4596 tantum
2159 4532 2579 4602 institutionis

2332 4645 2371 4701 ⁴
