3146 4973
1164 427 1488 476 sumu
1537 429 1581 473 r.
2373 410 2503 475 655

283 577 312 613 «
354 559 536 618 tiom‘s
565 559 899 636 eaprimoro
940 561 1002 617 et
1033 553 1399 635 justificare.
1465 587 1553 598 —
1608 553 1702 614 Ad
1744 553 2063 614 Dominum
2121 557 2509 615 secretariam

287 692 317 728 α
347 675 538 751 Juoeta
570 677 845 734 mentem.
882 693 914 730 »

369 785 436 848 Si
475 787 538 848 in
567 784 684 850 hac
716 804 907 850 causa
946 786 1137 849 Sacra
1183 783 1613 866 congregatio
1653 780 2101 867 respondisset
2144 783 2512 862 affirmative

281 901 389 964 vel
410 907 709 982 περαιὶυε,
737 900 930 982 plene
969 899 1180 966 soluta
1208 905 1506 963 maneret
1532 899 1801 981 quaestio
1836 917 2026 982 quam
2053 897 2505 981 expendimus,

279 1014 411 1080 Sed
454 1016 957 1080 Eminentissimi
987 1017 1220 1079 Patres
1265 1032 1402 1077 rem
1441 1012 1912 1079 committendo
1954 1013 2319 1078 secretario
2349 1015 2513 1079 Con·

280 1131 676 1214 gregationis
718 1128 1194 1214 expediendam
1223 1135 1416 1211 juxta
1453 1135 1732 1204 mentem,
1772 1127 1839 1191 id
1886 1135 2006 1205 est,
2040 1127 2225 1211 juxta
2276 1131 2514 1196 instru-

283 1249 563 1311 ctionem
590 1248 713 1329 ipsi
740 1245 984 1324 datam,
1020 1254 1088 1311 et
1115 1263 1256 1330 quoe
1285 1244 1376 1309 ihi
1401 1263 1526 1309 uon
1577 1244 1907 1327 panditur,
1949 1244 2105 1309 nihil
2136 1265 2217 1310 ex
2250 1245 2370 1311 hac
2399 1245 2516 1313 de-

284 1365 524 1429 cisione
555 1361 861 1427 concludi
888 1369 1126 1445 potest.
1167 1359 1593 1425 Nihilominus
1631 1378 1714 1425 ex
1760 1361 1907 1446 ipsa·
1930 1379 2137 1426 causoe
2168 1361 2507 1442 relatione,

282 1480 692 1563 anquatenus
730 1479 916 1561 argui
965 1484 1204 1560 potest,
1249 1494 1370 1559 pro
1413 1475 1674 1558 parochi
1732 1484 2055 1558 potestate
2105 1496 2296 1542 sunm
2353 1480 2518 1543 vica·

285 1595 450 1659 rium
475 1593 844 1672 amovendi,
867 1595 1021 1677 quin
1039 1600 1346 1658 teneatur
1368 1610 1627 1657 causam
1648 1593 2019 1676 exprimere
2044 1601 2113 1657 et
2130 1592 2510 1677 justificare,

288 1727 366 1773 ac
388 1706 660 1791 proinde
692 1708 832 1773 sine
863 1727 1054 1772 causa
1085 1707 1167 1772 ab
1197 1707 1513 1790 Episcopo
1542 1707 1927 1790 approbata.
1968 1708 2127 1772 Nam
2162 1708 2251 1772 ibi
2280 1707 2521 1775 dicitur

290 1829 644 1887 inusitatam
684 1823 752 1886 in
796 1823 1135 1904 Hispaniis,
1178 1819 1356 1905 quod
1402 1819 1726 1903 parochus
1774 1839 1902 1886 non
1957 1824 2159 1905 possit
2208 1824 2520 1889 vicarium

292 1956 480 2003 suum
501 1955 805 2003 amovere
835 1943 965 2000 sine
992 1942 1370 2017 expressione
1390 1944 1448 1997 et
1463 1937 1907 2017 justificatione
1938 1958 2155 2003 causoe.
2195 1941 2276 2005 Et
2303 1938 2521 2004 Gai-di-

293 2054 453 2118 nalis
477 2052 746 2133 Belluga
762 2056 995 2132 justam
1013 2055 1392 2112 existimavit
1407 2050 1662 2131 parochi
1688 2054 2011 2131 querelam.
2038 2054 2119 2118 Et
2153 2072 2294 2137 quae
2329 2053 2523 2118 adno-

293 2176 391 2236 tat
420 2169 820 2235 Secretarius
843 2167 1371 2250 congregationis
1402 2168 1474 2251 (5
1508 2169 1604 2230 Ad
1625 2169 1997 2252 materiam),
2019 2167 2102 2234 ad
2130 2169 2523 2236 firmandum

290 2283 406 2367 jus
433 2282 886 2367 parochorum,
929 2280 1275 2346 amovendi
1312 2282 1447 2345 sine
1498 2282 1918 2363 expressione
1958 2290 2029 2347 et
2067 2282 2523 2367 justificatione

298 2418 528 2477 causae,
566 2405 796 2482 aperte
842 2394 1146 2462 tendunt.
1210 2397 1374 2461 Item
1408 2394 1791 2461 Ordinarius
1836 2398 1899 2460 in
1940 2396 2230 2463 favorem
2266 2400 2528 2483 parochi

296 2492 852 2599 pronuntiaverat.
901 2512 1152 2594 Quibus
1196 2511 1697 2578 auctoritatibus
1750 2513 2206 2596 postponenda
2262 2515 2529 2581 videtur

297 2634 619 2699 contraria
644 2630 976 2696 Auditoris
1001 2631 1410 2695 Nuntiatum
1436 2630 1785 2695 sententia.

385 2750 453 2812 2⁰
481 2750 731 2812 Favent
753 2748 1002 2830 pariter
1027 2744 1422 2810 affirmativoe
1445 2745 1788 2809 sententias
1821 2746 2165 2810 canonistoe
2194 2746 2533 2830 quamplu*

298 2865 463 2941 rimi,
501 2861 660 2928 dum
697 2862 1093 2944 generaliter
1131 2860 1385 2938 dicunt,
1439 2861 1759 2925 vicarium-
1799 2878 1915 2926 seu
1954 2862 2407 2945 cappellanum
2445 2861 2530 2927 ad

297 2986 529 3044 nutum
564 2977 976 3043 amovibilem
1000 3025 1016 3050 ‚
1071 2995 1257 3058 posse
1311 2974 1395 3040 ad
1451 2976 1709 3041 libitum
1751 2983 2183 3040 consumentis·
2215 2979 2523 3044 amoveri.

301 3096 437 3158 Etsi
486 3095 660 3158 enim
706 3092 792 3158 de
830 3092 1084 3157 vicariis
1131 3090 1562 3175 parochorum
1617 3090 2025 3175 adjutoribus
2062 3098 2128 3156 in
2164 3098 2534 3174 particulari

303 3227 430 3273 non
454 3208 830 3291 loquantur,
857 3226 971 3272 eos
989 3214 1206 3272 tamen
1236 3226 1363 3271 non
1389 3204 1767 3282 excludere,
1805 3205 1921 3271 sed
1946 3206 2283 3274 includere
2310 3208 2534 3276 viden-

305 3329 435 3386 tur.
474 3346 505 3383 «
541 3323 833 3386 Vicarius
863 3321 1242 3405 temporalis
1284 3321 1398 3405 (ait
1424 3319 1738 3404 Ferraris)
1782 3329 1851 3386 et
1893 3321 1977 3386 ad
2018 3331 2250 3388 nutum
2301 3325 2538 3389 amovi-

311 3461 343 3497 «
377 3437 630 3513 bilis...‚
677 3443 894 3520 potest
944 3436 1027 3502 ad
1068 3436 1325 3501 lihitum
1367 3437 1820 3502 constituentis
1855 3441 2189 3504 removeri
2223 3465 2255 3499 υ
2303 3440 2536 3526 (verbo

313 3557 586 3618 Vinaria-s
629 3554 1027 3635 parochialis,
1087 3572 1148 3617 n.
1196 3550 1334 3636 41).
1380 3553 1583 3635 Magis
1627 3570 1935 3636 expresse
1988 3554 2475 3621 Soaffantonius
2515 3579 2529 3622 :

315 3695 348 3732 α
381 3672 600 3737 Posito
628 3677 850 3736 autem
876 3668 1054 3755 quod
1081 3669 1295 3753 aliqua
1325 3669 1586 3746 visana,
1622 3671 1755 3734 sive
1791 3671 1986 3734 etiam
2020 3670 2243 3756 aliqua
2281 3674 2541 3757 cappel-

319 3812 350 3850 «
383 3788 555 3854 lania
579 3790 662 3853 sit
691 3786 777 3853 ad
804 3795 1038 3853 nutum
1061 3784 1443 3865 amovibiliS,
1469 3792 1690 3868 potest
1709 3788 2019 3868 deputans-
2038 3804 2375 3855 removere
2402 3791 2537 3855 sine

320 3905 768 3971 «necessitate
819 3901 1229 3987 exprimendi
1292 3920 1588 3984 causam3
1650 3918 1795 3985 qum
1848 3902 2242 3987 (necessitas)
2296 3914 2542 3988 pugnat

320 4046 351 4080 (ι
386 4039 536 4085 cum
565 4019 776 4084 libera
813 4018 1119 4084 facultate
1167 4014 1253 4081 ad
1309 4016 1621 4100 placitum
1665 4015 2059 4102 revocandi3
2097 4019 2247 4101 quia
2281 4017 2399 4083 hoe
2431 4020 2544 4084 im-

322 4158 352 4194 «
387 4140 606 4216 portat
634 4153 774 4199 esse
808 4132 1085 4198 officium
1132 4132 1215 4198 de
1248 4132 1350 4198 sui
1389 4141 1624 4198 namra
1674 4132 2043 4211 mnovibile,
2106 4141 2177 4199 et
2228 4150 2375 4200 cum
2425 4138 2545 4203 tali

324 4271 356 4309 «
387 4247 754 4315 conditione
792 4266 1164 4314 concessum
1202 4256 1271 4313 et
1321 4256 1760 4332 summatum,
1797 4257 1873 4315 ut
1910 4250 2107 4314 etiam
2134 4249 2379 4334 absque
2410 4251 2543 4317 ulla

327 4386 357 4423 «
387 4382 579 4429 causa
632 4364 832 4446 possit
878 4362 1010 4447 jam
1047 4363 1301 4429 electus
1342 4364 1665 4440 revocari,
1713 4369 1783 4429 et
1827 4361 1991 4430 alius
2039 4365 2106 4428 in
2160 4363 2301 4447 ejus
2330 4366 2543 4430 locum
