3146 4973
1257 383 1416 433 rans
1460 385 1728 446 omma.
2480 373 2602 435 553

471 509 868 575 Pnorosrrlo
923 507 1066 573 111⁸.
1121 545 1210 558 —-
1266 512 1474 571 Etiam
1509 512 1595 572 ad
1636 509 1973 573 absentiam
2009 516 2190 574 unius
2235 512 2614 574 hebdomada!

382 631 713 707 requiritur
724 627 1022 707 praedicta
1059 627 1341 707 Episcopi
1370 627 1638 689 licentia.
1672 659 1764 673 -
1792 627 1891 691 lta
1918 624 2323 691 declaratum
2355 643 2393 690 a
2421 625 2612 690 Sacra

380 738 890 823 congregatione
939 738 1213 804 Concilii
1254 737 1406 804 vide
1445 757 1640 822 supra
1690 739 1745 825 (5
1784 744 1842 816 1,
1877 760 1942 805 ιι.
1989 738 2077 825 5).
2114 741 2198 805 Et
2230 738 2407 823 apud
2454 741 2611 805 Fer-

380 855 621 919 rarium
661 852 890 939 (verbo
938 854 1265 928 Par-ochus,
1310 858 1434 918 art.
1484 856 1547 930 2,
1598 873 1665 919 n.
1703 853 1837 939 22).
1884 857 1977 920 Ex
2015 855 2353 938 praemissis
2385 860 2607 919 autem

380 969 927 1036 declarationibus
982 969 1268 1052 corrigas
1309 989 1420 1048 ea,
1458 988 1603 1055 quae
1638 989 1675 1035 a
1726 990 1855 1036 non
1892 971 2114 1056 paucis
2151 970 2498 1036 canonistis
2539 975 2609 1035 et

381 1085 721 1152 moralistis
751 1084 903 1149 olim
935 1083 1002 1148 in
1039 1086 1438 1149 contrarium
1469 1088 1711 1169 scripta
1737 1093 1911 1150 sunt.

464 1202 865 1267 Pnorosrrlo
904 1199 1039 1264 ΙΨ.
1082 1237 1173 1248 -
1215 1203 1428 1280 Quoad
1470 1203 1803 1264 absentiam
1842 1205 2009 1265 altra
2055 1204 2301 1265 biduum
2350 1210 2409 1264 et
2452 1207 2609 1264 citra

377 1317 830 1387 hebdomadam,
862 1335 943 1377 an
973 1318 1204 1397 dejure
1232 1322 1531 1378 communi
1560 1323 1895 1379 necessaria
1922 1322 2005 1379 sit
2030 1321 2310 1399 Episcopi
2336 1319 2601 1390 licentia,

375 1433 618 1494 videtur
662 1432 827 1492 licite
866 1436 1232 1493 controverti
1271 1451 1471 1512 posse.
1531 1466 1612 1479 —
1662 1432 1915 1496 Etenim
1973 1439 2133 1496 tnnc
2185 1452 2313 1498 non
2362 1432 2610 1515 requiri

376 1544 618 1611 dictam
647 1545 980 1610 licentiam
1014 1546 1320 1611 sustineri
1353 1554 1571 1629 potest
1626 1566 1705 1611 ex
1746 1547 2167 1631 sequentibus
2197 1548 2553 1613 rationibus
2587 1569 2600 1613 ε

386 1664 446 1723 1⁰
478 1667 733 1724 certum
768 1667 870 1724 est
895 1661 1308 1743 principium,
1344 1679 1572 1743 parum
1599 1681 1718 1746 pro
1739 1661 1936 1727 nihilo
1967 1661 2407 1745 reputandum
2434 1681 2601 1745 esse-3

377 1782 446 1839 et
476 1773 828 1840 admittunt
873 1773 1178 1840 doctores
1209 1776 1422 1854 multi,
1464 1795 1587 1861 per
1622 1781 1917 1841 modicum
1967 1786 2195 1859 tempus
2239 1796 2277 1841 a
2306 1777 2606 1860 parochia

375 1889 513 1954 sinc
543 1889 804 1954 licentia
834 1891 1135 1974 Episcopi
1164 1889 1512 1957 discedere
1541 1911 1732 1975 posse
1764 1894 2101 1975 parochoS‚
2152 1899 2351 1976 prout
2380 1889 2606 1956 videre

375 2010 475 2069 est
509 2004 686 2088 apud
728 2012 1022 2070 sanctum
1053 2006 1381 2088 Ligorinm
1424 2003 1559 2092 (lib.
1609 2013 1670 2085 5,
1711 2006 1870 2072 dnh.
1933 2012 1989 2082 l,
2039 2013 2163 2071 art.
2198 2008 2264 2081 4,
2301 2026 2366 2070 n.
2409 2003 2593 2088 123);

373 2118 493 2184 sed
546 2119 720 2185 dicta
758 2119 1051 2186 absentia
1097 2139 1220 2203 pro
1265 2120 1520 2187 modica
1581 2120 1877 2186 habenda
1907 2128 2027 2197 est,
2066 2140 2187 2186 nec
2224 2119 2452 2185 saltem
2489 2138 2606 2202 po·

374 2242 504 2300 test
546 2236 944 2301 contrarium
983 2235 1280 2318 probari;
1312 2255 1490 2320 ergo,
1528 2239 1598 2301 2⁰
1630 2238 1882 2301 Dictam
1912 2235 2272 2301 absentiam
2308 2253 2428 2317 pro
2475 2253 2605 2299 mo·

374 2349 522 2416 dica
545 2369 687 2417 esse
719 2348 1150 2434 reputandam
1182 2353 1366 2436 sequi
1393 2350 1665 2417 videtur
1698 2370 1777 2416 ex
1817 2352 1916 2415 his
1946 2348 2338 2416 Tridentinae
2370 2348 2605 2434 synodi

373 2466 590 2532 verbis
625 2488 639 2532 τ
671 2471 967 2548 (moniam
999 2475 1198 2530 autem
1229 2474 1334 2549 qui
1368 2468 1809 2549 aliquantisper
1847 2473 2083 2531 tantum
2119 2469 2361 2545 absunt,
2398 2485 2479 2528 ea:
2510 2485 2602 2528 ve-

372 2590 566 2645 teram
586 2602 876 2645 canonum
902 2588 1198 2645 sententia
1221 2602 1340 2645 non
1357 2584 1644 2645 ridentur
1653 2584 1874 2660 abesse,
1907 2587 2049 2662 quia
2067 2587 2278 2643 statim
2302 2586 2607 2643 reversuri

370 2707 551 2778 sunt,
604 2704 986 2761 sacrosancta
1036 2701 1299 2778 synodus
1353 2700 1486 2761 vult
1519 2700 1683 2762 illud
1735 2701 2019 2761 absentioe
2053 2701 2398 2778 spatium...
2434 2699 2603 2758 nullo

372 2817 543 2877 modo
573 2816 780 2877 debere
800 2815 971 2889 ἀτιοε,
1006 2822 1114 2876 aut
1145 2816 1229 2877 ad
1250 2834 1540 2877 summum
1577 2822 1697 2876 tres
1718 2833 1943 2876 menses
1974 2816 2254 2876 excedere
2281 2812 2456 2896 (sess,
2485 2812 2593 2886 23,

374 2946 431 2991 c.
470 2925 555 3011 1).
590 2932 660 2992 3⁰
693 2928 828 2992 Nec
873 2926 1061 2992 deest
1112 2928 1263 2993 huic
1298 2930 1635 2994 sententiae
1675 2928 1956 3011 plurium
1998 2926 2342 2992 doctorum
2379 2934 2599 2992 aucto-

376 3042 532 3107 ritas
560 3064 575 3106 :
615 3065 646 3101 a
667 3041 973 3107 Barbosa.
991 3092 1002 3106 .
1020 3093 1032 3106 .
1048 3091 1063 3119 ,
1089 3043 1534 3108 Reiffenstuel.
1551 3092 1565 3106 .
1584 3091 1598 3106 .
1629 3050 1696 3107 et
1718 3042 1825 3107 alii
1847 3043 2077 3128 (inquit
2100 3039 2461 3124 Ferrarius)
2490 3041 2600 3107 do-

381 3180 412 3217 «
448 3166 600 3223 cent
635 3177 820 3242 posse
875 3159 1227 3241 parochum
1275 3160 1412 3225 sine
1451 3160 1712 3225 licentia
1749 3160 2071 3242 Episcopi,
2124 3177 2207 3223 ex
2244 3175 2436 3221 causa
2476 3157 2600 3223 sibi

376 3296 408 3332 «
444 3272 729 3355 legitima
781 3274 949 3349 visa,
990 3272 1214 3339 abesse
1253 3292 1375 3356 per
1407 3293 1521 3338 sex
1555 3280 1670 3338 aut
1715 3281 1968 3356 septem
2017 3271 2193 3354 dies;
2244 3270 2597 3348 dummodo

374 3412 406 3447 «
442 3388 701 3453 interim
728 3386 1037 3452 idoneum
1070 3387 1404 3465 vicarium,
1435 3389 1499 3451 in
1525 3388 1636 3454 illo
1665 3389 2044 3472 episcopatu
2066 3386 2438 3457 admissum,
2477 3404 2596 3468 pro

376 3527 405 3562 e«
449 3501 1005 3567 administratione
1044 3510 1603 3567 sacramentorum
1645 3502 2010 3587 relinquat3
2055 3505 2143 3567 ita
2180 3500 2390 3587 (sicuti
2430 3500 2596 3565 fate-

374 3643 402 3675 «
441 3625 554 3682 tur
586 3614 894 3699 Barhosa)
949 3615 1323 3683 declarante
1371 3617 1841 3684 consuetudine
1877 3618 2247 3684 universali.
2277 3639 2309 3677 »
2350 3616 2596 3702 (Ferra-

367 3736 522 3810 riuS‚
563 3732 764 3799 verbo
788 3734 1124 3810 Par-ochus,
1157 3741 1281 3797 art.
1319 3734 1380 3809 2,
1420 3752 1484 3797 n.
1519 3732 1660 3817 34.)

454 3851 584 3915 Pro
635 3848 958 3913 contraria
1018 3849 1338 3913 sententia
1401 3846 1640 3914 adduci
1683 3856 1901 3932 potest
1943 3847 2286 3913 decretum
2340 3846 2594 3912 concilii

363 3955 777 4038 provincialis
805 3955 1076 4021 Romani
1097 4004 1113 4031 ‚
1158 3953 1671 4038 suhBenedicto
1700 3955 1855 4019 XIII
1879 3953 2080 4018 habiti
2120 3954 2246 4039 (tit.
2289 3956 2391 4028 17,
2437 3971 2496 4015 c.
2522 3948 2591 4034 6)

363 4089 494 4155 quo
537 4069 971 4152 prohihentur
1017 4070 1305 4153 parochi,
1342 4089 1426 4135 ne
1475 4070 1650 4134 ultra
1694 4066 1991 4146 biduum,
2028 4067 2271 4153 absque
2321 4068 2592 4134 obtenta

362 4186 666 4269 Episcopi
703 4186 812 4251 vel
857 4184 1002 4270 ejus
1045 4187 1365 4271 generalis
1403 4187 1627 4251 vicarii
1656 4187 1937 4263 licentia,
1971 4205 2008 4251 e
2045 4185 2345 4269 parochia
2386 4184 2593 4250 disce-

363 4302 546 4369 dant.
585 4302 808 4385 Neque
840 4301 1015 4367 enim
1061 4305 1149 4369 ita
1195 4304 1571 4368 statuissent
1602 4300 1792 4367 dictoe
1837 4300 2073 4387 synodi
2100 4308 2341 4386 patres,
2379 4301 2434 4364 si
2478 4298 2591 4364 ab·

361 4418 571 4483 sentia
608 4417 769 4481 citra
814 4416 1285 4484 hebdomadam
1324 4418 1629 4484 restricta
1662 4436 1783 4502 pro
1820 4415 2078 4485 modico
2112 4434 2190 4480 ac
2221 4414 2421 4481 nihilo
2449 4430 2590 4478 esse
