3146 4973
594 319 720 382 446
1275 335 1648 380 TnAcm‘rns
1699 336 1785 382 ni:
1831 333 2155 379 ranocno.

591 454 851 537 quando
898 455 1089 522 simul
1139 453 1222 522 de
1276 455 1487 539 aliqua
1534 455 1936 538 cappellania
1983 464 2136 520 suut
2175 458 2450 539 provisi,
2489 457 2830 528 auxiliato-

594 589 763 644 rum,
783 568 1156 653 adjutorum
1189 578 1295 634 :et
1324 571 1605 649 Parisiis,
1640 589 1768 635 non
1797 591 1832 636 a
1855 571 2061 637 multo
2085 579 2405 653 tempore,
2424 571 2830 640 vocabantur

593 689 923 749 sacerdotes
956 688 1500 762 administratores,
1536 706 1618 750 ex
1660 688 1987 771 proecipuo
2026 705 2258 769 nempe
2306 707 2536 754 eorum
2579 684 2820 761 officio,

596 801 947 884 parochum
981 799 1336 886 adjuvandi
1364 801 1553 885 eique
1575 801 1922 886 supplendi
1953 803 2016 865 in
2047 809 2602 867 sacramentorum
2626 800 2831 865 admi-

594 916 996 981 nistratione.
1028 918 1185 999 Quae
1222 918 1451 982 ultima
1475 916 1913 982 denominatio
1951 918 2104 981 satis
2153 918 2454 1000 congruit
2492 916 2688 981 modo
2737 915 2832 980 lo-

595 1030 838 1116 quendi
872 1031 1264 1098 Tridentinae
1297 1031 1549 1116 synodi,
1587 1032 1746 1098 dum
1785 1032 1965 1117 (sess⁶
1995 1035 2105 1108 21,
2149 1052 2292 1116 cap.
2323 1032 2389 1117 4)
2420 1032 2719 1099 decernit
2753 1039 2833 1096 ut

601 1169 633 1207 «
670 1149 987 1231 Episcopi,
1031 1148 1095 1212 in
1153 1149 1449 1213 omnibus
1490 1148 1780 1212 ecclesiis
1809 1148 2308 1231 parochialibus,
2339 1148 2406 1213 in
2448 1148 2683 1232 quibus
2713 1166 2833 1231 po-

600 1287 633 1324 «
666 1264 861 1348 pulus
885 1264 974 1328 ita
992 1281 1379 1328 numerosus
1392 1264 1494 1339 sit,
1518 1271 1595 1328 ut
1618 1281 1784 1326 unus
1810 1270 2032 1327 rector
2057 1283 2186 1330 non
2207 1264 2407 1346 possit
2421 1262 2722 1330 sufficere
2734 1283 2835 1325 sa-

599 1403 629 1440 «
671 1384 994 1443 crementis
1023 1381 1530 1442 administrandis
1567 1386 1636 1442 et
1668 1377 1876 1442 cultui
1913 1375 2133 1442 divino
2159 1377 2559 1462 peragendo,
2598 1384 2832 1462 cogant

605 1519 635 1556 α
675 1502 968 1560 rectores
999 1493 1119 1560 sibi
1147 1501 1245 1558 tot
1273 1492 1652 1558 sacerdotes
1699 1492 1785 1557 ad
1812 1492 1938 1558 hoc
1969 1512 2206 1558 munus
2247 1492 2631 1578 adjungere,
2675 1501 2838 1578 quot

605 1635 633 1668 α
668 1609 983 1676 sufficiant
1006 1613 1090 1672 ad
1117 1617 1492 1672 sacramenta
1541 1610 1902 1686 exhibenda,
1943 1615 2012 1672 et
2060 1607 2302 1672 cultum
2337 1607 2635 1676 divinum
2665 1608 2839 1673 cele-

604 1750 636 1788 «
673 1726 1023 1791 brandum.
1067 1752 1099 1787 »

690 1842 774 1907 II.
822 1842 1020 1907 Nobis
1049 1841 1170 1908 sub
1204 1843 1509 1925 praesenti
1537 1842 1751 1924 capite
1787 1839 2114 1924 agendum
2149 1848 2270 1927 est,
2311 1860 2439 1906 non
2466 1838 2551 1906 de
2581 1838 2840 1925 coadju-

604 1957 854 2022 toribus
880 1958 1104 2022 stricte
1141 1958 1413 2039 sumptis
1448 1955 1555 2042 (de
1584 1955 1821 2041 quibus
1856 1954 2279 2020 disseruimus
2309 1973 2528 2037 supra,
2552 1961 2741 2038 parte
2769 1956 2834 2028 3,

600 2073 889 2140 sectione
932 2070 1019 2156 5),
1055 2071 1171 2138 sed
1217 2072 1303 2138 de
1352 2073 1559 2138 altera
1599 2070 2016 2136 sacerdotum
2053 2070 2353 2154 parochis
2395 2070 2838 2138 auxiliantium

600 2187 845 2271 classe3
879 2207 1062 2272 qu08‚
1100 2187 1187 2255 ad
1217 2186 1547 2254 vitandam
1579 2205 1836 2251 omnem
1879 2186 2369 2269 ambiguitatem
2406 2194 2478 2251 et
2521 2184 2844 2251 confusio-

602 2321 775 2380 nem,
817 2304 954 2370 solo
977 2309 1339 2367 vicariorum
1366 2323 1481 2368 seu
1502 2305 1849 2385 adjutorum
1882 2300 2200 2366 vocabulo
2230 2299 2730 2384 designabimus,
2761 2298 2841 2366 Et

604 2417 689 2489 de
728 2418 827 2486 his
852 2419 1287 2505 expendenda
1323 2421 1526 2497 veuit,
1551 2419 1727 2484 inter
1752 2418 1926 2495 alias»,
1957 2418 2174 2502 gravis
2211 2419 2501 2502 quaestio,
2536 2415 2621 2482 ad
2648 2433 2840 2501 quem

604 2539 929 2618 pertineat
971 2557 1200 2603 eorum
1236 2538 1585 2603 nominatio
1629 2543 1826 2619 atque
1859 2536 2174 2616 remotim
2211 2554 2290 2599 an
2326 2534 2574 2599 scilicet
2611 2530 2696 2597 ad
2735 2549 2844 2615 pa-

605 2650 899 2731 rochum,
932 2673 1013 2717 an
1044 2652 1128 2718 ad
1166 2653 1573 2735 Episcopum.

1628 2852 1656 2921 ,ξ
1699 2844 1780 2908 11.

610 3042 680 3090 Aa
708 3043 956 3101 pai-ochum
1000 3040 1199 3101 pertinet
1238 3040 1476 3101 adjutores
1510 3043 1712 3090 vicarios
1755 3056 1869 3090 suos
1909 3043 1998 3090 sibi
2036 3044 2210 3103 eligere
2249 3050 2292 3091 et
2336 3043 2598 3099 nominare,
2635 3044 2841 3104 quamvis

1172 3146 1334 3182 aarum
1361 3134 1636 3195 approbatio
1671 3143 1846 3196 spectet
1878 3134 1935 3183 ad
1965 3136 2268 3196 Episcopum.

704 3340 1129 3402 Praenotancla.
1157 3376 1245 3386 —-
1282 3343 1344 3402 1⁰
1370 3338 1745 3420 Praecipuus
1783 3337 1950 3423 juris
1983 3345 2206 3403 textus
2239 3357 2368 3423 quo
2409 3338 2726 3404 fundatur
2743 3338 2845 3423 jus

612 3452 775 3523 iilud
802 3453 1231 3538 parochorum
1263 3463 1363 3521 est
1394 3463 1594 3538 caput
1635 3455 1672 3517 4
1707 3455 2005 3520 sessionis
2047 3452 2124 3520 21
2175 3454 2538 3520 Tridentini
2569 3454 2837 3525 concilii.

614 3569 678 3635 in
712 3586 842 3653 quo
872 3569 963 3633 sic
1001 3567 1379 3634 decernitur
1412 3591 1424 3631 :
1465 3591 1498 3629 α
1533 3569 1853 3651 Episcopi,
1890 3569 2085 3637 etiam
2119 3578 2424 3655 tanquam
2469 3570 2841 3652 Apostolicae

620 3709 651 3745 κ
684 3683 863 3749 Sedis
885 3682 1189 3767 delegati,
1228 3684 1293 3747 in
1330 3682 1630 3749 omnibus
1667 3684 1957 3750 ecelesiis
1983 3684 2460 3769 parochialibus
2497 3686 2603 3751 vel
2643 3685 2843 3770 bapti-

622 3825 652 3861 c<
688 3798 1015 3875 smalibuS,
1052 3799 1118 3863 iu
1142 3798 1381 3882 quibus
1406 3798 1688 3882 populus
1735 3801 1824 3865 ita
1863 3819 2247 3866 numerosus
2279 3802 2384 3875 sit,
2429 3809 2505 3866 ut
2555 3820 2726 3866 unus
2755 3820 2846 3867 re·

622 3939 653 3975 <t
689 3922 831 3980 ctor
869 3934 1000 3980 non
1024 3915 1222 3997 possit
1244 3914 1539 3980 sufficere
1578 3915 2022 3981 ecclesiasticis
2048 3917 2465 3982 sacramentis
2489 3918 2848 3983 ministran-

623 4058 651 4091 «
694 4029 814 4109 dis,
845 4040 914 4097 et
941 4032 1146 4096 cultui
1169 4030 1388 4099 divino
1418 4029 1820 4114 peragendo,
1849 4039 2081 4113 cogant
2111 4040 2421 4110 rectoreS,
2447 4033 2557 4098 vel
2581 4034 2742 4099 alios
2769 4033 2844 4101 ad

624 4174 657 4213 a
691 4167 853 4233 quos
906 4149 1217 4231 pertinet,
1256 4150 1371 4210 sibi
1429 4154 1516 4210 tot
1528 4149 1889 4211 ,sacerdotes
1944 4150 2026 4209 ad
2083 4149 2190 4211 lzoc
2243 4167 2455 4211 munus
2498 4151 2847 4231 adjunyere,·

624 4291 653 4326 a
696 4272 856 4351 quot
884 4262 1195 4329 sufficiant
1223 4260 1308 4327 ad
1331 4269 1734 4327 sacramenta
1762 4259 2153 4337 exhibenda,
2193 4269 2262 4327 et
2292 4262 2538 4329 cultum
2559 4260 2844 4333 divinum

624 4408 655 4445 α
692 4377 1181 4445 celebrandum.
1214 4401 1246 4439 »
