3146 4973
1244 420 1403 471 psus
1448 422 1679 471 rums.
2493 417 2570 479 13

345 547 537 617 officii
555 596 574 627 ,
616 553 692 615 ut
736 545 1007 631 alicujus
1056 545 1284 639 populi
1344 565 1565 615 curam
1622 547 2024 632 spiritualem
2078 560 2310 635 gerant
2324 600 2341 631 ,
2386 554 2575 621 verbi

340 683 583 749 nempe
629 662 835 729 divini
868 660 1109 746 pabulo
1140 661 1383 731 animas
1424 661 1800 745 nutriendo,
1839 671 1910 731 et
1945 675 2345 737 sacramenta
2389 669 2574 734 mini-

344 778 641 847 strando.

436 897 507 959 2⁰
542 895 695 960 Haec
736 900 957 960 tamen
1000 899 1155 959 nota
1204 911 1333 960 non
1370 891 1608 959 suflicit
1651 902 1727 961 ut
1767 897 1986 962 statim
2031 896 2333 965 concludi
2373 900 2576 982 possit
2673 932 2686 945 ·

345 1009 703 1096 pau-ochum
754 1008 954 1076 fuisse
1004 1027 1154 1075 eum
1182 1006 1673 1095 presbyterum,
1714 1011 1828 1096 qui
1856 1019 2161 1097 tanquam
2190 1031 2410 1079 curam
2439 1014 2576 1078 ani-

344 1144 603 1195 marum
628 1143 867 1209 gerens
899 1124 965 1189 in
1013 1123 1231 1208 aliquo
1275 1127 1541 1209 antiquo
1577 1134 2000 1193 monumento
2025 1127 2414 1212 exhibetur3
2456 1126 2577 1199 sed

345 1244 712 1329 requiritur
746 1241 1012 1326 insuper
1042 1247 1119 1305 ut
1146 1240 1201 1304 is
1227 1238 1310 1305 ab
1341 1240 1659 1325 Episcopo
1707 1239 2053 1310 d‘ntinctus
2078 1243 2185 1309 sit.
2221 1245 2383 1310 Nam
2427 1245 2578 1328 Epi-

343 1377 585 1443 scopus
620 1359 841 1435 etiam,
868 1363 938 1423 et
954 1354 1221 1442 quidem
1240 1356 1545 1435 maxime,
1584 1375 1810 1423 curam
1837 1360 2192 1427 animarum
2220 1362 2426 1427 totius
2441 1378 2574 1427 suae

347 1470 713 1537 dioeceseos
742 1470 931 1552 gerit,
969 1467 1123 1553 quin
1160 1474 1380 1537 tamen
1406 1468 1501 1534 sit
1534 1469 1854 1551 parochus
1881 1470 1950 1539 in
1977 1472 2206 1545 stricto
2241 1471 2438 1557 hujus
2469 1493 2579 1540 vo-

348 1586 569 1654 cabuli
589 1604 807 1651 sensu.
852 1583 983 1651 Per
1014 1582 1371 1667 parochum
1404 1601 1641 1668 nempe
1670 1583 2051 1669 intelligitur
2075 1585 2184 1653 ille
2210 1588 2324 1672 qui
2350 1605 2573 1669 curam

347 1703 711 1769 animarum
737 1695 956 1784 quoad
982 1703 1230 1764 certam
1266 1695 1610 1763 dumtaxat
1626 1695 2141 1767 dioecesanorum
2173 1710 2425 1785 partem
2445 1722 2577 1769 non

350 1825 573 1883 autem
625 1813 843 1902 quoad
881 1820 1086 1880 totum
1130 1811 1457 1879 dioecesim
1486 1813 1680 1896 gerit.
1717 1811 1906 1879 Unde
1951 1834 2035 1881 ex
2058 1835 2140 1880 eo
2169 1815 2350 1903 quod
2381 1818 2448 1883 in
2472 1837 2578 1884 ve-

352 1934 485 1999 teri
517 1933 735 2018 aliquo
785 1936 1210 1995 monumento
1263 1936 1495 2013 agatur
1546 1926 1633 1994 de
1678 1926 2021 1996 sacerdote
2061 1950 2284 1998 curam
2335 1932 2580 1999 anima·

353 2065 503 2112 rum
532 2053 831 2131 gerente,
866 2044 1051 2128 argui
1081 2043 1308 2127 nequit
1333 2041 1502 2109 hunc
1555 2042 1755 2109 fuisse
1780 2044 2168 2128 parochum,
2221 2046 2346 2115 nisi
2389 2047 2582 2113 simul

355 2162 748 2229 exhibeatur
795 2169 1104 2245 tanquam
1162 2158 1245 2224 ab
1282 2159 1600 2243 Episcopo
1636 2157 1959 2235 diversus,
2003 2161 2165 2226 etin
2196 2169 2444 2228 certam
2471 2165 2583 2229 ali-

357 2295 553 2363 quam
579 2274 865 2362 plebem,
909 2293 1039 2341 non
1068 2281 1291 2339 autem
1342 2274 1409 2337 in
1451 2279 1653 2337 totam
1685 2270 2041 2352 dioecesim,
2080 2272 2322 2341 dictam
2351 2278 2584 2345 anima-

357 2412 507 2460 rum
536 2409 761 2459 curam
794 2408 1108 2457 exercens
1142 2411 1156 2455 :
1194 2385 1561 2474 praesertim
1594 2407 1743 2454 cum
1769 2387 1948 2472 apud
1975 2389 2267 2459 eruditos
2294 2393 2585 2477 explora-

357 2521 502 2578 tum
563 2513 666 2588 sit,
701 2507 1077 2586 sacerdotiS,
1103 2509 1398 2592 pastoriS,
1423 2505 1734 2583 doctoris,
1766 2513 1961 2590 atque
1994 2509 2186 2573 etiam
2210 2509 2586 2594 presbyteri

361 2627 623 2696 nomine
650 2623 926 2692 donatos
950 2620 1311 2690 identidem
1347 2622 1704 2706 antiquitus
1746 2621 1943 2687 fuisse
1974 2622 2344 2708 Episcopus.

450 2747 519 2810 3⁰
556 2739 686 2808 Sed
715 2757 928 2825 neque
950 2737 1102 2804 satis
1124 2745 1227 2804 est
1254 2737 1535 2821 aliquem
1564 2735 1998 2814 sacerdotem,
2035 2737 2119 2804 ab
2151 2739 2467 2824 Episcopo
2488 2739 2586 2806 di·

367 2877 656 2935 versum,
690 2859 771 2922 in·
803 2855 1086 2940 antiquis
1116 2851 1525 2918 documentis
1562 2850 1860 2917 exhiberi
1888 2859 2198 2938 tauquam
2226 2855 2586 2922 anixnarum

366 2994 540 3042 curae
586 2971 1094 3046 incumbentem,
1137 2974 1215 3033 ut
1246 2967 1556 3032 continuo
1590 2967 1946 3050 parochum
1978 2986 2129 3033 eum
2180 2967 2379 3036 fuisse
2402 2971 2592 3055 argui

367 3090 603 3156 valeat.
657 3086 1034 3171 Requiritur
1068 3083 1342 3166 insuper
1372 3089 1447 3148 ut
1478 3081 1845 3146 animarum
1875 3100 2032 3150 cura
2059 3084 2128 3148 in
2173 3091 2420 3152 certam
2449 3085 2592 3167 ple-

368 3205 518 3282 bem
542 3204 664 3289 ipsi
690 3202 1028 3272 commissa
1060 3199 1263 3264 fuerit
1285 3218 1395 3279 per
1420 3200 1663 3262 modum
1691 3199 1933 3261 stabilis
1965 3199 2172 3278 officii,
2208 3218 2338 3266 non
2365 3207 2587 3270 autem

370 3325 720 3386 transitorie
734 3316 823 3383 nd
850 3312 1284 3400 supplendum
1324 3309 1644 3396 impedito
1671 3311 2015 3396 Episcopo,
2054 3314 2166 3397 qui
2193 3316 2592 3399 caeteroquin

369 3436 579 3504 soleat
615 3431 832 3518 quoad
871 3430 1036 3496 banc
1068 3427 1329 3513 plebem
1371 3445 1493 3510 per
1532 3426 1817 3510 seipsum
1852 3444 2024 3492 curae
2049 3428 2264 3494 munia
2292 3429 2582 3512 explere.

370 3553 578 3620 Porro
608 3546 791 3634 quod
812 3544 1168 3630 antiquitus
1194 3542 1365 3613 soliti
1394 3543 1521 3608 sint
1536 3542 1839 3625 Episcopi
1859 3542 2216 3612 animarum
2229 3562 2452 3610 curam
2469 3564 2593 3629 per

370 3668 614 3750 seipsos
636 3658 977 3737 exercere,
1005 3665 1075 3725 et
1118 3659 1234 3726 ubi
1260 3656 1642 3723 sustinendo
1666 3656 1877 3723 labori
1900 3659 2184 3742 impares
2217 3658 2460 3739 forent,
2507 3680 2596 3728 ex

372 3779 777 3865 presbyteris
814 3777 947 3844 suis
992 3772 1191 3841 modo
1230 3772 1405 3838 hunc
1437 3770 1634 3837 modo
1679 3770 1860 3838 illum
1893 3769 1978 3836 ad
2033 3771 2391 3856 explendas
2417 3774 2595 3842 vices

373 3915 517 3966 suas
546 3893 892 3980 deputare,
929 3888 1106 3976 apud
1143 3886 1439 3954 eruditos
1483 3887 1821 3970 explorata
1863 3905 1970 3952 res
1992 3894 2115 3952 est.
2145 3886 2336 3954 Unde
2368 3886 2454 3956 ad
2487 3909 2596 3955 ar·

375 4008 700 4096 guendum
730 4006 1017 4074 extitisse
1044 4005 1197 4071 olim
1232 4001 1571 4088 parochos,
1596 4002 1752 4067 satis
1775 4020 1906 4066 non
1936 4001 2116 4068 estin
2140 4003 2352 4067 veteri
2377 4004 2593 4089 aliquo

377 4132 795 4196 monumento
832 4122 966 4207 legi
1003 4122 1283 4207 aliquem
1328 4118 1792 4203 presbyterum
1838 4116 2223 4186 exercendis
2248 4119 2480 4185 muniis
2507 4119 2594 4188 ad

378 4244 733 4311 animarum
799 4257 1023 4305 curam
1090 4233 1572 4321 pertinentibus
1626 4251 1893 4317 operam
1945 4251 2236 4300 navasse.
2295 4232 2360 4298 Si
2421 4235 2594 4302 enim

381 4360 600 4445 (prout
626 4357 935 4442 frequens
954 4350 1121 4436 erat)
1157 4350 1511 4434 deputatus
1530 4328 2192 4448 Ιοειιιιι.ἰ>ιι(ῐζ“ᾆῖἷιῐὲιιΜ
2145 4343 2598 4461 ιᾳμῇπιιιιιιιι

380 4475 605 4560 aliquis
622 4469 1011 4540 cathedralis
1040 4467 1327 4536 ecclcsiae
1352 4459 1752 4728 «16ιίοἝ
1683 4482 1820 4578 3«ιι
1813 4425 2032 4551 {qnod
2055 4463 2233 4529 idem
2251 4459 2380 4584 est,
2402 4459 2626 4547 prout-

1659 4619 1714 4652 κ
1856 4575 2124 4658 brt„
2140 4577 2302 4660 ej„

1673 4655 1710 4670 «Ι

1739 4693 1774 4744 l
1799 4715 1946 4784 ''js-‚⁸
1969 4775 1978 4790 Ι
