3146 4973
524 344 653 408 218
1199 354 1579 405 rium-ssus
1622 358 1712 405 ns
1757 357 2083 409 unocno.

521 491 589 549 in
619 485 885 559 titulum,
925 498 1042 546 seu
1069 497 1193 564 pro
1221 479 1457 565 quibus
1489 482 1854 547 necessaria
1881 500 2013 547 non
2041 481 2217 548 foret
2245 484 2547 568 Episcopi
2574 485 2757 551 insti-

522 600 712 677 tutio,
741 596 810 662 id
835 603 937 662 est
961 593 1281 660 beneficia
1309 599 1628 660 manualia
1651 601 1720 662 et
1745 595 1831 662 ed
1852 604 2085 662 nutum
2113 598 2521 665 revocabilis.
2549 600 2757 666 Porro

521 713 632 779 ille
686 709 1036 778 decretalis
1083 709 1207 775 hoc
1259 729 1391 775 non
1450 711 1709 794 prohat.
1765 711 1863 776 En
1913 712 2093 777 citati
2146 714 2432 780 auctoris
2479 714 2682 780 verba
2736 737 2751 781 ε

524 849 559 888 «
595 830 839 893 Textus
867 825 1181 908 allegatus
1231 825 1521 910 loquitur
1571 826 1640 890 in
1695 824 1974 891 diversis
2015 827 2331 904 terminis,
2383 846 2619 912 nempe
2670 827 2759 896 de

527 967 556 999 a
596 939 998 1029 presbyteris
1028 940 1142 1025 qui
1170 958 1292 1023 per
1328 939 1678 1004 monachos
1703 947 2186 1024 praesentantur
2214 941 2551 1026 Episcopo,
2579 949 2649 1007 et
2675 942 2758 1007 ab

527 1076 561 1114 «
599 1050 831 1119 eodem
857 1052 1370 1117 instituuntur...
1411 1052 1494 1116 Hi
1518 1053 1691 1117 enim
1727 1051 1796 1116 in
1827 1051 2066 1137 quihus
2097 1051 2274 1118 cadit
2307 1054 2626 1120 institutio
2653 1073 2761 1119 re-

527 1192 560 1229 «
594 1168 845 1234 moveri
869 1186 1001 1232 non
1037 1176 1359 1251 possunt..
1395 1166 1722 1232 Beneficia
1751 1168 1924 1233 euim
1944 1186 2088 1252 quae
2115 1166 2360 1234 dantur
2392 1168 2461 1232 in
2490 1170 2758 1234 titulum

526 1307 561 1345 α
596 1290 665 1349 et
707 1284 774 1348 in
810 1282 1048 1367 quibus
1078 1281 1255 1351 cedit
1285 1282 1607 1349 institutio
1650 1290 1973 1365 perpetue
2016 1288 2169 1347 sunt
2208 1282 2477 1368 (canone
2506 1287 2761 1351 Sancto-

529 1423 561 1460 «
604 1419 759 1476 rum,
797 1395 1084 1465 distinct.
1127 1394 1259 1480 70).
1298 1397 1498 1463 Secus
1518 1403 1743 1463 autem
1770 1404 1873 1462 est
1900 1397 1967 1460 in
1995 1396 2073 1463 iis
2100 1398 2212 1481 qui
2240 1396 2644 1481 deputantur
2674 1398 2761 1467 ed

526 1538 559 1577 α
597 1511 1101 1597 beneplacitum,
1135 1518 1207 1577 et
1239 1512 1308 1576 in
1344 1510 1582 1596 quibus
1617 1510 1794 1577 nulla
1825 1511 2003 1581 cadit
2036 1512 2381 1591 institutio,
2409 1531 2623 1598 neque
2652 1533 2762 1580 cu·

528 1654 560 1690 «
598 1646 738 1697 ram
771 1626 1015 1693 hahent
1048 1627 1116 1692 in
1151 1626 1440 1705 titulum,
1476 1625 1597 1693 sed
1632 1625 1883 1695 nudum
1920 1646 2095 1693 curoe
2132 1627 2601 1697 exercitium...
2626 1629 2761 1694 Hos

526 1771 560 1815 «
592 1747 787 1825 enim,
815 1747 970 1813 licet
987 1743 1347 1813 animarum
1378 1761 1602 1809 curam
1628 1749 2033 1822 exercentes,
2065 1743 2392 1811 removeri
2423 1762 2613 1828 posse
2643 1742 2759 1811 ad-

527 1886 560 1924 «
596 1865 865 1931 mittunt
893 1863 1086 1930 etiam
1109 1879 1308 1943 supra
1338 1859 1519 1927 citati
1544 1857 1876 1926 doctores.
1918 1880 1953 1920 ιο

611 1978 932 2045 Consonat
979 1977 1190 2060 glossa
1236 1975 1302 2038 in
1347 1974 1804 2041 clementinam
1846 1978 2144 2055 Frequens
2197 1973 2363 2060 (cap.
2422 1977 2482 2052 l,
2528 1974 2631 2040 tit.
2672 1977 2751 2052 6,

520 2095 672 2163 libri
701 2092 789 2179 5),
828 2113 989 2161 voce
1021 2097 1119 2159 Ad
1145 2111 1410 2157 mensam
1433 2112 1454 2153 .·
1487 2089 1589 2157 Ad
1630 2088 1703 2157 id
1728 2089 1907 2176 quod
1937 2089 2212 2169 dixerat,
2243 2097 2309 2155 in
2346 2093 2593 2155 ecclesia
2629 2112 2762 2174 qm

519 2213 845 2293 spoctatad
869 2228 1157 2288 mensam,
1189 2213 1339 2293 poni
1365 2214 1423 2271 ei
1444 2209 1663 2288 deponi
1678 2226 1797 2288 pro
1824 2207 1999 2271 libito
2028 2211 2324 2270 vicarium
2345 2210 2750 2289 temporalem,

519 2323 640 2391 sibi
669 2324 893 2410 objicit
927 2324 1246 2407 glossator
1275 2328 1473 2406 caput
1495 2323 1903 2403 Exiirpandoe
1932 2319 2031 2406 (de
2067 2318 2466 2404 Praebendis),
2498 2327 2569 2387 et
2600 2340 2761 2389 non-

521 2439 696 2506 nullo
738 2439 858 2506 alia
884 2437 1049 2522 juris
1088 2437 1324 2520 capita,
1352 2456 1466 2519 per
1506 2456 1640 2518 quw
1663 2442 1842 2519 patet
1880 2432 2158 2521 (inquit),
2201 2439 2359 2518 quod
2403 2442 2471 2501 in
2516 2440 2761 2504 ecclesia

518 2574 760 2621 annexa
790 2557 988 2635 quoad
1012 2555 1368 2636 temporalia
1395 2557 1746 2615 instituitur
1770 2559 1984 2630 rector,
2015 2554 2110 2615 vel
2120 2559 2447 2633 perpetuus
2467 2558 2756 2620 vicarius.

523 2671 642 2736 Cui
670 2668 1032 2736 difficultati
1077 2671 1170 2736 sic
1218 2666 1579 2751 respondet
1609 2689 1624 2733 ε
1660 2689 1694 2732 α
1728 2666 1858 2734 Sed
1895 2666 2042 2734 dico
2087 2666 2286 2752 quod,
2336 2676 2451 2736 aut
2486 2669 2760 2736 ecclesia

526 2809 559 2846 «
596 2793 920 2869 spectans
943 2783 1028 2850 ad
1080 2801 1370 2850 mensam
1407 2782 1691 2858 Palati,
1743 2782 1853 2847 vel
1906 2783 2184 2865 collegii,
2231 2783 2341 2850 vel
2376 2781 2759 2867 dignitatem

524 2926 556 2964 a
591 2900 910 2977 habentis,
971 2900 1075 2966 vel
1128 2897 1565 2982 praebendarii
1586 2946 1603 2976 ,
1664 2898 1902 2983 recipit
1948 2904 2277 2980 superioris
2319 2905 2759 2966 institutionem

525 3038 557 3076 «
591 3003 812 3101 quoed
841 3014 1132 3098 regimen
1173 3012 1465 3080 ecclesioe
1489 3060 1505 3091 ,
1551 3012 1661 3078 vel
1698 3012 1929 3078 saltem
1964 3013 2221 3098 populi;
2258 3019 2328 3079 et
2353 3021 2511 3081 tunc
2545 3013 2759 3084 locum

527 3157 558 3194 α
591 3131 790 3198 hehet
839 3128 1018 3217 quod
1059 3129 1303 3196 dicitur
1348 3127 1433 3196 de
1481 3130 1726 3196 vicario
1772 3135 2097 3213 perpetuo
2140 3150 2155 3194 :
2197 3137 2311 3196 aut
2364 3130 2560 3213 pleno
2607 3130 2757 3216 jure

526 3273 558 3308 a
593 3252 845 3332 spectat
883 3245 968 3313 ad
1001 3246 1186 3313 illum
1224 3246 1422 3312 etiem
1462 3243 1681 3330 quoad
1711 3244 2091 3328 spiritualia,
2127 3252 2197 3311 et
2231 3251 2390 3312 tunc
2424 3244 2623 3312 habet
2664 3246 2759 3312 lo·

525 3387 559 3426 «
593 3381 740 3430 cum
771 3361 950 3451 quod
979 3359 1222 3428 dicitur
1254 3360 1340 3429 de
1372 3362 1624 3428 vicario
1656 3360 2023 3444 temporali,
2046 3361 2301 3430 etiamsi
2327 3361 2413 3428 sit
2444 3368 2693 3428 curata.
2725 3385 2759 3426 ι

519 3481 698 3545 Rene
741 3479 1015 3563 glofflm
1061 3478 1492 3544 communiter
1549 3496 1589 3543 a
1641 3474 2025 3544 doctoribus
2075 3482 2147 3542 et
2198 3475 2365 3544 Rota
2418 3482 2759 3561 receptam

520 3594 740 3670 fuisse,
772 3591 1043 3657 adnotat
1073 3590 1436 3674 Pignatelli‚
1468 3590 1667 3656 citato
1689 3589 1857 3655 loco.

610 3706 941 3792 Objiciunt
965 3708 1034 3771 2⁰
1058 3705 1194 3771 haec
1213 3705 1418 3774 verba
1440 3707 1701 3773 canonis
1722 3710 2083 3772 sanctorum
2111 3704 2568 3793 (distinctionis
2598 3707 2702 3793 70)
2729 3728 2743 3772 :

521 3826 598 3888 In
631 3842 749 3903 qua
777 3825 1022 3886 molesia
1050 3827 1186 3904 quis
1212 3831 1300 3887 est
1340 3823 1717 3899 intitulatae,
1753 3827 1821 3887 in
1848 3843 1918 3888 ea
1942 3831 2227 3905 perpetuo
2252 3832 2607 3906 perseveret.

610 3939 858 4004 Proesto
887 3945 989 4003 est
1015 3937 1349 4021 responsio
1373 3955 1456 4002 ex
1478 3938 1619 4022 ipso
1646 3955 1892 4004 canone
1925 3959 1941 4003 ε
1977 3956 2124 4004 nam
2156 3938 2249 4005 ita
2282 3940 2500 4023 pergit
2535 3961 2550 4006 :
2585 3944 2751 4006 Licet

519 4059 678 4119 enim
733 4057 1016 4136 Episcopi
1050 4057 1440 4137 dispositione
1476 4075 1633 4118 unas
1675 4057 1933 4120 diversis
1971 4075 2222 4137 praeesse
2247 4063 2439 4138 possit
2460 4060 2743 4136 ecclesiis,

520 4176 837 4236 canonicus
876 4178 1074 4238 tamen
1099 4174 1552 4253 praebendarius
1582 4176 1706 4238 nisi
1728 4176 1909 4238 unius
1934 4174 2215 4252 ecclesia,
2252 4177 2318 4237 in
2343 4193 2463 4254 qua
2496 4180 2755 4240 conscri-

509 4291 658 4366 pias
686 4291 800 4362 est,
834 4303 957 4350 me
987 4304 1108 4352 non
1135 4287 1328 4352 dewi.
1364 4284 1560 4354 Unde
1592 4284 1896 4368 prohibet
1928 4281 2196 4369 quidem
2226 4303 2457 4363 canon,
2495 4304 2579 4352 ne
2608 4285 2755 4370 quis

522 4397 863 4472 ordinetur
907 4399 1046 4468 sine
1084 4400 1300 4479 titulo,
1347 4400 1417 4470 id
1457 4408 1578 4478 est,
1628 4402 1766 4468 sine
1816 4400 2136 4478 beneflcio
2175 4409 2501 4487 perpetuo
2528 4404 2649 4487 ipsi
2682 4403 2749 4472 iu
