3146 4973
1184 420 1343 468 mas
1386 419 1656 480 Quian.
2415 405 2531 467 561

316 535 743 608 Nihilominus
780 549 851 607 et
891 540 1031 605 haec
1076 542 1304 625 regula
1349 540 1675 610 nonnullis
1727 538 2222 623 exceptionibus
2270 542 2545 609 obnoxia

317 666 452 741 est3
490 657 667 723 unde
696 666 766 722 et
799 666 1107 742 tanquam
1143 661 1446 768 cenez-alis
1474 656 1823 723 dumtaxat
1851 657 2141 739 ponitur.

410 775 804 840 PROPosffto
833 775 973 839 111⁸.
1003 809 1094 822 ——
1116 778 1296 838 Justa
1327 780 1763 838 interveniente
1801 793 2006 850 causa,
2036 780 2234 855 potest
2257 775 2553 856 parochus

320 892 474 952 alibi
512 910 688 972 quam
723 896 794 953 in
818 891 1163 973 parochiali
1202 894 1398 969 domo,
1443 897 1612 954 intra
1660 891 1813 968 fines
1857 890 2159 969 parockioe
2191 893 2423 972 deqere.
2465 928 2555 940 -—

325 1004 592 1070 Constat
628 1026 710 1071 ex
757 1005 1055 1089 pluribus
1099 1005 1304 1071 Sacrae
1365 1005 1899 1089 congregationis
1949 1004 2218 1070 Concilii
2266 1005 2559 1072 declara-

326 1121 631 1187 tionibus.
669 1119 745 1187 ld
773 1140 1010 1204 nempe
1040 1142 1179 1188 esse
1200 1121 1717 1207 permittendum
1738 1121 1931 1186 Sacra
1951 1121 2380 1205 congregatio
2408 1123 2557 1205 Epi·-

326 1240 537 1320 scopis
567 1238 921 1323 rescripsit,
964 1237 1180 1323 quoad
1223 1238 1464 1305 multos
1499 1237 1929 1323 particulares
1972 1256 2178 1315 casm,
2221 1239 2287 1301 in
2322 1239 2560 1322 quihus

325 1347 513 1433 justae
550 1349 1002 1433 allegabantur
1032 1349 1353 1435 ejusmodi
1381 1368 1611 1416 causae.
1648 1351 1833 1415 Inter
1857 1349 1981 1415 alia
2005 1348 2196 1433 hujus
2220 1352 2319 1415 rei
2341 1369 2561 1416 exem-

328 1465 436 1548 pla
468 1464 599 1530 duo
638 1466 996 1549 sequentia,
1037 1485 1113 1531 ex
1155 1468 1477 1550 Faguano,
1515 1463 1894 1550 subjicimus
1929 1487 1944 1530 :
1990 1487 2025 1527 α
2060 1467 2335 1531 Petente
2391 1467 2563 1530 Prae-

334 1605 365 1640 «ι
403 1582 610 1662 posito
639 1582 950 1647 Pisciensi
971 1581 1313 1661 declarari,
1351 1602 1433 1647 an
1466 1589 1684 1666 posset
1711 1582 2106 1665 compellere
2134 1579 2450 1665 parochos
2480 1580 2565 1646 ad

335 1721 367 1757 a
403 1695 826 1762 habitandum
867 1697 1043 1763 aedes
1086 1698 1463 1782 conjunctas
1495 1698 1793 1763 ecclesiis
1828 1698 2326 1780 parochialibus,
2370 1698 2564 1766 Sacra

334 1837 367 1874 α
397 1815 830 1898 congregatio
855 1816 1109 1879 censuit
1131 1833 1315 1897 posse
1342 1812 1738 1896 compellere
1770 1814 1863 1879 :si
1882 1821 2101 1878 tamen
2130 1813 2360 1897 aliquis
2379 1832 2564 1879 casus

337 1953 370 1989 a
410 1937 732 2007 occurrat,
793 1930 906 2014 qui
950 1929 1313 1994 rationibus
1363 1927 1754 2013 specialibus
1810 1928 2145 2004 innitatur,
2213 1928 2580 1995 rescriben-

338 2068 371 2105 α
412 2044 569 2110 dum
606 2043 693 2109 ad
721 2045 981 2109 Sacram
1017 2045 1628 2127 congregationem.
1651 2065 1684 2104 υ
1720 2044 2102 2128 (Fagnanus,
2133 2043 2200 2106 in
2227 2050 2424 2127 caput
2451 2048 2578 2107 Ex-

338 2163 659 2242 tiaepandoe,
690 2162 767 2223 de
785 2161 1156 2238 Proebendis,
1183 2179 1249 2222 n.
1286 2156 1417 2242 13.)
1446 2181 1479 2220 α
1506 2159 1846 2224 Vincentio
1862 2158 2184 2223 Taurellio
2206 2158 2575 2241 postulante

342 2298 376 2334 a
403 2274 523 2339 sibi
542 2272 814 2339 concedi
841 2282 915 2338 ut
943 2280 1163 2357 posset
1190 2273 1482 2338 habitare
1514 2275 1580 2337 in
1607 2272 1908 2339 domibus
1936 2273 2249 2354 paterniS,
2286 2291 2367 2337 eo
2397 2270 2577 2356 quod

343 2409 375 2446 «
412 2388 476 2451 in
504 2385 804 2451 domibus
832 2385 1120 2450 ecclesiae
1162 2383 1547 2467 parochialis
1592 2386 1749 2449 satis
1791 2382 2134 2449 commode
2175 2384 2346 2470 (cum
2377 2403 2579 2451 senex

344 2526 376 2562 a
411 2500 603 2587 esset)
657 2501 950 2567 habitare
997 2520 1125 2566 non
1177 2507 1417 2584 posset,
1468 2502 1836 2584 proesertim
1881 2518 2030 2564 cum
2080 2500 2353 2566 ecclesia
2404 2510 2577 2568 esset

347 2644 380 2678 «
421 2620 623 2685 vicina
657 2617 960 2684 domibus
1004 2618 1315 2702 paterniS,
1364 2625 1433 2683 et
1477 2619 1544 2681 in
1584 2617 1857 2682 ecclesia
1895 2618 2094 2682 etiam
2123 2616 2574 2702 coadjutorem

344 2759 376 2792 a
413 2742 812 2800 sustentaret
865 2755 879 2800 ε
938 2734 1193 2798 censuit
1233 2731 1656 2798 scribendum
1699 2735 2041 2818 Episcopo,
2094 2734 2150 2797 si
2205 2753 2364 2798 vera
2420 2742 2575 2800 sunt

345 2874 376 2910 α
412 2857 692 2929 narrata,
733 2847 1244 2934 permittendum
1272 2857 1602 2914 oratorem
1634 2867 1899 2914 manere
1928 2849 1993 2911 in
2026 2846 2326 2914 domibus
2351 2856 2573 2933 pater-

346 2990 379 3026 «
416 2967 555 3049 nis3
589 2963 748 3031 dum
782 2972 1003 3029 tamen
1034 2971 1104 3029 et
1143 2964 1280 3047 ipse
1332 2982 1555 3029 curam
1587 2966 1944 3030 animarum
1992 2973 2324 3043 exerceat,
2360 2973 2434 3030 ut
2459 2964 2577 3031 de-

349 3107 378 3141 «
417 3084 552 3149 het.
579 3105 612 3144 n
655 3083 1033 3168 (Fagnanus,
1065 3079 1211 3146 loco
1241 3078 1495 3163 citato.)

431 3200 829 3265 Pnoposmo
855 3197 989 3261 ΙΨ.
1017 3232 1106 3244 —-
1141 3199 1348 3258 Etiam
1396 3202 1468 3259 ut
1508 3201 1689 3257 extra
1730 3196 2034 3276 parochioe
2080 3198 2303 3258 limites
2349 3197 2575 3261 habitet

341 3312 637 3395 parochus
671 3313 949 3389 permitti
966 3314 1182 3389 potest,
1200 3312 1376 3389 justa
1398 3308 1474 3369 dc
1494 3325 1709 3385 causa,·
1746 3310 1813 3367 in
1843 3307 1969 3368 loco
2001 3312 2199 3368 tamen
2228 3312 2319 3369 ita
2349 3313 2566 3387 vicino,

345 3436 415 3491 ut
446 3427 705 3506 officium
746 3443 918 3488 suum
957 3428 1370 3486 convenienter
1412 3425 1657 3502 explere
1690 3427 1902 3500 possit.
1939 3456 2030 3469 -
2059 3424 2154 3486 Ita
2186 3423 2431 3505 pluries
2462 3421 2575 3489 de-

347 3543 661 3608 claratum
695 3560 734 3606 a
769 3540 961 3604 Sacra
992 3538 1504 3620 Congregatione
1541 3535 1806 3601 Concilii
1837 3534 2054 3620 quoad
2082 3555 2267 3602 casus
2294 3540 2576 3621 particu-

347 3657 542 3734 lares,
578 3656 644 3719 in
674 3654 909 3738 quibus
943 3652 1172 3718 aderat
1201 3652 1266 3716 id
1303 3650 1728 3736 permittendi
1759 3650 1949 3716 valde
1982 3670 2220 3735 urgens
2248 3654 2437 3719 ratio.
2474 3656 2573 3720 Dc

349 3790 481 3857 quo
513 3770 708 3835 etiam
743 3788 943 3834 unum
966 3775 1081 3833 aut
1110 3766 1390 3832 alterum
1430 3767 1802 3849 exemplum
1841 3785 1923 3831 ex
1953 3767 2251 3849 Fagnano
2280 3772 2578 3834 transcri-

349 3887 584 3953 bimus.
626 3907 658 3947 α
695 3887 813 3951 Die
851 3887 929 3949 16
963 3883 1126 3968 iunii
1159 3884 1352 3959 1607,
1393 3882 1583 3947 Sacra
1615 3881 2042 3965 Congregatio
2063 3884 2317 3948 censuit
2348 3903 2580 3949 secun-

358 4027 390 4064 α
424 4002 581 4069 dum
628 4021 706 4067 ea
747 4018 889 4086 quae
943 4006 1430 4083 proponuntur,
1476 3998 1865 4081 Episcopum
1910 4015 2030 4063 suo
2076 3997 2347 4064 arbitrio
2394 4018 2581 4083 posse

359 4142 391 4180 α
428 4120 832 4202 permittere,
876 4123 952 4180 ut
982 4121 1229 4191 rector,
1262 4114 1616 4197 quinoque
1658 4132 1743 4178 ex
1788 4112 2115 4178 fructibus
2152 4115 2327 4181 aedes
2368 4116 2429 4179 in
2471 4136 2582 4199 pa-

360 4258 393 4296 α
431 4234 693 4301 rochiali
729 4239 1136 4308 construere,
1163 4248 1290 4294 nec
1308 4229 1463 4295 alias
1491 4230 1665 4294 intra
1701 4247 1831 4295 suae
1870 4228 2187 4312 parochiae
2235 4229 2400 4297 fines
2429 4250 2582 4299 con·-

359 4374 392 4412 α
429 4349 676 4417 ducere
725 4355 965 4433 potest,
1011 4343 1329 4411 inhabitet
1371 4343 1636 4410 domum
1683 4345 1749 4409 in
1801 4345 2012 4410 altera
2064 4346 2368 4429 parochia
2422 4348 2583 4412 vici.

360 4490 393 4529 α
433 4468 711 4550 niori...;
740 4472 937 4549 atque
966 4463 1057 4528 ita
1094 4464 1158 4526 in
1192 4480 1308 4527 sua
1333 4459 1684 4545 parochiali
1722 4461 2085 4526 animarum
2116 4481 2337 4526 curam
2370 4472 2578 4546 gerat,

2301 4567 2377 4630 56

1219 4666 1276 4721 O
