3146 4973
1193 398 1353 448 uns
1398 401 1669 461 omnm.
2413 389 2539 455 585

311 526 534 587 debeat
553 540 672 605 pro
688 523 918 605 populo
940 524 1243 605 applicari
1270 526 1478 589 diebus
1505 528 1703 606 festiS,
1724 544 1835 608 per
1857 527 2162 590 indultum
2190 531 2341 590 anni
2373 529 2539 594 1802

316 640 642 702 translatis
695 641 763 699 in
801 641 1166 702 dominicam
1194 648 1559 723 sequentem·
1595 639 1666 706 2⁰
1696 661 1779 705 an
1808 647 1891 706 sit
1925 644 2290 725 applicanda
2332 646 2542 708 diebus

311 756 507 834 festis,
529 758 635 834 qui
647 772 761 834 per
775 755 1134 818 Clementem
1149 757 1378 838 Papam
1399 759 1545 820 XIV
1553 763 1796 833 retenti,
1812 776 1970 821 anno
1996 760 2016 821 1
2035 759 2163 824 802
2182 764 2542 821 auctoritate

313 873 419 932 Pii
450 872 574 933 VII
599 871 847 948 fuerunt
876 871 1185 951 abroqati,·
1218 873 1287 936 3⁰
1313 891 1396 934 an
1424 877 1507 935 sit
1540 892 1700 936 nunc
1724 875 2090 955 applicanda
2119 879 2304 937 etiam
2332 876 2540 938 diebus

309 988 505 1064 festis,
539 990 646 1065 qui
684 987 761 1048 ab
800 1004 959 1048 anno
1004 987 1158 1051 1771
1204 987 1451 1065 fuerunt
1474 1007 1589 1069 per
1615 989 1973 1052 Clementem
2022 991 2165 1051 XIV
2206 994 2531 1072 suppressi,

313 1102 380 1163 id
414 1107 526 1179 eet,
558 1102 830 1176 omnilus
880 1102 1056 1180 festis
1097 1106 1162 1164 in
1212 1104 1485 1183 cataloqo
1538 1104 1770 1166 Urbani
1824 1105 1980 1167 VIII
2029 1108 2339 1167 recensitis
2361 1108 2391 1165 Ι)
2436 1104 2537 1168 Dc

312 1213 552 1299 quibus
591 1210 808 1278 dubiis
847 1212 969 1278 sibi
1012 1232 1133 1297 per
1172 1214 1721 1282 subsecretnrium
1756 1215 1966 1281 Sacrae
2011 1216 2539 1301 congregationis

312 1326 579 1392 Concilii
604 1328 913 1410 expositis
931 1326 1116 1412 jussit
1144 1328 1446 1395 Summus
1467 1329 1767 1396 Pontifex
1809 1331 2230 1398 Namurcensi
2270 1330 2543 1397 antistiti

309 1439 606 1521 rescribi,
646 1446 893 1504 missam
935 1461 1052 1524 pro
1098 1445 1322 1523 populo
1367 1464 1493 1507 csse
1534 1464 1576 1508 a
1623 1446 1904 1526 parochis
1952 1465 2077 1510 succ
2126 1450 2392 1510 dioecesis
2426 1465 2540 1527 ap-

309 1558 660 1636 plicandam
707 1559 979 1624 omnibus
1023 1560 1232 1622 diebus
1268 1562 1465 1640 festis,
1513 1568 1700 1625 etiam
1741 1583 1781 1624 a
1828 1566 1896 1627 S.
1945 1566 2032 1627 Μ.
2067 1564 2368 1626 Clemente
2397 1565 2542 1626 XIV

314 1677 582 1752 retentis,
616 1680 676 1736 et
721 1675 999 1755 deinceps
1037 1694 1077 1736 a
1119 1677 1187 1739 S.
1229 1679 1312 1739 M.
1349 1678 1462 1739 Pio
1503 1680 1647 1755 VII,
1683 1680 1783 1742 die
1827 1680 1869 1742 9
1905 1679 2132 1757 aprilis
2171 1679 2363 1756 1802,
2397 1697 2541 1760 sup·

306 1794 555 1869 prees-ic.

397 1902 527 1968 Sed
547 1909 788 1986 praeter
816 1922 1010 1989 quam
1034 1904 1216 1989 quod
1243 1907 1438 1972 citata
1461 1907 1760 1975 collectio
1784 1906 2008 1975 Leodii
2026 1910 2340 1991 impressa
2361 1906 2542 1974 nullu

308 2018 516 2100 pollet
556 2018 1066 2086 authenticitetis
1111 2022 1529 2102 auctoritate,
1567 2022 1829 2108 objecto
1873 2023 2266 2090 documento
2307 2024 2398 2088 sic
2444 2041 2543 2088 re·

308 2129 584 2215 spondet
608 2131 1343 2203 dominusBicbaudean
1372 2159 1384 2200 :
1418 2159 1453 2198 α
1467 2142 1490 2201 1
1504 2142 1530 2171 ⁰
1545 2138 1637 2202 La
1658 2139 2093 2206 consultation
2112 2155 2391 2222 suppose
2412 2155 2541 2222 que

318 2271 350 2309 α
392 2249 454 2313 la
481 2243 901 2319 constitution
938 2250 1194 2319 donnee
1228 2272 1350 2337 por
1386 2254 1682 2322 Clement
1726 2256 1874 2320 xlv
1914 2263 2018 2321 est
2045 2273 2175 2321 une
2210 2254 2300 2320 loi
2346 2256 2542 2337 gene·

318 2384 351 2423 α
396 2364 531 2430 rnle
571 2364 922 2448 regordant
973 2373 1159 2432 toute
1206 2359 1455 2453 l'Eglise
1501 2392 1516 2434 :
1553 2388 1632 2434 or
1680 2371 1821 2436 cela
1868 2376 1969 2436 est
2020 2369 2541 2436 manifestement

317 2502 348 2539 a
393 2480 714 2546 contraire
753 2484 791 2547 ὰ
841 2481 903 2549 ln
949 2490 1187 2549 teneur
1216 2481 1301 2550 de
1336 2485 1401 2550 la
1438 2483 1641 2551 bulle.
1679 2488 1748 2550 2⁰
1784 2485 1924 2551 Elle
1962 2483 2306 2571 reproduit
2346 2481 2541 2549 d'une

316 2615 348 2653 (ι
387 2593 675 2659 muniere
714 2594 1165 2660 tres-inexacte
1195 2594 1687 2662 l'enumeration
1716 2596 1835 2662 des
1871 2596 2042 2663 fetes
2069 2598 2180 2683 qui
2209 2616 2277 2663 se
2306 2603 2540 2660 trouve

318 2732 349 2767 «
393 2707 553 2774 dans
595 2710 658 2775 la
709 2710 1126 2776 constitution
1170 2708 1343 2797 (1)...
1391 2715 1461 2778 3⁰
1489 2713 1580 2778 La
1610 2712 2042 2778 consultetion
2073 2713 2365 2793 dejs42
2398 2729 2542 2795 sup-

318 2845 352 2883 «
397 2843 552 2907 pose
581 2844 710 2911 que
740 2825 805 2891 le
834 2826 1010 2910 Pape
1045 2826 1362 2912 (Clemeut
1398 2825 1564 2911 xlv)
1614 2828 1947 2912 supprime
1985 2829 2419 2894 entierement
2445 2825 2543 2892 les

320 2961 352 2998 α
392 2939 561 3006 fetes
581 2942 694 3025 qui
724 2947 976 3007 restent
996 2960 1081 3007 en
1112 2938 1351 3007 dehors
1378 2940 1462 3007 de
1490 2960 1606 3007 son
1626 2943 2076 3011 enumeratiou
2112 2964 2127 3009 ε
2162 2961 2239 3007 or
2260 2960 2336 3009 ce
2369 2942 2542 3007 Pon-

317 3078 351 3115 «
389 3056 504 3123 tife
546 3055 824 3135 declaro,
846 3076 929 3122 an
957 3057 1302 3135 contraire,
1342 3076 1471 3142 que
1500 3059 1601 3124 les
1638 3057 1871 3124 fideles
1898 3059 2282 3126 continuent
2327 3060 2366 3122 ἐι
2395 3061 2539 3125 etre

317 3194 352 3231 α
392 3172 643 3256 obliges
670 3170 1056 3238 d'entendre
1080 3173 1146 3237 la
1175 3191 1383 3238 messe
1408 3181 1557 3238 tous
1584 3192 1694 3239 ces
1720 3173 1907 3257 jours
1947 3172 2035 3239 de
2060 3173 2220 3250 sete,
2249 3191 2395 3239 sans
2430 3191 2544 3236 ex-

317 3310 352 3348 «
386 3288 668 3373 ception‚
707 3307 824 3371 par
869 3290 1269 3372 consequent
1310 3296 1457 3355 tous
1499 3287 1597 3353 les
1637 3288 1819 3374 Jours
1871 3289 2231 3355 meintenus
2268 3306 2387 3372 par
2427 3287 2544 3351 Ur-

318 3425 351 3463 «
387 3404 537 3469 bain
576 3404 748 3469 vln.
776 3427 808 3466 υ
851 3402 1156 3487 (Nouveau
1208 3405 1394 3468 traice
1429 3407 1533 3468 des
1578 3411 1771 3469 saints
1816 3410 2135 3487 Mysteres‚
2189 3422 2333 3489 pag.
2375 3405 2535 3479 368,

314 3516 477 3585 edit.
512 3519 770 3584 Parisiis
817 3521 970 3586 1851
994 3516 1037 3602 .)
1068 3516 1278 3594 Adde,
1324 3518 1501 3604 quod
1547 3539 1629 3585 ex
1686 3519 1862 3588 dicto
1911 3519 2203 3603 catalogo
2249 3519 2540 3587 Clemen-

315 3635 400 3700 tis
431 3635 599 3709 xlv,
643 3634 824 3700 festis
875 3632 1377 3701 adnumerandae
1410 3635 1630 3701 forent
1660 3635 1951 3701 visitatio
1990 3637 2206 3703 Beatoe
2235 3634 2533 3718 VirginiS,

313 3756 386 3818 et
420 3750 565 3816 dies
588 3758 824 3816 sanctae
858 3751 1074 3817 Μαι-ἰῶ
1108 3748 1535 3835 Magdalenae3
1570 3752 1751 3838 quod
1777 3751 2032 3819 admitti
2060 3753 2306 3838 nequit.

402 3867 520 3933 111.
559 3866 689 3930 Pro
720 3884 942 3931 norma
990 3864 1306 3932 sumenda
1341 3874 1441 3931 est
1479 3866 1727 3933 Urbani
1770 3869 1921 3933 vm
1957 3868 2332 3933 constitutio
2392 3872 2542 3930 Uni-

315 4004 486 4048 versa
511 4003 621 4064 per
646 3985 866 4047 orbem.
892 3982 1051 4047 Cum
1082 3984 1255 4049 enim
1288 3983 1662 4050 constitutio
1684 3983 1821 4049 baec
1847 3984 1974 4050 vim
1997 3983 2160 4067 legis
2187 3983 2545 4050 communis

384 4284 457 4345 (Ι)
500 4286 607 4333 Suis
651 4284 807 4334 dubiis
849 4284 1080 4347 adjecerat
1129 4286 1456 4335 Numan-censis
1502 4285 1762 4347 Episcopus
1801 4286 2043 4334 elenchum
2093 4286 2315 4335 festorum
2366 4301 2393 4334 a
2435 4286 2543 4336 Cle-

315 4382 469 4424 mente
493 4377 606 4425 xlv
633 4382 972 4427 resen-vatorum
1011 4380 1178 4442 (qoem
1214 4379 1319 4428 vide
1348 4380 1396 4428 in
1424 4379 1565 4427 citata
1602 4378 1874 4428 collectione
1907 4378 2172 4438 Leodiensi‚
2208 4379 2379 4441 pagina
2403 4378 2539 4437 153),

316 4471 398 4519 sed
428 4482 586 4518 revera
609 4471 842 4520 mutilum.
