3146 4973
618 353 699 414 12
914 370 929 381 ’
1290 360 1668 411 mci-arus
1715 362 1802 410 ns
1847 358 2172 413 rAnocno.

615 497 824 569 ratur,
861 490 923 555 ei
961 486 1141 573 apud
1176 484 1567 570 Lugdunum
1598 485 1885 552 exulanti
1927 484 2012 551 ab
2042 487 2541 574 Archiepiscopo
2578 488 2842 575 Lugdu-

616 605 802 671 nensi
838 602 1056 670 datam
1087 601 1474 667 facultatem
1505 599 1727 678 fuisse,
1755 609 1826 664 ut
1867 605 2195 685 episcopale
2226 603 2488 685 officium
2508 625 2624 687 per
2657 613 2844 668 totam

607 720 961 804 parochiam
986 738 1156 782 suam
1182 737 1296 801 pro
1319 719 1473 780 velle
1506 723 1848 796 exerceren-
1885 715 2064 782 unde
2103 724 2174 783 et
2201 719 2392 784 multi
2427 719 2837 798 confluxere,

616 843 693 901 ut
723 855 760 899 a
790 840 1011 899 sancto
1038 832 1340 899 Anselmo
1375 838 1852 898 sacramentum
1893 833 2399 901 confirmationis
2434 835 2838 919 acciperent.

705 949 1141 1015 Permansisse
1157 947 1463 1015 eumdem
1494 947 1810 1033 loquendi
1846 967 2038 1014 usum
2076 968 2251 1015 anno
2292 953 2461 1016 1006
2494 948 2706 1016 videri
2729 969 2847 1035 po-

615 1069 749 1130 test
767 1061 953 1149 apud
983 1063 1188 1129 Mansi
1220 1064 1404 1150 (tom.
1447 1066 1551 1140 19,
1589 1063 1716 1129 col.
1751 1064 1902 1141 284,
1929 1066 2059 1130 285
2099 1071 2168 1129 et
2204 1062 2388 1147 286).

703 1181 875 1246 Item
911 1181 1241 1265 reperitur
1268 1181 1335 1244 in
1387 1177 1638 1265 synodo
1682 1179 2253 1263 Saligunstadiensi
2303 1181 2453 1246 anni
2509 1183 2712 1266 1022;
2778 1190 2846 1247 et

616 1296 1063 1361 Lemovicensi
1105 1295 1251 1360 anni
1281 1297 1473 1361 1031.

707 1411 782 1474 In
815 1409 947 1476 vita
995 1411 1202 1475 sancti
1236 1412 1524 1494 Hugonis
1561 1409 1816 1477 abbatis
1856 1411 2295 1478 Cluniacensis
2338 1411 2658 1480 habetur:
2696 1416 2847 1477 San-

616 1516 748 1590 ctus
766 1529 939 1607 Huqo
965 1527 1227 1588 tradidit
1248 1526 1542 1589 hominem
1572 1528 1750 1590 illum
1776 1531 1844 1590 in
1867 1546 2079 1591 manus
2102 1528 2343 1592 Rocleni
2364 1528 2644 1610 Episcopi
2666 1528 2848 1591 Cabi-

620 1644 902 1721 lonensis‚
942 1647 1110 1724 cujus
1136 1642 1439 1723 parochioe
1473 1650 1628 1706 erat.

708 1760 782 1823 In
807 1756 1080 1839 epistola
1118 1758 1156 1821 3
1190 1756 1422 1821 Leonis
1457 1757 1539 1821 IX
1600 1757 1750 1821 anni
1811 1756 2076 1823 circiter
2131 1759 2321 1835 1049,
2374 1755 2679 1840 parochia
2723 1774 2847 1841 pro

618 1870 1014 1958 designanda
1040 1879 1179 1937 tota
1207 1870 1539 1954 provincia
1569 1872 2074 1956 metropolitana
2103 1870 2478 1939 adhibetur.

705 1990 874 2053 Item
926 1985 1245 2070 parochioe
1278 1986 1671 2051 vocabulum
1703 2003 1825 2069 pro
1887 1984 2287 2072 designanda
2353 1984 2617 2053 dioecesi
2665 2005 2851 2070 rope-

619 2106 748 2171 ries
782 2106 1168 2185 usurpatum
1196 2119 1367 2167 anno
1401 2103 1557 2166 1051
1604 2100 1803 2187 (apud
1827 2103 2049 2179 mansi,
2085 2110 2246 2167 tom.
2289 2104 2392 2181 19,
2429 2101 2552 2167 col.
2584 2098 2852 2185 797);et

621 2222 688 2285 in
733 2218 1008 2303 epistola
1053 2220 1093 2282 2
1150 2217 1457 2300 Stephani
1514 2218 1601 2283 IX
1643 2219 1859 2301 Papae,
1899 2225 1971 2284 et
2016 2218 2082 2281 in
2126 2217 2363 2283 litteris
2401 2215 2751 2283 Alexandri
2786 2217 2851 2283 11

625 2334 824 2423 (apud
850 2336 1071 2411 mansi,
1114 2343 1276 2403 tom.
1319 2340 1422 2413 19,
1454 2335 1585 2402 col.
1607 2334 1789 2419 946).

708 2454 879 2518 Item
930 2451 1316 2538 frequenter
1360 2453 1539 2537 apud
1613 2459 1908 2519 sanctum
1967 2452 2355 2538 Gregorium
2416 2452 2536 2518 VII
2596 2451 2708 2538 qui
2764 2450 2852 2518 ad

623 2572 1082 2639 Pontificatum
1101 2581 1470 2655 assumptus
1499 2579 1600 2638 est
1638 2592 1807 2639 anno
1843 2576 2033 2640 1075.

709 2690 878 2754 Item
916 2685 1002 2754 'in
1049 2687 1338 2773 epistolis
1391 2691 1473 2755 19
1530 2697 1602 2754 et
1649 2689 1734 2754 48
1782 2688 2030 2755 Urbani
2084 2685 2148 2754 11
2189 2689 2341 2754 anni
2393 2692 2613 2773 10883
2666 2695 2736 2755 ct
2781 2690 2850 2754 in

623 2802 932 2868 omnibus
960 2801 1102 2867 fere
1138 2802 1428 2886 epistolis
1475 2803 1756 2868 Pascalis
1811 2803 1897 2880 II,
1932 2823 2100 2869 anno
2133 2806 2329 2870 1099.

713 2916 1014 2982 Perrexit
1059 2914 1230 2981 idem
1271 2936 1429 2982 usus
1474 2917 1711 2982 saeculo
1756 2915 2169 2996 duodecimo,
2217 2926 2295 2984 ut
2341 2919 2701 3003 generatim
2766 2919 2856 2983 vi-

626 3032 770 3099 deri
814 3039 1032 3115 potest
1063 3030 1514 3116 pervolvendo
1565 3039 1779 3098 tomos
1800 3034 2007 3098 Mansi
2035 3035 2122 3098 20
2149 3041 2218 3099 et
2248 3036 2357 3099 21.
2391 3036 2527 3100 Imo
2552 3034 2619 3098 in
2642 3035 2856 3098 conci-

625 3147 714 3212 lio
737 3145 1155 3211 Lateranensi
1177 3147 1266 3211 IV
1297 3146 1447 3211 anni
1475 3148 1668 3225 1215,
1689 3166 1935 3213 canone
1967 3151 2004 3214 3
2037 3150 2327 3215 occurrit
2347 3147 2562 3216 adhuc
2597 3154 2856 3232 propria

619 3262 911 3345 paroc-Ida
940 3261 1006 3326 in
1028 3281 1223 3329 sensu
1256 3263 1536 3349 propriae
1571 3262 1894 3330 dioecesis.

1576 3503 1851 3595 'CAPUT
1877 3530 1962 3593 11.

627 3802 775 3866 QUAE
813 3800 996 3848 ROTAE
1048 3800 1113 3847 m
1162 3798 1594 3847 MORUMENTIS
1642 3796 2120 3859 ANTlQmTATsss
2171 3796 2476 3848 num-:lum
2529 3794 2852 3850 namur,

720 3918 806 3964 UT
854 3915 1181 3964 ooncLum
1230 3913 1449 3962 Possrr
1499 3914 1563 3960 m
1625 3914 1708 3962 us
1757 3912 2148 3961 MENTmNEM
2196 3912 2374 3959 Flam
2419 3912 2510 3960 ΒΕ
2549 3910 2860 3960 amoeno

716 4032 996 4081 PROPRIE
1034 4030 1253 4079 lucro.

729 4284 791 4344 1⁰
814 4281 1090 4346 Necesse
1132 4286 1239 4379 *est
1283 4279 1385 4363 agi
1416 4277 1502 4344 dc
1553 4278 1772 4363 aliquo
1823 4278 2213 4364 presbytero
2249 4293 2470 4342 curam
2501 4275 2855 4340 animarum

632 4396 938 4461 habente.
990 4395 1068 4460 ld
1133 4395 1303 4460 enim
1356 4397 1692 4478 proprium
1744 4400 1814 4460 ct
1871 4395 2216 4460 essentiale
2267 4401 2368 4459 cst
2421 4391 2856 4475 parochorum
