3146 4973
619 351 747 413 556
1295 360 1674 408 moruus
1720 363 1809 410 nn
1850 361 2177 412 rnocno.

619 513 652 548 α
687 489 798 573 qui
841 487 1174 571 paulisper
1205 484 1389 550 abest
1422 503 1460 548 a
1490 502 1608 549 sua
1653 484 1925 551 eeclesia
1963 503 2095 551 non
2142 484 2410 552 videtur
2438 487 2717 570 abesse);
2744 489 2851 552 Sa·

619 626 652 666 κ
684 623 796 669 cra
823 601 1254 685 congregatio
1288 600 1575 678 censuit,
1602 619 1732 667 non
1770 617 1959 683 posse
2000 598 2322 668 declarari
2370 603 2504 668 tale
2529 609 2849 668 statutum

619 742 653 779 «
682 737 825 784 esse
860 723 1088 782 contra
1119 714 1501 796 concilium,
1540 713 1721 798 quod
1750 714 2016 780 videtur
2053 715 2254 793 velle,
2292 736 2375 782 ne
2406 718 2672 800 paulum
2704 736 2851 800 pos·

619 858 651 895 a
678 836 761 899 sit
804 833 1032 898 abesse
1065 839 1285 896 rector
1316 829 1559 914 absque
1607 830 1870 895 licentia
1897 828 2227 914 Episcopi,
2262 833 2460 896 etiam
2490 850 2615 915 per
2642 850 2849 897 unum

616 971 650 1010 «
681 947 890 1014 diem:
927 942 1441 1029 exspectandum
1484 952 1704 1010 tamen
1741 952 1817 1009 nt
1860 947 2215 1030 Episcopus
2251 944 2407 1011 edat
2436 948 2846 1012 constitutio-

622 1083 656 1125 «
687 1080 868 1144 nem3
890 1079 1033 1145 quae
1053 1061 1105 1124 si
1132 1059 1262 1124 erit
1283 1077 1432 1123 cum
1455 1058 1671 1144 aliquo
1690 1067 2234 1142 temperamento,
2262 1061 2507 1144 poterit
2528 1062 2843 1144 permitti3

615 1197 649 1238 κ
678 1178 776 1240 sin
809 1176 1039 1251 minuS,
1073 1174 1267 1239 Sacra
1290 1173 1724 1257 congregatio
1752 1174 2007 1239 curabit
2036 1173 2212 1252 addi,
2237 1183 2315 1240 ut
2342 1176 2534 1240 alicui
2569 1193 2654 1240 ex
2682 1176 2847 1240 vica-

615 1315 647 1350 «
679 1291 789 1355 riis
840 1289 1126 1355 foraneis
1173 1287 1374 1353 detur
1411 1287 1695 1353 facultas
1737 1288 2150 1355 concedendi
2190 1291 2390 1355 talem
2430 1290 2777 1356 licentiam.
2804 1314 2839 1351 ι

699 1409 859 1468 Nota
889 1405 977 1466 2⁸.
1012 1439 1102 1451 —-
1129 1402 1401 1467 Sanctus
1440 1401 1732 1484 Ligorius
1764 1398 2030 1466 videtur
2060 1408 2312 1479 tenere,
2350 1409 2534 1468 certo
2562 1401 2844 1468 validam

607 1517 751 1582 fore
801 1516 1100 1599 Episcopi
1135 1515 1700 1589 constitutionem,
1738 1532 1865 1598 qna
1904 1514 2288 1599 prohiberet
2325 1517 2684 1600 quamlibet
2729 1515 2845 1582 ab·

605 1633 882 1697 sentiam
927 1650 1058 1697 uno
1094 1630 1292 1696 etiam
1322 1629 1429 1696 die
1472 1629 1843 1695 breviorem
1874 1651 1889 1696 :
1946 1653 1979 1693 α
2012 1633 2190 1696 Bene
2218 1632 2463 1713 poterit
2488 1633 2847 1715 Episcopus

611 1767 644 1806 α
677 1744 930 1833 (inquit)
954 1745 1330 1830 prohibere,
1350 1764 1432 1810 ne
1463 1744 1730 1829 parochi
1768 1752 2010 1809 omnino
2037 1744 2378 1812 discedant
2413 1766 2449 1810 a
2478 1748 2609 1812 suis
2631 1748 2845 1813 eccle·

611 1886 645 1925 «
675 1865 847 1928 siis»
895 1863 1087 1948 (libro
1138 1865 1201 1938 5,
1239 1880 1380 1945 cap.
1419 1865 1483 1938 2,
1522 1860 1684 1926 dub.
1732 1866 1790 1937 l,
1835 1870 1962 1926 art.
2002 1863 2067 1939 4,
2104 1881 2170 1926 n.
2223 1865 2304 1928 23
2366 1863 2540 1928 circa
2581 1861 2836 1946 finem).

605 1978 898 2046 Dicendo
928 1985 1167 2042 omnino
1190 2026 1205 2056 ,
1244 1977 1603 2043 absentiam
1643 1978 1839 2043 etiam
1888 1979 2079 2042 unius
2116 1979 2293 2042 horae
2343 1977 2644 2044 includit.
2684 1978 2843 2045 nihi

605 2112 763 2159 vero
808 2093 1090 2158 invalida
1136 2094 1352 2175 potius
1402 2091 1748 2158 videretur
1798 2093 2181 2176 episcopalis
2221 2093 2574 2176 prohibitio
2621 2093 2842 2178 quoad

604 2208 960 2274 absentiam
989 2227 1109 2272 uno
1150 2210 1251 2271 die
1289 2206 1663 2272 breviorem
1701 2229 1715 2271 :
1756 2207 1887 2272 imo
1922 2214 1992 2271 et
2022 2206 2241 2291 quoad
2267 2208 2629 2273 absentiam
2655 2216 2841 2273 unius

603 2328 832 2403 intem-i
889 2325 1015 2386 diei
1034 2370 1055 2400 ,
1110 2321 1230 2386 nisi
1288 2326 1737 2404 apponeretur
1787 2328 2383 2403 temperamentum
2443 2342 2484 2387 a
2538 2324 2842 2406 Fagnano

601 2455 800 2522 supra
843 2436 1226 2503 indicatum.
1262 2436 1473 2502 Nimio
1511 2436 1765 2502 scilicet
1805 2454 2039 2516 onere,
2082 2456 2167 2503 ex
2209 2439 2325 2504 tali
2370 2437 2835 2521 prohibitione.

599 2555 857 2637 gravari
903 2553 1253 2637 parochos,
1286 2552 1531 2637 absque
1563 2552 1903 2617 sufficienti
1940 2553 2190 2619 ratione
2209 2601 2226 2629 ‚
2264 2554 2504 2620 merito
2532 2556 2844 2621 sustineri

602 2675 840 2751 posset.

690 2785 1085 2849 Pnorost‘rlo
1133 2782 1298 2848 V112.
1365 2820 1455 2832 —
1512 2784 1693 2847 Debet
1746 2786 2037 2864 Episcopo
2092 2785 2398 2847 declarari
2448 2803 2671 2862 camm-
2730 2804 2841 2847 nx

597 2897 823 2976 sufficit
844 2903 966 2979 ipsi
994 2901 1191 2961 dicere
1225 2915 1470 2959 oausam
1493 2916 1619 2959 esse
1653 2916 1918 2977 gravem,
1946 2905 2005 2960 et
2038 2898 2146 2960 hoo
2173 2904 2525 2980 juramento
2553 2899 2829 2975 firmare.

597 3050 687 3061 —
718 3013 983 3079 Constat
1013 3030 1094 3079 ex
1143 3013 1241 3077 his
1278 3011 1668 3079 Tridentium
1717 3011 1951 3096 synodi
2002 3014 2252 3092 verbis,
2287 3032 2470 3077 causa
2512 3019 2693 3095 prius
2720 3034 2837 3096 per

597 3133 957 3212 Episcopum
981 3134 1224 3211 coquito
1258 3138 1320 3193 et
1338 3128 1623 3212 probata.
1661 3127 1928 3192 Constat
1955 3130 2221 3213 insuper
2251 3149 2335 3193 ex
2364 3128 2571 3193 relata
2604 3125 2834 3193 decla·

595 3246 848 3310 ratione
878 3245 1086 3310 Sacrae
1116 3242 1643 3327 congregationis
1673 3242 1934 3308 Concilii
1966 3243 2181 3329 (supra
2215 3250 2245 3321 5
2296 3247 2352 3319 l,
2375 3262 2442 3307 n.
2471 3241 2561 3325 5),
2586 3241 2700 3307 ubi
2726 3262 2837 3309 ca-

594 3378 704 3425 sus
731 3362 854 3426 iste
884 3377 1190 3442 expresse
1219 3357 1569 3424 deciditur.

683 3477 1079 3542 Pnorosrrlo
1127 3476 1325 3539 vn1·.
1377 3510 1467 3523 -
1503 3478 1645 3537 Sive
1689 3477 1772 3537 ad
1806 3476 2137 3538 absentiam
2184 3477 2440 3537 duorum
2496 3482 2787 3538 niensium
2804 3526 2824 3555 ,

591 3596 717 3653 sive
743 3594 828 3655 ad
856 3594 1204 3672 lonqt'orom,
1235 3596 1292 3652 si
1315 3595 1638 3653 necessitas
1665 3595 1759 3653 ita
1783 3598 2018 3672 tameat,
2041 3598 2112 3654 ut
2136 3610 2257 3655 non
2287 3596 2565 3673 patiatur
2592 3612 2833 3655 ntorum

590 3709 936 3787 expetendae
983 3708 1272 3784 licentioe,
1320 3710 1524 3768 omitti
1575 3708 1817 3786 quidem
1854 3708 2097 3769 licentia
2133 3712 2398 3787 poterit;
2443 3710 2548 3770 sed
2590 3709 2835 3771 debebit

590 3827 1033 3902 quamprimum
1061 3827 1280 3884 certior
1307 3824 1637 3903 Episcopus
1662 3822 1823 3897 fieri.
1852 3859 1942 3871 -—
1971 3821 2235 3887 Constat
2259 3840 2343 3888 ex
2372 3822 2831 3890 declaratione

590 3936 800 4000 Sacrae
840 3936 1366 4020 congregationis
1406 3936 1672 4003 Concilii
1710 3937 1915 4001 relata
1953 3952 2150 4020 supra
2182 3938 2237 4022 (5
2280 3942 2337 4013 1,
2374 3957 2439 4002 n.
2480 3937 2569 4022 5).
2600 3939 2683 4003 Bt
2732 3940 2831 4005 ita

591 4058 821 4119 tenent
868 4052 1173 4120 doctores
1220 4056 1678 4132 communiter,
1717 4054 1894 4119 inter
1919 4071 2083 4136 quos
2133 4055 2223 4119 sic
2265 4054 2556 4120 Ferraris
2586 4055 2831 4139 (verbo

588 4172 932 4248 Paroclms‚
985 4178 1108 4235 art.
1149 4172 1220 4247 2,
1265 4191 1333 4234 n.
1377 4169 1485 4255 25)
1526 4192 1541 4236 :
1596 4194 1629 4230 «
1664 4172 2067 4237 occurrente
2108 4177 2326 4235 tamen
2372 4188 2564 4235 cansa
2603 4171 2829 4256 aliqua

595 4306 627 4347 a
661 4287 846 4369 gravi
878 4291 948 4350 et
983 4288 1348 4351 necessaria
1380 4286 1599 4352 subito
1627 4285 2011 4364 abcedendi,
2047 4304 2189 4369 quae
2227 4291 2473 4350 tantam
2509 4285 2827 4351 celerita-

592 4425 624 4463 α
660 4411 797 4468 tem
825 4401 1140 4484 requirat,
1168 4407 1242 4465 ut
1290 4420 1416 4466 non
1451 4404 1740 4486 patiatur
1766 4401 2163 4478 dilationem,
2190 4418 2308 4466 seu
2336 4401 2418 4465 sit
2450 4400 2827 4484 pericnlum
