<?xml version="1.0" encoding="UTF-8"?>
<!DOCTYPE html PUBLIC "-//W3C//DTD XHTML 1.0 Transitional//EN"
    "http://www.w3.org/TR/xhtml1/DTD/xhtml1-transitional.dtd">
<html xmlns="http://www.w3.org/1999/xhtml" xml:lang="en" lang="en">
 <head>
  <title>
</title>
<meta http-equiv="Content-Type" content="text/html;charset=utf-8" />
  <meta name='ocr-system' content='tesseract 3.04.00' />
  <meta name='ocr-capabilities' content='ocr_page ocr_carea ocr_par ocr_line ocrx_word'/>
</head>
<body>
  <div class='ocr_page' id='page_1' title='image "./tractatusdeparo00bouigoog_0665.png"; bbox 0 0 3146 4973; ppageno 0'>
   <div class='ocr_carea' id='block_1_1' title="bbox 1165 401 2492 467">
    <p class='ocr_par' dir='ltr' id='par_1_1' title="bbox 1165 401 2492 467">
     <span class='ocr_line' id='line_1_1' title="bbox 1165 401 2492 467; baseline -0.002 -1"><span class='ocrx_word' id='word_1_1' title='bbox 1165 416 1489 467; x_wconf 71' lang='lat' dir='ltr'>APPERDIX</span> <span class='ocrx_word' id='word_1_2' title='bbox 1536 414 1582 463; x_wconf 90' lang='lat'><strong>1.</strong></span> <span class='ocrx_word' id='word_1_3' title='bbox 2363 401 2492 465; x_wconf 81' lang='lat'><strong>653</strong></span> 
     </span>
    </p>
   </div>
   <div class='ocr_carea' id='block_1_2' title="bbox 244 537 2496 4324">
    <p class='ocr_par' dir='ltr' id='par_1_2' title="bbox 250 537 2496 2457">
     <span class='ocr_line' id='line_1_2' title="bbox 262 537 2489 626; baseline -0 -19"><span class='ocrx_word' id='word_1_4' title='bbox 262 546 484 607; x_wconf 87' lang='lat' dir='ltr'><strong>nostra</strong></span> <span class='ocrx_word' id='word_1_5' title='bbox 514 537 842 606; x_wconf 81' lang='lat' dir='ltr'><strong>conclusio</strong></span> <span class='ocrx_word' id='word_1_6' title='bbox 875 540 1115 625; x_wconf 86' lang='lat' dir='ltr'><strong>(supra,</strong></span> <span class='ocrx_word' id='word_1_7' title='bbox 1158 540 1347 625; x_wconf 81' lang='lat' dir='ltr'><strong>parte</strong></span> <span class='ocrx_word' id='word_1_8' title='bbox 1383 547 1452 621; x_wconf 85' lang='lat'><strong>3,</strong></span> <span class='ocrx_word' id='word_1_9' title='bbox 1483 549 1645 608; x_wconf 88' lang='lat' dir='ltr'><strong>sect.</strong></span> <span class='ocrx_word' id='word_1_10' title='bbox 1686 541 1750 619; x_wconf 80' lang='lat'><strong>4,</strong></span> <span class='ocrx_word' id='word_1_11' title='bbox 1791 540 2080 607; x_wconf 86' lang='lat' dir='ltr'><strong>subsect.</strong></span> <span class='ocrx_word' id='word_1_12' title='bbox 2118 543 2180 619; x_wconf 78' lang='lat'><strong>2,</strong></span> <span class='ocrx_word' id='word_1_13' title='bbox 2216 559 2360 624; x_wconf 88' lang='lat' dir='ltr'><strong>cap.</strong></span> <span class='ocrx_word' id='word_1_14' title='bbox 2395 541 2489 626; x_wconf 82' lang='lat'><strong>4).</strong></span> 
     </span>
     <span class='ocr_line' id='line_1_3' title="bbox 263 652 2496 742; baseline 0.001 -22"><span class='ocrx_word' id='word_1_15' title='bbox 263 653 523 738; x_wconf 78' lang='lat' dir='ltr'>Agimus</span> <span class='ocrx_word' id='word_1_16' title='bbox 577 652 917 721; x_wconf 73' lang='lat' dir='ltr'><strong>dumtaxat</strong></span> <span class='ocrx_word' id='word_1_17' title='bbox 970 655 1054 722; x_wconf 90' lang='lat' dir='ltr'><strong>de</strong></span> <span class='ocrx_word' id='word_1_18' title='bbox 1100 658 1357 723; x_wconf 83' lang='lat' dir='ltr'><strong>vicariis</strong></span> <span class='ocrx_word' id='word_1_19' title='bbox 1399 657 1532 742; x_wconf 83' lang='lat' dir='ltr'><strong>qui,</strong></span> <span class='ocrx_word' id='word_1_20' title='bbox 1595 655 1896 741; x_wconf 86' lang='lat' dir='ltr'><strong>parochis</strong></span> <span class='ocrx_word' id='word_1_21' title='bbox 1947 655 2391 727; x_wconf 83' lang='lat' dir='ltr'><strong>residentibus</strong></span> <span class='ocrx_word' id='word_1_22' title='bbox 2425 666 2496 722; x_wconf 88' lang='lat' dir='ltr'><strong>et</strong></span> 
     </span>
     <span class='ocr_line' id='line_1_4' title="bbox 262 769 2492 852; baseline 0.002 -17"><span class='ocrx_word' id='word_1_23' title='bbox 262 769 631 852; x_wconf 79' lang='lat' dir='ltr'><strong>parochiam</strong></span> <span class='ocrx_word' id='word_1_24' title='bbox 689 778 841 836; x_wconf 91' lang='lat' dir='ltr'><strong>actu</strong></span> <span class='ocrx_word' id='word_1_25' title='bbox 894 771 1494 840; x_wconf 77' lang='lat' dir='ltr'><strong>administrantibus</strong></span> <span class='ocrx_word' id='word_1_26' title='bbox 1556 772 1971 838; x_wconf 79' lang='lat' dir='ltr'><strong>auxiliantur.</strong></span> <span class='ocrx_word' id='word_1_27' title='bbox 2031 774 2230 839; x_wconf 86' lang='lat' dir='ltr'><strong>Posse</strong></span> <span class='ocrx_word' id='word_1_28' title='bbox 2272 781 2492 839; x_wconf 88' lang='lat' dir='ltr'><strong>autem</strong></span> 
     </span>
     <span class='ocr_line' id='line_1_5' title="bbox 259 886 2492 974; baseline 0.002 -23"><span class='ocrx_word' id='word_1_29' title='bbox 259 886 343 951; x_wconf 87' lang='lat' dir='ltr'><strong>ab</strong></span> <span class='ocrx_word' id='word_1_30' title='bbox 372 886 704 970; x_wconf 86' lang='lat' dir='ltr'><strong>Episcopis</strong></span> <span class='ocrx_word' id='word_1_31' title='bbox 725 888 869 971; x_wconf 85' lang='lat' dir='ltr'><strong>cogi</strong></span> <span class='ocrx_word' id='word_1_32' title='bbox 896 887 1106 955; x_wconf 82' lang='lat' dir='ltr'><strong>dictos</strong></span> <span class='ocrx_word' id='word_1_33' title='bbox 1130 887 1446 973; x_wconf 82' lang='lat' dir='ltr'><strong>parochos</strong></span> <span class='ocrx_word' id='word_1_34' title='bbox 1474 887 1560 955; x_wconf 88' lang='lat' dir='ltr'><strong>ad</strong></span> <span class='ocrx_word' id='word_1_35' title='bbox 1587 889 1707 953; x_wconf 89' lang='lat' dir='ltr'><strong>sibi</strong></span> <span class='ocrx_word' id='word_1_36' title='bbox 1729 886 2180 974; x_wconf 83' lang='lat' dir='ltr'><strong>adjungendos</strong></span> <span class='ocrx_word' id='word_1_37' title='bbox 2198 897 2300 955; x_wconf 89' lang='lat' dir='ltr'><strong>tot</strong></span> <span class='ocrx_word' id='word_1_38' title='bbox 2326 888 2492 974; x_wconf 85' lang='lat' dir='ltr'><strong>ejus·</strong></span> 
     </span>
     <span class='ocr_line' id='line_1_6' title="bbox 254 1001 2491 1088; baseline 0.002 -21"><span class='ocrx_word' id='word_1_39' title='bbox 254 1001 431 1069; x_wconf 88' lang='lat' dir='ltr'><strong>modi</strong></span> <span class='ocrx_word' id='word_1_40' title='bbox 463 1004 754 1081; x_wconf 84' lang='lat' dir='ltr'><strong>vicarios,</strong></span> <span class='ocrx_word' id='word_1_41' title='bbox 781 1010 942 1088; x_wconf 89' lang='lat' dir='ltr'><strong>quot</strong></span> <span class='ocrx_word' id='word_1_42' title='bbox 962 1008 1312 1070; x_wconf 88' lang='lat' dir='ltr'><strong>necessarii</strong></span> <span class='ocrx_word' id='word_1_43' title='bbox 1343 1012 1496 1071; x_wconf 90' lang='lat' dir='ltr'><strong>sunt</strong></span> <span class='ocrx_word' id='word_1_44' title='bbox 1518 1003 1607 1070; x_wconf 90' lang='lat' dir='ltr'><strong>ad</strong></span> <span class='ocrx_word' id='word_1_45' title='bbox 1635 1012 2041 1070; x_wconf 85' lang='lat' dir='ltr'><strong>sacramenta</strong></span> <span class='ocrx_word' id='word_1_46' title='bbox 2063 1005 2491 1072; x_wconf 88' lang='lat' dir='ltr'><strong>ministranda</strong></span> 
     </span>
     <span class='ocr_line' id='line_1_7' title="bbox 259 1118 2490 1204; baseline 0.002 -20"><span class='ocrx_word' id='word_1_47' title='bbox 259 1126 330 1184; x_wconf 88' lang='lat' dir='ltr'><strong>et</strong></span> <span class='ocrx_word' id='word_1_48' title='bbox 350 1118 641 1184; x_wconf 83' lang='lat' dir='ltr'><strong>divinum</strong></span> <span class='ocrx_word' id='word_1_49' title='bbox 662 1120 909 1185; x_wconf 86' lang='lat' dir='ltr'><strong>cultum</strong></span> <span class='ocrx_word' id='word_1_50' title='bbox 945 1120 1414 1204; x_wconf 82' lang='lat' dir='ltr'><strong>peragendum,</strong></span> <span class='ocrx_word' id='word_1_51' title='bbox 1451 1120 1753 1186; x_wconf 87' lang='lat' dir='ltr'><strong>decrevit</strong></span> <span class='ocrx_word' id='word_1_52' title='bbox 1781 1119 2159 1186; x_wconf 70' lang='lat' dir='ltr'><strong>&#39;tridentina</strong></span> <span class='ocrx_word' id='word_1_53' title='bbox 2198 1120 2490 1204; x_wconf 76' lang='lat' dir='ltr'><strong>synodus</strong></span> 
     </span>
     <span class='ocr_line' id='line_1_8' title="bbox 262 1234 2490 1322; baseline 0.001 -21"><span class='ocrx_word' id='word_1_54' title='bbox 262 1236 442 1322; x_wconf 88' lang='lat' dir='ltr'><strong>(sess.</strong></span> <span class='ocrx_word' id='word_1_55' title='bbox 472 1237 582 1315; x_wconf 82' lang='lat'><strong>21,</strong></span> <span class='ocrx_word' id='word_1_56' title='bbox 606 1255 663 1300; x_wconf 91' lang='lat' dir='ltr'><strong>c.</strong></span> <span class='ocrx_word' id='word_1_57' title='bbox 689 1234 755 1319; x_wconf 77' lang='lat'><strong>4)</strong></span> <span class='ocrx_word' id='word_1_58' title='bbox 789 1258 803 1300; x_wconf 75' lang='grc' dir='ltr'>ε</span> <span class='ocrx_word' id='word_1_59' title='bbox 832 1245 904 1302; x_wconf 89' lang='lat' dir='ltr'><strong>et</strong></span> <span class='ocrx_word' id='word_1_60' title='bbox 932 1235 1018 1301; x_wconf 87' lang='lat' dir='ltr'><strong>ad</strong></span> <span class='ocrx_word' id='word_1_61' title='bbox 1050 1236 1368 1320; x_wconf 84' lang='lat' dir='ltr'><strong>parochos</strong></span> <span class='ocrx_word' id='word_1_62' title='bbox 1396 1239 1571 1320; x_wconf 87' lang='lat' dir='ltr'><strong>ipsos</strong></span> <span class='ocrx_word' id='word_1_63' title='bbox 1599 1238 1935 1320; x_wconf 85' lang='lat' dir='ltr'><strong>pertinere</strong></span> <span class='ocrx_word' id='word_1_64' title='bbox 1971 1235 2283 1303; x_wconf 85' lang='lat' dir='ltr'><strong>horumce</strong></span> <span class='ocrx_word' id='word_1_65' title='bbox 2314 1239 2490 1303; x_wconf 78' lang='lat' dir='ltr'><strong>vica·</strong></span> 
     </span>
     <span class='ocr_line' id='line_1_9' title="bbox 255 1350 2490 1437; baseline 0.002 -23"><span class='ocrx_word' id='word_1_66' title='bbox 255 1351 502 1416; x_wconf 91' lang='lat' dir='ltr'><strong>riorum</strong></span> <span class='ocrx_word' id='word_1_67' title='bbox 541 1350 1044 1416; x_wconf 85' lang='lat' dir='ltr'><strong>nominationem</strong></span> <span class='ocrx_word' id='word_1_68' title='bbox 1090 1352 1475 1437; x_wconf 88' lang='lat' dir='ltr'><strong>(necessaria</strong></span> <span class='ocrx_word' id='word_1_69' title='bbox 1522 1359 1739 1418; x_wconf 86' lang='lat' dir='ltr'><strong>tamen</strong></span> <span class='ocrx_word' id='word_1_70' title='bbox 1768 1359 2146 1418; x_wconf 84' lang='lat' dir='ltr'><strong>remanente</strong></span> <span class='ocrx_word' id='word_1_71' title='bbox 2178 1372 2260 1418; x_wconf 82' lang='lat' dir='ltr'><strong>ex</strong></span> <span class='ocrx_word' id='word_1_72' title='bbox 2297 1360 2490 1435; x_wconf 83' lang='lat' dir='ltr'><strong>parte</strong></span> 
     </span>
     <span class='ocr_line' id='line_1_10' title="bbox 255 1463 2485 1550; baseline 0.002 -21"><span class='ocrx_word' id='word_1_73' title='bbox 255 1464 556 1548; x_wconf 85' lang='lat' dir='ltr'><strong>Episcopi</strong></span> <span class='ocrx_word' id='word_1_74' title='bbox 588 1463 968 1530; x_wconf 89' lang='lat' dir='ltr'><strong>eorumdem</strong></span> <span class='ocrx_word' id='word_1_75' title='bbox 1017 1465 1515 1550; x_wconf 85' lang='lat' dir='ltr'><strong>approbatione)</strong></span> <span class='ocrx_word' id='word_1_76' title='bbox 1564 1485 1762 1550; x_wconf 91' lang='lat' dir='ltr'><strong>supra</strong></span> <span class='ocrx_word' id='word_1_77' title='bbox 1797 1467 2242 1550; x_wconf 84' lang='lat' dir='ltr'><strong>probavimus.</strong></span> <span class='ocrx_word' id='word_1_78' title='bbox 2299 1468 2485 1533; x_wconf 88' lang='lat' dir='ltr'><strong>Nunc</strong></span> 
     </span>
     <span class='ocr_line' id='line_1_11' title="bbox 256 1580 2484 1667; baseline 0.001 -22"><span class='ocrx_word' id='word_1_79' title='bbox 256 1598 414 1664; x_wconf 83' lang='lat' dir='ltr'><strong>ergo</strong></span> <span class='ocrx_word' id='word_1_80' title='bbox 464 1580 731 1665; x_wconf 82' lang='lat' dir='ltr'><strong>quaestio</strong></span> <span class='ocrx_word' id='word_1_81' title='bbox 761 1588 885 1657; x_wconf 88' lang='lat' dir='ltr'><strong>est,</strong></span> <span class='ocrx_word' id='word_1_82' title='bbox 927 1601 1010 1645; x_wconf 91' lang='lat' dir='ltr'><strong>an</strong></span> <span class='ocrx_word' id='word_1_83' title='bbox 1059 1580 1379 1667; x_wconf 85' lang='lat' dir='ltr'><strong>ejusmodi</strong></span> <span class='ocrx_word' id='word_1_84' title='bbox 1433 1583 1737 1658; x_wconf 77' lang='lat' dir='ltr'><strong>vicarius,</strong></span> <span class='ocrx_word' id='word_1_85' title='bbox 1781 1600 1978 1667; x_wconf 88' lang='lat' dir='ltr'><strong>quem</strong></span> <span class='ocrx_word' id='word_1_86' title='bbox 2007 1582 2329 1666; x_wconf 72' lang='lat' dir='ltr'><strong>parochus</strong></span> <span class='ocrx_word' id='word_1_87' title='bbox 2363 1583 2484 1649; x_wconf 89' lang='lat' dir='ltr'><strong>sibi</strong></span> 
     </span>
     <span class='ocr_line' id='line_1_12' title="bbox 255 1694 2484 1781; baseline 0.002 -21"><span class='ocrx_word' id='word_1_88' title='bbox 255 1694 622 1780; x_wconf 86' lang='lat' dir='ltr'><strong>adjutorem</strong></span> <span class='ocrx_word' id='word_1_89' title='bbox 653 1696 1010 1762; x_wconf 83' lang='lat' dir='ltr'><strong>nominavit</strong></span> <span class='ocrx_word' id='word_1_90' title='bbox 1031 1705 1101 1762; x_wconf 89' lang='lat' dir='ltr'><strong>et</strong></span> <span class='ocrx_word' id='word_1_91' title='bbox 1136 1698 1506 1780; x_wconf 86' lang='lat' dir='ltr'><strong>assumpsit,</strong></span> <span class='ocrx_word' id='word_1_92' title='bbox 1558 1698 1762 1780; x_wconf 85' lang='lat' dir='ltr'><strong>possit</strong></span> <span class='ocrx_word' id='word_1_93' title='bbox 1796 1696 1880 1762; x_wconf 90' lang='lat' dir='ltr'><strong>ab</strong></span> <span class='ocrx_word' id='word_1_94' title='bbox 1933 1697 2168 1763; x_wconf 88' lang='lat' dir='ltr'><strong>eodem</strong></span> <span class='ocrx_word' id='word_1_95' title='bbox 2196 1698 2484 1781; x_wconf 81' lang='lat' dir='ltr'><strong>parocho</strong></span> 
     </span>
     <span class='ocr_line' id='line_1_13' title="bbox 256 1811 2483 1898; baseline 0.001 -20"><span class='ocrx_word' id='word_1_96' title='bbox 256 1812 581 1878; x_wconf 81' lang='lat' dir='ltr'><strong>removeri</strong></span> <span class='ocrx_word' id='word_1_97' title='bbox 600 1820 729 1876; x_wconf 77' lang='lat' dir='ltr'><strong>sine</strong></span> <span class='ocrx_word' id='word_1_98' title='bbox 747 1832 928 1877; x_wconf 83' lang='lat' dir='ltr'><strong>causa</strong></span> <span class='ocrx_word' id='word_1_99' title='bbox 946 1815 1023 1875; x_wconf 83' lang='lat' dir='ltr'><strong>ab</strong></span> <span class='ocrx_word' id='word_1_100' title='bbox 1038 1817 1331 1895; x_wconf 78' lang='lat' dir='ltr'><strong>Episcopo</strong></span> <span class='ocrx_word' id='word_1_101' title='bbox 1347 1816 1704 1896; x_wconf 78' lang='lat' dir='ltr'><strong>approbata.</strong></span> <span class='ocrx_word' id='word_1_102' title='bbox 1731 1811 1831 1879; x_wconf 85' lang='lat' dir='ltr'><strong>Ad</strong></span> <span class='ocrx_word' id='word_1_103' title='bbox 1848 1831 2040 1898; x_wconf 90' lang='lat' dir='ltr'><strong>quam</strong></span> <span class='ocrx_word' id='word_1_104' title='bbox 2063 1815 2483 1898; x_wconf 63' lang='lat' dir='ltr'><strong>quaestionem</strong></span> 
     </span>
     <span class='ocr_line' id='line_1_14' title="bbox 253 1926 2484 2011; baseline 0.001 -19"><span class='ocrx_word' id='word_1_105' title='bbox 253 1926 390 1992; x_wconf 77' lang='lat' dir='ltr'><strong>sive</strong></span> <span class='ocrx_word' id='word_1_106' title='bbox 413 1926 816 2005; x_wconf 78' lang='lat' dir='ltr'><strong>affirmative,</strong></span> <span class='ocrx_word' id='word_1_107' title='bbox 850 1928 986 1994; x_wconf 87' lang='lat' dir='ltr'><strong>sive</strong></span> <span class='ocrx_word' id='word_1_108' title='bbox 1019 1930 1320 2011; x_wconf 80' lang='lat' dir='ltr'><strong>negative</strong></span> <span class='ocrx_word' id='word_1_109' title='bbox 1349 1927 1754 2004; x_wconf 87' lang='lat' dir='ltr'><strong>solvendam,</strong></span> <span class='ocrx_word' id='word_1_110' title='bbox 1797 1937 1899 1994; x_wconf 90' lang='lat' dir='ltr'><strong>sat</strong></span> <span class='ocrx_word' id='word_1_111' title='bbox 1928 1928 2209 1995; x_wconf 88' lang='lat' dir='ltr'><strong>solidum</strong></span> <span class='ocrx_word' id='word_1_112' title='bbox 2247 1927 2484 1995; x_wconf 89' lang='lat' dir='ltr'><strong>funda-</strong></span> 
     </span>
     <span class='ocr_line' id='line_1_15' title="bbox 253 2040 2480 2127; baseline 0.002 -21"><span class='ocrx_word' id='word_1_113' title='bbox 253 2049 547 2108; x_wconf 86' lang='lat' dir='ltr'><strong>mentum</strong></span> <span class='ocrx_word' id='word_1_114' title='bbox 594 2060 717 2125; x_wconf 82' lang='lat' dir='ltr'><strong>ego</strong></span> <span class='ocrx_word' id='word_1_115' title='bbox 752 2040 1043 2109; x_wconf 89' lang='lat' dir='ltr'><strong>nondum</strong></span> <span class='ocrx_word' id='word_1_116' title='bbox 1082 2043 1514 2127; x_wconf 85' lang='lat' dir='ltr'><strong>introspicere</strong></span> <span class='ocrx_word' id='word_1_117' title='bbox 1564 2046 1774 2127; x_wconf 89' lang='lat' dir='ltr'><strong>potui.</strong></span> <span class='ocrx_word' id='word_1_118' title='bbox 1810 2045 2026 2126; x_wconf 86' lang='lat' dir='ltr'><strong>Quare</strong></span> <span class='ocrx_word' id='word_1_119' title='bbox 2074 2042 2480 2111; x_wconf 87' lang='lat' dir='ltr'><strong>doctioribus</strong></span> 
     </span>
     <span class='ocr_line' id='line_1_16' title="bbox 250 2157 2491 2246; baseline 0.002 -24"><span class='ocrx_word' id='word_1_120' title='bbox 250 2157 321 2223; x_wconf 90' lang='lat' dir='ltr'><strong>id</strong></span> <span class='ocrx_word' id='word_1_121' title='bbox 359 2157 837 2226; x_wconf 85' lang='lat' dir='ltr'><strong>enucleandum</strong></span> <span class='ocrx_word' id='word_1_122' title='bbox 884 2160 1278 2245; x_wconf 89' lang='lat' dir='ltr'><strong>relinquens,</strong></span> <span class='ocrx_word' id='word_1_123' title='bbox 1340 2160 1673 2245; x_wconf 84' lang='lat' dir='ltr'><strong>subjiciam</strong></span> <span class='ocrx_word' id='word_1_124' title='bbox 1728 2158 2090 2237; x_wconf 79' lang='lat' dir='ltr'><strong>dumtaxat,</strong></span> <span class='ocrx_word' id='word_1_125' title='bbox 2147 2165 2288 2227; x_wconf 89' lang='lat' dir='ltr'><strong>tum</strong></span> <span class='ocrx_word' id='word_1_126' title='bbox 2335 2179 2491 2246; x_wconf 57' lang='lat' dir='ltr'><strong>qua*</strong></span> 
     </span>
     <span class='ocr_line' id='line_1_17' title="bbox 253 2273 2482 2361; baseline 0.001 -21"><span class='ocrx_word' id='word_1_127' title='bbox 253 2273 647 2341; x_wconf 83' lang='lat' dir='ltr'><strong>affirmativae</strong></span> <span class='ocrx_word' id='word_1_128' title='bbox 677 2277 1038 2354; x_wconf 82' lang='lat' dir='ltr'><strong>sententiae,</strong></span> <span class='ocrx_word' id='word_1_129' title='bbox 1076 2284 1218 2342; x_wconf 88' lang='lat' dir='ltr'><strong>tum</strong></span> <span class='ocrx_word' id='word_1_130' title='bbox 1246 2276 1439 2343; x_wconf 88' lang='lat' dir='ltr'><strong>etiam</strong></span> <span class='ocrx_word' id='word_1_131' title='bbox 1471 2295 1615 2360; x_wconf 81' lang='lat' dir='ltr'><strong>quoe</strong></span> <span class='ocrx_word' id='word_1_132' title='bbox 1643 2277 1957 2360; x_wconf 82' lang='lat' dir='ltr'><strong>negativae</strong></span> <span class='ocrx_word' id='word_1_133' title='bbox 1988 2275 2211 2341; x_wconf 81' lang='lat' dir='ltr'><strong>favere</strong></span> <span class='ocrx_word' id='word_1_134' title='bbox 2238 2276 2482 2361; x_wconf 84' lang='lat' dir='ltr'><strong>aliqua-</strong></span> 
     </span>
     <span class='ocr_line' id='line_1_18' title="bbox 252 2390 815 2457; baseline 0 -1"><span class='ocrx_word' id='word_1_135' title='bbox 252 2397 449 2457; x_wconf 71' lang='lat' dir='ltr'><strong>tenm</strong></span> <span class='ocrx_word' id='word_1_136' title='bbox 474 2390 611 2456; x_wconf 80' lang='lat' dir='ltr'><strong>visa</strong></span> <span class='ocrx_word' id='word_1_137' title='bbox 637 2396 815 2456; x_wconf 89' lang='lat' dir='ltr'><strong>sunt.</strong></span> 
     </span>
    </p>

    <p class='ocr_par' dir='ltr' id='par_1_3' title="bbox 244 2504 2484 4324">
     <span class='ocr_line' id='line_1_19' title="bbox 344 2504 2484 2591; baseline 0 -19"><span class='ocrx_word' id='word_1_138' title='bbox 344 2509 396 2572; x_wconf 90' lang='grc' dir='ltr'><strong>Ι.</strong></span> <span class='ocrx_word' id='word_1_139' title='bbox 432 2511 558 2572; x_wconf 87' lang='lat' dir='ltr'><strong>Pro</strong></span> <span class='ocrx_word' id='word_1_140' title='bbox 585 2513 883 2571; x_wconf 75' lang='lat' dir='ltr'><strong>sententia</strong></span> <span class='ocrx_word' id='word_1_141' title='bbox 908 2507 1305 2587; x_wconf 75' lang='lat' dir='ltr'><strong>affirmativa.</strong></span> <span class='ocrx_word' id='word_1_142' title='bbox 1339 2542 1430 2555; x_wconf 93' lang='lat'><em>-</em></span> <span class='ocrx_word' id='word_1_143' title='bbox 1451 2507 1701 2590; x_wconf 81' lang='lat' dir='ltr'><strong>Nempe</strong></span> <span class='ocrx_word' id='word_1_144' title='bbox 1730 2504 1911 2591; x_wconf 82' lang='lat' dir='ltr'><strong>quod</strong></span> <span class='ocrx_word' id='word_1_145' title='bbox 1938 2508 2141 2590; x_wconf 61' lang='lat' dir='ltr'><strong>posffit</strong></span> <span class='ocrx_word' id='word_1_146' title='bbox 2164 2506 2484 2590; x_wconf 81' lang='lat' dir='ltr'><strong>parochus</strong></span> 
     </span>
     <span class='ocr_line' id='line_1_20' title="bbox 249 2620 2474 2704; baseline -0 -16"><span class='ocrx_word' id='word_1_147' title='bbox 249 2622 564 2688; x_wconf 79' lang='lat' dir='ltr'><strong>vicarium</strong></span> <span class='ocrx_word' id='word_1_148' title='bbox 589 2641 805 2702; x_wconf 90' lang='lat' dir='ltr'><strong>suum,</strong></span> <span class='ocrx_word' id='word_1_149' title='bbox 834 2623 970 2687; x_wconf 89' lang='lat' dir='ltr'><strong>sine</strong></span> <span class='ocrx_word' id='word_1_150' title='bbox 994 2640 1185 2687; x_wconf 89' lang='lat' dir='ltr'><strong>causa</strong></span> <span class='ocrx_word' id='word_1_151' title='bbox 1209 2620 1292 2686; x_wconf 89' lang='lat' dir='ltr'><strong>ab</strong></span> <span class='ocrx_word' id='word_1_152' title='bbox 1321 2621 1641 2704; x_wconf 88' lang='lat' dir='ltr'><strong>Episcopo</strong></span> <span class='ocrx_word' id='word_1_153' title='bbox 1670 2620 2053 2704; x_wconf 85' lang='lat' dir='ltr'><strong>approbata,</strong></span> <span class='ocrx_word' id='word_1_154' title='bbox 2088 2638 2430 2687; x_wconf 86' lang='lat' dir='ltr'><strong>removere</strong></span> <span class='ocrx_word' id='word_1_155' title='bbox 2459 2644 2474 2687; x_wconf 78' lang='lat' dir='ltr'><em>z</em></span> 
     </span>
     <span class='ocr_line' id='line_1_21' title="bbox 256 2736 2483 2823; baseline -0.001 -20"><span class='ocrx_word' id='word_1_156' title='bbox 256 2743 327 2803; x_wconf 85' lang='lat'><strong>1⁰</strong></span> <span class='ocrx_word' id='word_1_157' title='bbox 360 2740 429 2803; x_wconf 89' lang='lat' dir='ltr'><strong>in</strong></span> <span class='ocrx_word' id='word_1_158' title='bbox 463 2745 640 2805; x_wconf 87' lang='lat' dir='ltr'><strong>tomo</strong></span> <span class='ocrx_word' id='word_1_159' title='bbox 678 2742 716 2804; x_wconf 84' lang='lat'><strong>3</strong></span> <span class='ocrx_word' id='word_1_160' title='bbox 750 2740 1040 2803; x_wconf 72' lang='lat' dir='ltr'><strong>Thesauri</strong></span> <span class='ocrx_word' id='word_1_161' title='bbox 1087 2740 1514 2802; x_wconf 76' lang='lat' dir='ltr'><strong>resolutionum</strong></span> <span class='ocrx_word' id='word_1_162' title='bbox 1547 2737 1805 2823; x_wconf 80' lang='lat' dir='ltr'><strong>(pagina</strong></span> <span class='ocrx_word' id='word_1_163' title='bbox 1857 2739 2009 2815; x_wconf 80' lang='lat'><strong>229,</strong></span> <span class='ocrx_word' id='word_1_164' title='bbox 2054 2736 2214 2804; x_wconf 88' lang='lat' dir='ltr'><strong>edit.</strong></span> <span class='ocrx_word' id='word_1_165' title='bbox 2267 2740 2483 2802; x_wconf 77' lang='lat' dir='ltr'><strong>Urbini</strong></span> 
     </span>
     <span class='ocr_line' id='line_1_22' title="bbox 255 2853 2482 2940; baseline -0.002 -20"><span class='ocrx_word' id='word_1_166' title='bbox 255 2854 479 2940; x_wconf 82' lang='lat'><strong>1739),</strong></span> <span class='ocrx_word' id='word_1_167' title='bbox 532 2855 822 2921; x_wconf 87' lang='lat' dir='ltr'><strong>occurrit</strong></span> <span class='ocrx_word' id='word_1_168' title='bbox 873 2854 1186 2937; x_wconf 89' lang='lat' dir='ltr'><strong>ipsissima</strong></span> <span class='ocrx_word' id='word_1_169' title='bbox 1223 2871 1510 2938; x_wconf 81' lang='lat' dir='ltr'><strong>proesens</strong></span> <span class='ocrx_word' id='word_1_170' title='bbox 1547 2854 1820 2938; x_wconf 77' lang='lat' dir='ltr'><strong>quaestio</strong></span> <span class='ocrx_word' id='word_1_171' title='bbox 1870 2853 2077 2919; x_wconf 79' lang='lat' dir='ltr'><strong>Sacrae</strong></span> <span class='ocrx_word' id='word_1_172' title='bbox 2120 2853 2482 2938; x_wconf 79' lang='lat' dir='ltr'><strong>congrega·</strong></span> 
     </span>
     <span class='ocr_line' id='line_1_23' title="bbox 244 2970 2480 3053; baseline -0 -17"><span class='ocrx_word' id='word_1_173' title='bbox 244 2972 411 3036; x_wconf 87' lang='lat' dir='ltr'><strong>tioni</strong></span> <span class='ocrx_word' id='word_1_174' title='bbox 454 2971 717 3036; x_wconf 82' lang='lat' dir='ltr'><strong>concilii</strong></span> <span class='ocrx_word' id='word_1_175' title='bbox 763 2970 1024 3052; x_wconf 81' lang='lat' dir='ltr'><strong>delata3</strong></span> <span class='ocrx_word' id='word_1_176' title='bbox 1074 2970 1141 3033; x_wconf 93' lang='lat' dir='ltr'><strong>in</strong></span> <span class='ocrx_word' id='word_1_177' title='bbox 1191 2988 1385 3035; x_wconf 87' lang='lat' dir='ltr'><strong>causa</strong></span> <span class='ocrx_word' id='word_1_178' title='bbox 1436 2987 1672 3053; x_wconf 86' lang='lat' dir='ltr'><strong>nempe</strong></span> <span class='ocrx_word' id='word_1_179' title='bbox 1715 2972 2024 3045; x_wconf 71' lang='lat' dir='ltr'><strong>Toletum,</strong></span> <span class='ocrx_word' id='word_1_180' title='bbox 2087 2971 2166 3034; x_wconf 81' lang='lat'><strong>15</strong></span> <span class='ocrx_word' id='word_1_181' title='bbox 2212 2987 2480 3035; x_wconf 78' lang='lat' dir='ltr'><strong>novem-</strong></span> 
     </span>
     <span class='ocr_line' id='line_1_24' title="bbox 246 3083 2474 3171; baseline -0.001 -19"><span class='ocrx_word' id='word_1_182' title='bbox 246 3085 389 3152; x_wconf 88' lang='lat' dir='ltr'><strong>bris</strong></span> <span class='ocrx_word' id='word_1_183' title='bbox 438 3089 629 3165; x_wconf 79' lang='lat'><strong>1725,</strong></span> <span class='ocrx_word' id='word_1_184' title='bbox 688 3103 832 3171; x_wconf 80' lang='lat' dir='ltr'><strong>quae</strong></span> <span class='ocrx_word' id='word_1_185' title='bbox 869 3087 962 3151; x_wconf 91' lang='lat' dir='ltr'><strong>sic</strong></span> <span class='ocrx_word' id='word_1_186' title='bbox 1002 3104 1072 3151; x_wconf 90' lang='lat' dir='ltr'><strong>se</strong></span> <span class='ocrx_word' id='word_1_187' title='bbox 1108 3083 1354 3150; x_wconf 85' lang='lat' dir='ltr'><strong>babet:</strong></span> <span class='ocrx_word' id='word_1_188' title='bbox 1396 3106 1428 3145; x_wconf 70' lang='grc' dir='ltr'><strong>ε(</strong></span> <span class='ocrx_word' id='word_1_189' title='bbox 1462 3083 1779 3150; x_wconf 80' lang='lat' dir='ltr'><strong>Martinus</strong></span> <span class='ocrx_word' id='word_1_190' title='bbox 1839 3084 2118 3150; x_wconf 85' lang='lat' dir='ltr'><strong>Clavero</strong></span> <span class='ocrx_word' id='word_1_191' title='bbox 2174 3083 2474 3162; x_wconf 75' lang='lat' dir='ltr'><strong>corbeia,</strong></span> 
     </span>
     <span class='ocr_line' id='line_1_25' title="bbox 254 3198 2475 3284; baseline -0.002 -16"><span class='ocrx_word' id='word_1_192' title='bbox 254 3227 286 3261; x_wconf 73' lang='grc' dir='ltr'><strong>«ι</strong></span> <span class='ocrx_word' id='word_1_193' title='bbox 322 3202 645 3284; x_wconf 85' lang='lat' dir='ltr'><strong>parochus</strong></span> <span class='ocrx_word' id='word_1_194' title='bbox 687 3201 975 3267; x_wconf 83' lang='lat' dir='ltr'><strong>ecclesiae</strong></span> <span class='ocrx_word' id='word_1_195' title='bbox 1017 3207 1258 3265; x_wconf 85' lang='lat' dir='ltr'><strong>curatoe</strong></span> <span class='ocrx_word' id='word_1_196' title='bbox 1308 3199 1557 3266; x_wconf 65' lang='lat' dir='ltr'><strong>Sanctae</strong></span> <span class='ocrx_word' id='word_1_197' title='bbox 1590 3198 1815 3265; x_wconf 87' lang='lat' dir='ltr'><strong>Crucis</strong></span> <span class='ocrx_word' id='word_1_198' title='bbox 1851 3199 2020 3264; x_wconf 79' lang='lat' dir='ltr'><strong>villoe</strong></span> <span class='ocrx_word' id='word_1_199' title='bbox 2062 3199 2475 3276; x_wconf 78' lang='lat' dir='ltr'><strong>Matritensis,</strong></span> 
     </span>
     <span class='ocr_line' id='line_1_26' title="bbox 251 3313 2479 3398; baseline 0.001 -20"><span class='ocrx_word' id='word_1_200' title='bbox 251 3341 285 3378; x_wconf 71' lang='lat' dir='ltr'><strong>a</strong></span> <span class='ocrx_word' id='word_1_201' title='bbox 330 3315 649 3382; x_wconf 84' lang='lat' dir='ltr'><strong>Toletanoe</strong></span> <span class='ocrx_word' id='word_1_202' title='bbox 692 3313 1009 3394; x_wconf 77' lang='lat' dir='ltr'><strong>dioecesiS,</strong></span> <span class='ocrx_word' id='word_1_203' title='bbox 1047 3314 1246 3396; x_wconf 86' lang='lat' dir='ltr'><strong>coepit</strong></span> <span class='ocrx_word' id='word_1_204' title='bbox 1297 3313 1766 3396; x_wconf 89' lang='lat' dir='ltr'><strong>possessionem</strong></span> <span class='ocrx_word' id='word_1_205' title='bbox 1796 3331 1929 3378; x_wconf 83' lang='lat' dir='ltr'><strong>suae</strong></span> <span class='ocrx_word' id='word_1_206' title='bbox 1961 3313 2376 3398; x_wconf 87' lang='lat' dir='ltr'><strong>parochialis;</strong></span> <span class='ocrx_word' id='word_1_207' title='bbox 2411 3322 2479 3381; x_wconf 89' lang='lat' dir='ltr'><strong>et</strong></span> 
     </span>
     <span class='ocr_line' id='line_1_27' title="bbox 254 3429 2480 3517; baseline 0 -22"><span class='ocrx_word' id='word_1_208' title='bbox 254 3456 287 3495; x_wconf 76' lang='grc' dir='ltr'><strong>α</strong></span> <span class='ocrx_word' id='word_1_209' title='bbox 331 3432 399 3497; x_wconf 93' lang='lat' dir='ltr'><strong>in</strong></span> <span class='ocrx_word' id='word_1_210' title='bbox 425 3451 614 3498; x_wconf 89' lang='lat' dir='ltr'><strong>suum</strong></span> <span class='ocrx_word' id='word_1_211' title='bbox 644 3430 1015 3517; x_wconf 86' lang='lat' dir='ltr'><strong>adjutorem</strong></span> <span class='ocrx_word' id='word_1_212' title='bbox 1051 3430 1367 3514; x_wconf 87' lang='lat' dir='ltr'><strong>assumpit</strong></span> <span class='ocrx_word' id='word_1_213' title='bbox 1402 3447 1523 3512; x_wconf 91' lang='lat' dir='ltr'><strong>pro</strong></span> <span class='ocrx_word' id='word_1_214' title='bbox 1560 3429 1878 3495; x_wconf 79' lang='lat' dir='ltr'><strong>exercitio</strong></span> <span class='ocrx_word' id='word_1_215' title='bbox 1908 3448 2082 3495; x_wconf 84' lang='lat' dir='ltr'><strong>curae</strong></span> <span class='ocrx_word' id='word_1_216' title='bbox 2121 3431 2480 3496; x_wconf 89' lang='lat' dir='ltr'><strong>animarum</strong></span> 
     </span>
     <span class='ocr_line' id='line_1_28' title="bbox 251 3543 2472 3631; baseline 0 -20"><span class='ocrx_word' id='word_1_217' title='bbox 251 3571 285 3611; x_wconf 80' lang='lat' dir='ltr'><strong>t(</strong></span> <span class='ocrx_word' id='word_1_218' title='bbox 328 3545 735 3615; x_wconf 87' lang='lat' dir='ltr'><strong>sacerdotem</strong></span> <span class='ocrx_word' id='word_1_219' title='bbox 769 3549 1086 3613; x_wconf 87' lang='lat' dir='ltr'><strong>Joannem</strong></span> <span class='ocrx_word' id='word_1_220' title='bbox 1123 3546 1421 3623; x_wconf 81' lang='lat' dir='ltr'><strong>Alvarez,</strong></span> <span class='ocrx_word' id='word_1_221' title='bbox 1471 3545 1554 3612; x_wconf 88' lang='lat' dir='ltr'><strong>ab</strong></span> <span class='ocrx_word' id='word_1_222' title='bbox 1607 3543 1955 3612; x_wconf 82' lang='lat' dir='ltr'><strong>ordinario</strong></span> <span class='ocrx_word' id='word_1_223' title='bbox 1994 3545 2427 3631; x_wconf 85' lang='lat' dir='ltr'><strong>approbatum</strong></span> <span class='ocrx_word' id='word_1_224' title='bbox 2458 3569 2472 3612; x_wconf 91' lang='lat'>:</span> 
     </span>
     <span class='ocr_line' id='line_1_29' title="bbox 251 3660 2474 3744; baseline 0 -15"><span class='ocrx_word' id='word_1_225' title='bbox 251 3688 289 3728; x_wconf 71' lang='grc' dir='ltr'>α</span> <span class='ocrx_word' id='word_1_226' title='bbox 320 3672 393 3730; x_wconf 91' lang='lat' dir='ltr'><strong>et</strong></span> <span class='ocrx_word' id='word_1_227' title='bbox 418 3664 655 3730; x_wconf 87' lang='lat' dir='ltr'><strong>electio</strong></span> <span class='ocrx_word' id='word_1_228' title='bbox 682 3669 752 3729; x_wconf 90' lang='lat' dir='ltr'><strong>et</strong></span> <span class='ocrx_word' id='word_1_229' title='bbox 770 3662 1174 3730; x_wconf 82' lang='lat' dir='ltr'><strong>confirmatio</strong></span> <span class='ocrx_word' id='word_1_230' title='bbox 1193 3661 1456 3744; x_wconf 84' lang='lat' dir='ltr'><strong>expleta</strong></span> <span class='ocrx_word' id='word_1_231' title='bbox 1483 3660 1614 3726; x_wconf 84' lang='lat' dir='ltr'><strong>fuit</strong></span> <span class='ocrx_word' id='word_1_232' title='bbox 1637 3660 1761 3726; x_wconf 90' lang='lat' dir='ltr'><strong>sub</strong></span> <span class='ocrx_word' id='word_1_233' title='bbox 1781 3660 2054 3727; x_wconf 87' lang='lat' dir='ltr'><strong>litterali</strong></span> <span class='ocrx_word' id='word_1_234' title='bbox 2077 3661 2474 3741; x_wconf 87' lang='lat' dir='ltr'><strong>conditione,</strong></span> 
     </span>
     <span class='ocr_line' id='line_1_30' title="bbox 251 3777 2477 3866; baseline 0 -22"><span class='ocrx_word' id='word_1_235' title='bbox 251 3804 285 3844; x_wconf 77' lang='grc' dir='ltr'>α</span> <span class='ocrx_word' id='word_1_236' title='bbox 324 3779 506 3866; x_wconf 88' lang='lat' dir='ltr'><strong>quod</strong></span> <span class='ocrx_word' id='word_1_237' title='bbox 536 3787 710 3847; x_wconf 88' lang='lat' dir='ltr'><strong>esset</strong></span> <span class='ocrx_word' id='word_1_238' title='bbox 734 3779 1050 3846; x_wconf 87' lang='lat' dir='ltr'><strong>duratura</strong></span> <span class='ocrx_word' id='word_1_239' title='bbox 1070 3782 1153 3843; x_wconf 83' lang='lat' dir='ltr'><strong>ad</strong></span> <span class='ocrx_word' id='word_1_240' title='bbox 1182 3797 1409 3841; x_wconf 77' lang='lat' dir='ltr'><strong>merum</strong></span> <span class='ocrx_word' id='word_1_241' title='bbox 1430 3778 1686 3860; x_wconf 69' lang='lat' dir='ltr'><strong>parochi</strong></span> <span class='ocrx_word' id='word_1_242' title='bbox 1705 3780 2156 3860; x_wconf 74' lang='lat' dir='ltr'><strong>beneplacitwn.</strong></span> <span class='ocrx_word' id='word_1_243' title='bbox 2186 3777 2477 3863; x_wconf 87' lang='lat' dir='ltr'><strong>Cumque</strong></span> 
     </span>
     <span class='ocr_line' id='line_1_31' title="bbox 250 3890 2478 3981; baseline -0.001 -19"><span class='ocrx_word' id='word_1_244' title='bbox 250 3923 284 3962; x_wconf 69' lang='grc' dir='ltr'>α</span> <span class='ocrx_word' id='word_1_245' title='bbox 320 3904 541 3965; x_wconf 86' lang='lat' dir='ltr'><strong>tractu</strong></span> <span class='ocrx_word' id='word_1_246' title='bbox 579 3898 891 3981; x_wconf 87' lang='lat' dir='ltr'><strong>temporis</strong></span> <span class='ocrx_word' id='word_1_247' title='bbox 930 3901 1332 3962; x_wconf 87' lang='lat' dir='ltr'><strong>memoratus</strong></span> <span class='ocrx_word' id='word_1_248' title='bbox 1369 3893 1704 3970; x_wconf 84' lang='lat' dir='ltr'><strong>Martinus,</strong></span> <span class='ocrx_word' id='word_1_249' title='bbox 1730 3892 2101 3975; x_wconf 76' lang='lat' dir='ltr'><strong>significatis</strong></span> <span class='ocrx_word' id='word_1_250' title='bbox 2136 3911 2255 3959; x_wconf 90' lang='lat' dir='ltr'><strong>suo</strong></span> <span class='ocrx_word' id='word_1_251' title='bbox 2288 3890 2478 3960; x_wconf 90' lang='lat' dir='ltr'><strong>Ordi-</strong></span> 
     </span>
     <span class='ocr_line' id='line_1_32' title="bbox 250 4006 2480 4094; baseline -0.002 -17"><span class='ocrx_word' id='word_1_252' title='bbox 250 4037 285 4077; x_wconf 76' lang='lat'>«</span> <span class='ocrx_word' id='word_1_253' title='bbox 314 4016 500 4080; x_wconf 82' lang='lat' dir='ltr'><strong>nario</strong></span> <span class='ocrx_word' id='word_1_254' title='bbox 526 4012 756 4089; x_wconf 88' lang='lat' dir='ltr'><strong>causis,</strong></span> <span class='ocrx_word' id='word_1_255' title='bbox 805 4028 947 4094; x_wconf 83' lang='lat' dir='ltr'><strong>quoe</strong></span> <span class='ocrx_word' id='word_1_256' title='bbox 989 4011 1205 4093; x_wconf 88' lang='lat' dir='ltr'><strong>ipsum</strong></span> <span class='ocrx_word' id='word_1_257' title='bbox 1252 4006 1337 4072; x_wconf 87' lang='lat' dir='ltr'><strong>ad</strong></span> <span class='ocrx_word' id='word_1_258' title='bbox 1369 4006 1493 4071; x_wconf 90' lang='lat' dir='ltr'><strong>hoc</strong></span> <span class='ocrx_word' id='word_1_259' title='bbox 1541 4006 1966 4090; x_wconf 88' lang='lat' dir='ltr'><strong>impulerunt,</strong></span> <span class='ocrx_word' id='word_1_260' title='bbox 2012 4008 2480 4073; x_wconf 77' lang='lat' dir='ltr'><strong>existimaverit</strong></span> 
     </span>
     <span class='ocr_line' id='line_1_33' title="bbox 251 4122 2479 4201; baseline 0.001 -13"><span class='ocrx_word' id='word_1_261' title='bbox 251 4157 281 4188; x_wconf 83' lang='grc'><strong>«</strong></span> <span class='ocrx_word' id='word_1_262' title='bbox 328 4129 530 4195; x_wconf 89' lang='lat' dir='ltr'><strong>alium</strong></span> <span class='ocrx_word' id='word_1_263' title='bbox 566 4125 976 4194; x_wconf 88' lang='lat' dir='ltr'><strong>sacerdotem</strong></span> <span class='ocrx_word' id='word_1_264' title='bbox 1023 4126 1167 4193; x_wconf 94' lang='lat' dir='ltr'><strong>loco</strong></span> <span class='ocrx_word' id='word_1_265' title='bbox 1212 4127 1247 4191; x_wconf 90' lang='lat' dir='ltr'>J</span> <span class='ocrx_word' id='word_1_266' title='bbox 1251 4124 1473 4190; x_wconf 91' lang='lat' dir='ltr'><strong>oannis</strong></span> <span class='ocrx_word' id='word_1_267' title='bbox 1507 4122 1905 4189; x_wconf 88' lang='lat' dir='ltr'><strong>substituere</strong></span> <span class='ocrx_word' id='word_1_268' title='bbox 1921 4171 1938 4201; x_wconf 93' lang='lat'><strong>,</strong></span> <span class='ocrx_word' id='word_1_269' title='bbox 1976 4122 2237 4190; x_wconf 89' lang='lat' dir='ltr'><strong>habitus</strong></span> <span class='ocrx_word' id='word_1_270' title='bbox 2279 4124 2406 4191; x_wconf 88' lang='lat' dir='ltr'><strong>fuit</strong></span> <span class='ocrx_word' id='word_1_271' title='bbox 2439 4144 2479 4191; x_wconf 90' lang='lat' dir='ltr'><strong>a</strong></span> 
     </span>
     <span class='ocr_line' id='line_1_34' title="bbox 252 4237 2478 4324; baseline -0.001 -16"><span class='ocrx_word' id='word_1_272' title='bbox 252 4269 286 4308; x_wconf 74' lang='grc' dir='ltr'><strong>α</strong></span> <span class='ocrx_word' id='word_1_273' title='bbox 327 4245 575 4310; x_wconf 84' lang='lat' dir='ltr'><strong>Joaune</strong></span> <span class='ocrx_word' id='word_1_274' title='bbox 606 4260 913 4310; x_wconf 89' lang='lat' dir='ltr'><strong>recursus</strong></span> <span class='ocrx_word' id='word_1_275' title='bbox 935 4240 1021 4308; x_wconf 86' lang='lat' dir='ltr'><strong>ad</strong></span> <span class='ocrx_word' id='word_1_276' title='bbox 1036 4240 1478 4318; x_wconf 87' lang='lat' dir='ltr'><strong>Ordinarium‚</strong></span> <span class='ocrx_word' id='word_1_277' title='bbox 1510 4238 1633 4305; x_wconf 89' lang='lat' dir='ltr'><strong>sub</strong></span> <span class='ocrx_word' id='word_1_278' title='bbox 1660 4238 1937 4305; x_wconf 88' lang='lat' dir='ltr'><strong>obtentu</strong></span> <span class='ocrx_word' id='word_1_279' title='bbox 1966 4237 2145 4324; x_wconf 87' lang='lat' dir='ltr'><strong>quod</strong></span> <span class='ocrx_word' id='word_1_280' title='bbox 2177 4239 2315 4305; x_wconf 90' lang='lat' dir='ltr'><strong>sine</strong></span> <span class='ocrx_word' id='word_1_281' title='bbox 2342 4240 2478 4306; x_wconf 90' lang='lat' dir='ltr'><strong>ulla</strong></span> 
     </span>
    </p>
   </div>
   <div class='ocr_carea' id='block_1_3' title="bbox 100 4345 2478 4444">
    <p class='ocr_par' dir='ltr' id='par_1_4' title="bbox 100 4345 2478 4444">
     <span class='ocr_line' id='line_1_35' title="bbox 100 4345 2478 4444; baseline -0.002 -18"><span class='ocrx_word' id='word_1_282' title='bbox 100 4345 125 4360; x_wconf 81' lang='grc'><em>“</em></span> <span class='ocrx_word' id='word_1_283' title='bbox 253 4385 287 4426; x_wconf 78' lang='grc' dir='ltr'><em>α</em></span> <span class='ocrx_word' id='word_1_284' title='bbox 324 4378 531 4426; x_wconf 83' lang='lat' dir='ltr'><strong>causoe</strong></span> <span class='ocrx_word' id='word_1_285' title='bbox 576 4359 990 4444; x_wconf 83' lang='lat' dir='ltr'><strong>expressione</strong></span> <span class='ocrx_word' id='word_1_286' title='bbox 1030 4358 1252 4425; x_wconf 80' lang='lat' dir='ltr'><strong>fuerat</strong></span> <span class='ocrx_word' id='word_1_287' title='bbox 1286 4377 1324 4423; x_wconf 91' lang='lat' dir='ltr'><strong>a</strong></span> <span class='ocrx_word' id='word_1_288' title='bbox 1355 4373 1475 4421; x_wconf 94' lang='lat' dir='ltr'><strong>suo</strong></span> <span class='ocrx_word' id='word_1_289' title='bbox 1518 4354 1726 4421; x_wconf 87' lang='lat' dir='ltr'><strong>officio</strong></span> <span class='ocrx_word' id='word_1_290' title='bbox 1755 4363 2089 4437; x_wconf 85' lang='lat' dir='ltr'><strong>remotus3</strong></span> <span class='ocrx_word' id='word_1_291' title='bbox 2132 4363 2203 4422; x_wconf 88' lang='lat' dir='ltr'><strong>et</strong></span> <span class='ocrx_word' id='word_1_292' title='bbox 2243 4356 2478 4421; x_wconf 88' lang='lat' dir='ltr'><strong>institit</strong></span> 
     </span>
    </p>
   </div>
   <div class='ocr_carea' id='block_1_4' title="bbox 247 4470 2478 4565">
    <p class='ocr_par' dir='ltr' id='par_1_5' title="bbox 247 4470 2478 4565">
     <span class='ocr_line' id='line_1_36' title="bbox 247 4470 2478 4565; baseline -0.003 -20"><span class='ocrx_word' id='word_1_293' title='bbox 247 4504 283 4545; x_wconf 78' lang='grc' dir='ltr'>α</span> <span class='ocrx_word' id='word_1_294' title='bbox 323 4496 444 4565; x_wconf 90' lang='lat' dir='ltr'><strong>pro</strong></span> <span class='ocrx_word' id='word_1_295' title='bbox 480 4477 1007 4562; x_wconf 83' lang='lat' dir='ltr'><strong>reintegratione.</strong></span> <span class='ocrx_word' id='word_1_296' title='bbox 1044 4473 1169 4544; x_wconf 89' lang='lat' dir='ltr'><strong>Sed</strong></span> <span class='ocrx_word' id='word_1_297' title='bbox 1211 4492 1360 4540; x_wconf 91' lang='lat' dir='ltr'><strong>cum</strong></span> <span class='ocrx_word' id='word_1_298' title='bbox 1411 4474 1475 4538; x_wconf 90' lang='lat' dir='ltr'><strong>in</strong></span> <span class='ocrx_word' id='word_1_299' title='bbox 1506 4471 1634 4542; x_wconf 89' lang='lat' dir='ltr'><strong>boc</strong></span> <span class='ocrx_word' id='word_1_300' title='bbox 1652 4470 1899 4557; x_wconf 85' lang='lat' dir='ltr'><strong>judicio</strong></span> <span class='ocrx_word' id='word_1_301' title='bbox 1929 4471 2376 4549; x_wconf 87' lang='lat' dir='ltr'><strong>succubuerit,</strong></span> <span class='ocrx_word' id='word_1_302' title='bbox 2406 4478 2478 4538; x_wconf 86' lang='lat' dir='ltr'><strong>et</strong></span> 
     </span>
    </p>
   </div>
  </div>
 </body>
</html>
