3146 4973
1265 311 1443 402 uns
1471 356 1761 414 quanm.
2503 344 2616 406 451

394 482 744 559 ρωὸαιίοσω
776 481 1118 542 ordinarii.
1182 479 1274 541 Ex
1325 496 1455 561 quo
1498 478 1684 543 vides
1717 480 2108 546 vicariorum
2135 484 2632 550 nmationem

399 595 731 676 pertinere
760 593 843 658 ad
898 601 1220 671 curatum,
1274 597 1471 658 etiam
1514 594 1777 677 quando
1832 615 1964 661 non
2008 596 2206 663 habet
2245 599 2366 663 nisi
2412 618 2632 666 curam

397 710 743 787 actualem,
784 715 1165 775 remanente
1202 727 1405 792 penes
1442 710 1803 792 capitulum
1836 711 2148 779 habituali
2180 733 2357 779 cura.

488 825 715 890 Refert
737 826 1043 890 Zamboni
1080 826 1290 910 (parte
1329 830 1387 901 l,
1428 825 1636 891 verbo
1663 830 1993 909 Par-ochus,
2048 836 2079 908 S
2125 834 2187 907 2,
2225 851 2288 894 n.
2335 832 2438 916 12)
2473 851 2631 918 quo-

397 940 619 1018 mdo,
657 939 1157 1006 condolentibus
1196 941 1601 1023 parochianis
1646 942 1984 1027 eujusdam
2035 946 2377 1029 paroehioe,
2428 948 2627 1033 quod,

396 1075 529 1141 prae
559 1056 978 1122 multitudine
1009 1057 1250 1140 populi,
1288 1059 1517 1122 unicus
1548 1058 1871 1143 parochus
1901 1070 2138 1144 proesto
2170 1082 2312 1128 esse
2333 1067 2636 1149 nequiret

394 1174 677 1238 omnium
720 1173 1163 1255 spiritualibus
1212 1175 1742 1256 necessitatibus,
1793 1178 1911 1240 nisi
1963 1178 2296 1245 mediante
2354 1181 2634 1265 deputa-

394 1290 568 1355 tione
605 1288 1003 1373 coadjutoris
1031 1291 1099 1353 in
1125 1292 1487 1355 animarum
1518 1309 1714 1373 cura3
1763 1316 1793 1352 «
1833 1294 2209 1377 Episcopus,
2253 1296 2556 1380 neglecta
2593 1319 2630 1364 a

401 1431 431 1465 α
468 1406 749 1489 parocho
790 1405 960 1470 facta
1007 1405 1437 1489 deputatione
1483 1406 1882 1491 hujusmodi,
1932 1409 2384 1495 coadjutorem
2421 1432 2636 1479 saeer-

400 1547 429 1580 «
465 1521 686 1587 dotem
704 1523 984 1588 Felicem
1012 1521 1093 1587 de
1117 1522 1582 1605 Christophoro
1607 1523 1975 1607 deputavit.
2005 1528 2121 1591 Ast
2139 1527 2631 1610 deputationem

402 1660 433 1694 α
469 1636 634 1701 hanc
664 1637 913 1702 firmam
950 1656 1079 1702 non
1123 1637 1355 1702 habuit
1402 1638 1597 1702 Sacra
1639 1639 2073 1722 congregatio
2103 1663 2118 1723 ;
2160 1649 2231 1706 et
2261 1651 2336 1707 ut
2367 1641 2635 1710 Ordina-

405 1777 432 1810 α
471 1753 606 1816 rius
626 1751 968 1835 provideat
1008 1751 1096 1817 ad
1124 1753 1401 1818 formam
1431 1755 1706 1818 concilii.
1750 1755 2156 1840 (Triveutina,
2197 1756 2636 1841 deputationis

402 1891 434 1927 α
466 1865 878 1951 coadjutoris,
917 1871 984 1931 11
1022 1866 1305 1950 januarii
1346 1866 1570 1952 1716.)
1614 1893 1646 1928 ι
1689 1869 1787 1934 lbi
1821 1889 2131 1953 expresse
2163 1873 2378 1956 agitur
2408 1872 2496 1938 de
2533 1893 2634 1941 as·

393 1983 714 2051 sumendo
741 1983 1039 2069 adjutore
1075 1985 1161 2051 ob
1195 1987 1732 2051 numerositatem
1764 1989 2008 2071 populi.
2046 1990 2234 2053 Hunc
2264 1988 2630 2074 adjutorem

393 2117 508 2166 seu
532 2101 848 2166 vicarium
879 2100 1000 2165 sibi
1028 2110 1465 2184 assumpserat
1492 2101 1839 2183 parochus.
1875 2103 2231 2186 Episcopus
2274 2124 2454 2183 vero,
2501 2124 2630 2172 non

395 2215 692 2280 obstante
732 2218 952 2281 vicarii
999 2216 1436 2281 nominatione
1474 2224 1543 2281 et
1576 2216 2003 2299 deputatione
2038 2238 2074 2283 a
2106 2220 2390 2303 parocho
2429 2220 2622 2298 facta,

393 2329 589 2395 alium
614 2330 752 2411 ipse
784 2328 1149 2413 deputavit.
1189 2331 1275 2395 At
1302 2330 1497 2394 Sacra
1537 2330 1966 2414 Congregatio
1994 2332 2160 2398 hane
2190 2335 2274 2398 ab
2313 2335 2630 2419 Episcopo

396 2445 628 2512 factam
656 2444 1147 2530 deputationem
1183 2464 1301 2529 pro
1334 2447 1519 2511 irrita
1554 2445 1804 2526 habuit,
1845 2456 1916 2513 et
1939 2447 2276 2517 mandavit
2305 2459 2381 2517 ut
2411 2455 2628 2536 provi-

393 2561 584 2629 deret
618 2562 703 2628 ad
734 2563 1004 2628 formam
1038 2563 1331 2646 coucilii3
1365 2561 1437 2626 id
1463 2570 1586 2639 est,
1616 2570 1692 2627 ut
1720 2565 2256 2648 approbationem
2289 2566 2626 2636 dumtaxat

393 2680 515 2745 sibi
551 2678 949 2763 vindicaret3
992 2681 1498 2745 nominationem
1540 2698 1699 2745 vero
1736 2681 2021 2763 parocho
2053 2684 2459 2769 relinqueret
2501 2706 2513 2749 ε
2554 2684 2624 2748 id

392 2796 561 2861 enim
595 2815 679 2861 ex
716 2797 928 2861 citatis
964 2795 1290 2861 Zambonii
1318 2795 1539 2860 verbis
1562 2801 1792 2877 aperte
1823 2796 2171 2880 colligitur.

479 2912 834 2977 PnouA‘run
888 2913 997 2976 IV.
1035 2946 1121 2958 -
1156 2914 1258 2973 Eae
1302 2917 1601 2973 communi
1634 2913 1942 2973 doctorum
1989 2920 2307 2978 sententia.
2346 2951 2430 2963 -·
2477 2920 2624 2983 Fer-

392 3029 551 3093 raris
582 3027 811 3114 (verbo
844 3033 1115 3091 Vicat-ius
1138 3027 1535 3108 parochialis,
1576 3047 1642 3089 n.
1682 3024 1817 3107 43),
1851 3033 2193 3112 postquam
2218 3032 2427 3095 varias
2455 3051 2621 3097 enu-

392 3146 665 3209 meravit
698 3162 945 3219 causaS,
986 3142 1073 3207 ob
1102 3161 1262 3226 quas
1298 3142 1366 3205 in
1400 3139 1724 3223 parochiis
1762 3143 2069 3206 constitui
2097 3153 2370 3225 possunt
2401 3146 2619 3211 vicarii

393 3258 801 3342 temporale&
840 3266 909 3324 et
943 3259 1175 3323 ultimo
1215 3257 1361 3320 loeo
1404 3256 1790 3320 memoravit
1833 3275 2053 3321 casum
2099 3260 2388 3325 vacantis
2431 3280 2622 3344 paro·

393 3374 570 3452 chiae,
608 3376 697 3439 sic
735 3373 1068 3456 subjungit
1104 3395 1118 3436 :
1163 3396 1193 3432 (ι
1229 3371 1582 3453 Deputatio
1616 3371 1840 3436 vicarii
1869 3373 2261 3456 temporalis,
2303 3394 2419 3439 seu
2457 3395 2621 3443 mco-

397 3508 429 3545 «
462 3487 635 3551 nami
673 3486 891 3550 cleriei
934 3484 1280 3561 saeeulariS,
1317 3482 1384 3547 in
1446 3482 1567 3549 hoc
1623 3483 1854 3548 ultimo
1902 3502 2055 3549 casu
2113 3487 2472 3552 vacationis,
2514 3507 2620 3553 ec-

396 3624 426 3661 «
458 3601 697 3676 clasiae,
740 3606 992 3683 spectat
1041 3598 1127 3664 ad
1170 3599 1596 3681 Episcopum,
1640 3599 1706 3661 in
1753 3597 1940 3681 cujus
1995 3598 2260 3665 dioecesi
2309 3601 2614 3684 parochia

396 3741 427 3778 α
464 3734 694 3780 vacans
727 3717 847 3780 sita
883 3722 1004 3792 est,
1042 3734 1156 3778 seu
1193 3711 1278 3777 ad
1320 3733 1469 3778 eum
1516 3714 1631 3797 qui
1677 3720 1898 3795 potest
1947 3714 2288 3782 instituere
2344 3736 2619 3783 eonem·-

393 3854 427 3891 α
458 3848 626 3897 sum.
650 3854 685 3891 n
726 3829 857 3895 Sed
900 3836 1178 3912 excepto
1222 3828 1345 3893 hoc
1393 3846 1547 3891 easu
1591 3827 1699 3913 (de
1747 3846 1877 3911 quo
1915 3828 1983 3891 in
2018 3836 2236 3895 nostra
2271 3831 2442 3897 thesi
2485 3850 2616 3900 non

384 3950 619 4031 agitur,
650 3964 801 4011 cum
828 3945 1223 4010 disseramus
1251 3918 1596 4008 dumtaxat
1620 3940 1704 4006 de
1735 3943 1989 4008 vicariis
2018 3946 2130 4028 qui
2158 3943 2475 4028 adjuvant
2503 3966 2614 4030 pa-

388 4061 660 4147 rochos),
683 4061 989 4127 landatus
1009 4069 1239 4126 auctor
1267 4067 1661 4124 caeterorum
1691 4060 2084 4125 vicariorum
2109 4063 2611 4132 nominationem

388 4178 709 4255 attribuit,
724 4196 856 4241 uon
888 4177 1229 4260 Episcopo,
1252 4173 1370 4240 sed
1400 4175 1660 4257 ipsimet
1695 4175 1939 4239 rectori
1971 4176 2311 4260 paroehiae,
2334 4179 2478 4245 sive
2511 4196 2610 4246 re-

388 4300 531 4360 etor
560 4294 675 4360 ille
711 4296 796 4363 sit
824 4294 1170 4367 soecuiaris,
1221 4293 1357 4356 sive
1406 4292 1677 4356 ecclesia
1719 4290 2100 4374 parochialis
2135 4294 2217 4357 sit
2260 4295 2600 4377 regularis.

385 4409 497 4473 vel
511 4409 925 4493 regularibus
945 4405 1275 4491 subjecta:
1307 4429 1340 4467 α
1360 4406 1744 4484 Nominatio,
1773 4407 2004 4490 inquit,
2031 4407 2311 4473 aliorum
2349 4412 2609 4474 vicario·
