3146 4973
644 368 774 432 510
1306 381 1682 431 moruus
1725 384 1815 430 nn
1860 381 2186 431 ranocno.

642 509 794 574 anni
853 509 1018 574 1763
1069 524 1209 572 esse
1253 505 1580 590 generale,
1630 513 1702 571 et
1743 524 1779 570 a
1821 503 1988 570 Sede
2026 500 2390 587 Apostolica
2445 499 2609 585 legis
2658 502 2862 564 instar

642 622 1116 688 confirmatum.
1173 622 1262 687 Ut
1302 619 1470 687 adeo
1508 619 1813 687 videatur
1846 617 2396 686 declarationibus
2435 616 2862 701 particulares

639 757 823 805 casus
852 736 1347 820 rescipientibus
1373 735 1927 820 anteponendum.

724 855 1126 920 PRoPosrrto
1145 853 1278 917 lv·.
1302 856 1853 918 —Benedictiones
1879 852 2420 916 &distributiones
2442 850 2856 924 candelarum,

637 975 927 1047 cinerum,
959 970 1330 1050 palmarum,
1368 973 1553 1048 iynis,
1592 987 1835 1030 ovorum
1869 973 1927 1030 et
1963 968 2290 1044 similium,·
2313 969 2455 1026 item
2483 964 2862 1026 hebdomada!

636 1091 859 1148 sancite
879 1086 1217 1164 sanctiones
1236 1091 1461 1146 coeteroe
1485 1090 1709 1164 praecer
1735 1088 1979 1145 missam
2008 1083 2323 1144 solemnem
2342 1081 2514 1159 serice
2535 1082 2587 1141 V
2613 1083 2681 1140 in
2700 1095 2861 1141 eoena

639 1203 885 1263 Domini
896 1222 925 1278 ‚·
965 1205 1109 1262 item
1135 1204 1332 1261 missoe
1361 1200 1647 1260 solemnes
1690 1217 1804 1279 per
1838 1214 2086 1274 annum,
2133 1199 2429 1276 expositio
2453 1195 2861 1274 quadrayinia

637 1317 943 1393 harumna,
985 1316 1311 1379 benedictio
1353 1334 1482 1395 quae
1514 1314 1593 1392 fit
1632 1333 1809 1395 super
1834 1314 2077 1394 popula,
2116 1314 2412 1392 expositio
2456 1328 2587 1390 quoe
2624 1308 2702 1386 fil
2731 1327 2863 1370 cum

642 1434 914 1511 reliquiis
948 1433 1044 1493 vel
1064 1435 1255 1494 sacris
1276 1431 1662 1510 imayinibus,
1690 1435 1747 1491 et
1774 1430 2100 1491 berwdictio
2129 1446 2261 1508 quae
2297 1444 2430 1489 eum
2466 1430 2554 1488 eis
2582 1424 2660 1501 fit
2688 1443 2863 1504 super

634 1548 882 1628 popula,
935 1565 1056 1609 non
1096 1527 1237 1609 sunt
1276 1548 1351 1608 de
1393 1547 1797 1626 ficmtionibus
1821 1544 2291 1625 parochialibus,
2327 1578 2417 1590 —-
2437 1541 2602 1606 Huic
2628 1547 2863 1605 nostrae

644 1661 1043 1727 conclusioni
1067 1662 1423 1726 contrarios
1452 1660 1748 1745 reperies
1783 1659 2127 1725 nonnullos
2152 1665 2472 1732 auctoreS,
2507 1657 2683 1721 inter
2704 1674 2870 1740 quos

645 1776 1038 1841 Monacellus
1081 1775 1546 1862 (Formulariam
1597 1778 1806 1858 leqala
1841 1783 2022 1840 tomo
2066 1777 2129 1850 2,
2176 1773 2279 1838 tit.
2332 1773 2437 1849 13,
2472 1771 2752 1835 formula
2801 1775 2860 1846 l,

640 1910 707 1957 n.
744 1892 820 1956 54
855 1899 925 1957 et
947 1888 1140 1977 seq.).
1178 1891 1308 1974 Ipsi
1333 1909 1567 1975 nempe
1588 1891 1816 1956 volunt
1836 1890 1900 1953 in
1926 1887 2200 1973 proefato
2227 1887 2500 1953 decreto
2517 1886 2669 1951 anni
2697 1887 2864 1951 1763

643 2006 935 2075 decisum
983 2008 1325 2074 dumtaxat
1369 2007 1569 2073 fuisse
1611 2005 1955 2091 praedictas
1998 2004 2367 2070 functiones
2416 2021 2548 2067 non
2596 2020 2739 2068 esse
2796 2004 2875 2064 de

641 2126 881 2206 juribus
915 2124 1364 2207 parochialibus
1378 2146 1407 2202 ‚·
1438 2139 1846 2206 nequaquam
1893 2137 2053 2186 vero
2090 2137 2218 2183 non
2246 2137 2388 2184 esse
2425 2120 2501 2181 de
2538 2121 2876 2198 functioni-

642 2238 750 2299 bus
799 2237 1266 2318 parochialibus.
1321 2232 1510 2300 Unde
1528 2282 1545 2311 ,
1604 2232 2033 2300 nonobstante
2086 2230 2208 2298 hoc
2269 2231 2564 2309 decreto,
2629 2237 2876 2313 negant

641 2370 830 2434 posse
853 2370 893 2415 a
926 2350 1340 2435 cappellanis,
1373 2352 1441 2413 in
1464 2350 1759 2416 oratoriis
1782 2347 2154 2413 ecclesiisve
2176 2346 2613 2422 sodalitatum,
2650 2348 2880 2428 peragi

644 2464 1133 2534 henedictiones
1168 2466 1482 2541 cinerum,
1526 2463 1969 2541 candelarum,
2014 2480 2344 2530 ramorum
2372 2462 2581 2539 olivae,
2616 2461 2880 2544 exposi-

642 2584 857 2650 tiones
888 2581 1122 2648 divinae
1152 2581 1553 2647 eucharistiae
1595 2600 1717 2665 per
1751 2581 1839 2646 46
1869 2580 2081 2657 horas,
2137 2577 2628 2645 benedictiones
2667 2595 2875 2660 super

651 2698 926 2784 populo;
954 2704 1187 2781 utpote
1226 2715 1369 2782 quae
1407 2696 1800 2775 functioneS,
1833 2697 1956 2763 etsi
1983 2694 2070 2763 de
2112 2694 2367 2780 juribus
2395 2692 2881 2778 parochialibus

653 2833 783 2879 non
826 2814 986 2892 sint,
1020 2820 1176 2878 sunt
1216 2819 1437 2877 tamen
1477 2812 1694 2876 munia
1745 2810 2170 2895 parochialia,
2205 2829 2326 2876 seu
2378 2806 2463 2875 ad
2516 2808 2880 2892 parochum

647 2928 969 3012 privative
1004 2927 1419 3011 pertinentIa.

730 3068 763 3106 «
810 3043 1109 3111 Attamen
1166 3042 1319 3108 huic
1377 3041 1714 3109 adhaerere
1763 3043 2105 3110 sententiae
2162 3042 2345 3109 nullo
2400 3041 2595 3108 modo
2648 3060 2880 3126 pomu-

645 3178 808 3239 mus,
857 3182 888 3221 υ
926 3160 1015 3224 ait
1044 3156 1438 3225 Benedictus
1480 3159 1628 3223 XIV
1672 3157 2098 3243 (institutione
2137 3159 2283 3234 165,
2331 3177 2396 3222 n.
2444 3153 2616 3241 102).
2674 3154 2881 3241 Cujus

640 3273 970 3341 clarissimi
1019 3271 1354 3340 Pontificis
1399 3273 1787 3339 sententiam
1829 3272 2088 3338 omnino
2131 3271 2256 3337 hac
2284 3272 2354 3336 in
2398 3291 2473 3337 re
2522 3268 2877 3337 tenendam

640 3391 963 3469 existim0‚
1001 3388 1087 3455 ob
1116 3390 1399 3455 rationes
1432 3388 1675 3472 abipso
1721 3386 2079 3454 adductas:
2115 3406 2376 3471 nempe,

735 3510 799 3570 1⁰
831 3504 963 3571 Nisi
1004 3503 1259 3571 decreti
1301 3521 1528 3569 sensus
1577 3502 1769 3584 foret,
1812 3502 2021 3568 dictas
2048 3502 2418 3567 functiones
2452 3518 2875 3585 nequaquam

643 3640 784 3688 esse
807 3618 1231 3704 parochialeS,
1270 3635 1586 3703 posseque
1631 3637 1740 3683 eas
1774 3615 2048 3701 proinde
2088 3619 2156 3682 in
2187 3618 2486 3684 oratoriis
2524 3619 2750 3700 peragi
2782 3618 2881 3681 in·

645 3737 783 3801 vito
824 3732 1106 3818 parocho
1125 3782 1142 3812 ,
1188 3732 1429 3799 absona
1480 3751 1750 3816 prorsus
1798 3733 2030 3800 fuisset
2084 3734 2292 3800 Sacroe
2341 3733 2880 3816 Congregationis

636 3848 872 3935 agendi
902 3849 1093 3916 ratio.
1132 3850 1295 3914 Nam
1335 3847 1676 3914 decretum
1714 3847 1976 3928 edebat,
2016 3855 2215 3933 prout
2254 3850 2532 3934 ipsamet
2560 3865 2876 3931 expresse

636 3970 940 4044 testatur,
992 3967 1076 4029 ad
1119 3966 1387 4029 debitum
1437 3967 1860 4046 imponendum
1908 3965 2089 4044 finem
2119 3969 2594 4031 controversiis..
2611 4013 2656 4041 .‚
2691 3982 2878 4045 super

620 4082 889 4164 juribus,
926 4081 1394 4162 parochialibus,
1431 4086 1491 4143 et
1523 4082 1935 4160 sanctionibus
1962 4079 2377 4144 ecclesiasticis
2417 4077 2594 4165 (vide
2639 4096 2869 4162 supra,

634 4196 817 4262 initio
841 4193 1143 4280 decreti).

724 4313 867 4377 Jam
898 4330 1061 4377 vero
1092 4311 1166 4387 si,
1204 4306 1420 4394 quoad
1453 4308 1760 4392 praefatas
1789 4309 2178 4389 functiones,
2204 4309 2563 4378 declaravit
2606 4306 2878 4375 dumta-

637 4433 749 4494 xat
775 4445 886 4492 eas
918 4444 1049 4492 non
1078 4442 1218 4488 esse
1259 4427 1334 4488 de
1363 4427 1612 4507 juribus
1646 4426 2118 4507 parochialibus,
2153 4426 2461 4492 intactam
2491 4431 2712 4493 autem
2757 4441 2876 4489 re·
