3146 4973
1221 480 1544 528 Al’Pmmlx
1587 480 1661 526 11.
2442 469 2560 533 681

341 623 593 667 eoeamcn
622 622 823 667 coram
851 605 1036 668 Nobis
1057 609 1115 666 et
1140 604 1657 667 examinatoribus
1693 605 2104 687 synodalibus,
2146 608 2296 671 die..
2313 655 2357 685 .‚
2398 608 2577 672 liabe-

340 722 529 798 bitur,
582 722 960 800 dianiorique
998 738 1141 781 cura
1188 721 1546 799 conferetur.
1586 757 1674 769 —
1703 723 1950 799 Datum,
1996 728 2108 784 etc.
2151 757 2240 770 --
2271 726 2332 788 N
2337 771 2382 800 .,
2431 726 2578 803 Epi-

339 854 549 921 scopus
580 834 729 919 (sive
756 839 1020 897 vicarius
1042 836 1341 915 qeneralis
1374 830 1482 917 Ν.)
1503 870 1593 881 -
1620 837 1696 898 N.
1706 883 1728 914 ,
1757 837 2152 899 cancellarius
2190 841 2568 920 episcopalis.

343 986 435 998 —-
459 951 747 1035 Etponat
767 968 849 1014 ur
876 947 1155 1032 sigillum
1185 955 1505 1015 consueto
1532 948 1700 1015 loco.

1402 1224 1490 1287 xl
1502 1270 1514 1284 .

428 1487 737 1536 tonum
784 1488 1001 1536 umor!
1046 1487 1420 1537 commus
1462 1488 1735 1550 QUANDO
1783 1489 2114 1539 maecum
2161 1492 2371 1540 VACAT
2418 1495 2482 1542 11⁴

1109 1603 1325 1653 MENSE
1368 1602 1793 1655 APOSTouco.

426 1866 537 1941 N„
576 1866 905 1946 Episcopus
948 1867 1029 1929 N.
1064 1863 1226 1949 (sive
1268 1868 1535 1926 vicarius
1568 1865 1869 1944 qeneralis
1896 1860 2006 1946 Ν.)
2034 1868 2401 1930 —Vacante
2437 1874 2576 1932 ani·
2615 1934 2632 1951 .

335 1990 569 2034 marum
611 1991 759 2035 cura
792 1972 1169 2054 parochialis
1193 1973 1449 2034 ecclesioe
1496 1974 1577 2037 N.
1611 1972 1726 2033 loci
1767 1974 1848 2037 N.
1884 1978 2108 2035 nostroe
2143 1974 2431 2054 dioecesis,
2460 1994 2576 2056 per

349 2089 572 2150 obitum
612 2092 690 2153 Ν.
730 2090 897 2151 illius
933 2090 1138 2150 ultimi
1156 2093 1534 2167 possessoris,
1586 2092 1692 2168 qui
1721 2088 1884 2150 diem
1913 2106 2085 2151 suum
2121 2091 2344 2152 clausit
2371 2096 2574 2153 extre-

334 2222 495 2267 mum
525 2207 600 2267 de
634 2218 828 2267 mense
856 2206 915 2268 N
921 2250 964 2280 .,
996 2210 1295 2266 reservato
1324 2205 1468 2268 Sedi
1499 2203 1851 2284 Apostolicoe
1878 2223 1899 2265 .·
1939 2204 2201 2267 volentes
2237 2211 2300 2266 et
2332 2210 2576 2287 cupien-

337 2326 424 2381 tes
457 2320 600 2397 Nos,
624 2325 694 2382 ut
724 2320 800 2382 de
830 2321 1040 2381 idoneo
1071 2337 1397 2381 successore
1426 2336 1572 2380 cura
1605 2325 1664 2380 et
1694 2321 1938 2382 ecclesia
1963 2322 2280 2400 proedicta,
2317 2323 2402 2383 ad
2436 2324 2572 2401 sor-

332 2454 494 2499 mam
523 2440 682 2498 sacri
715 2436 959 2497 concilii
990 2436 1334 2498 Tridentini
1364 2440 1423 2497 et
1456 2435 1634 2498 bulloe
1668 2440 1863 2497 sancti
1906 2438 2015 2499 Pii
2047 2439 2117 2514 V,
2142 2438 2563 2517 provideatur,

323 2571 592 2634 proesens
632 2554 893 2615 edictum
927 2553 1226 2633 expediri,
1262 2557 1322 2614 et
1369 2553 1453 2614 ad
1497 2553 1710 2613 valvas
1752 2553 2010 2614 ecclesiae
2047 2552 2424 2633 parochialis
2463 2572 2574 2615 va-

331 2672 553 2746 cantis,
578 2673 635 2731 et
665 2668 1030 2731 cathedralis
1057 2667 1251 2748 affiqi‚
1277 2673 1337 2729 et
1360 2668 1667 2748 publicari
1690 2670 2145 2746 mandavimus,·
2170 2673 2339 2750 cujus
2367 2674 2573 2750 viqore

331 2805 532 2848 omnes
570 2793 629 2849 et
672 2787 939 2865 sinqulos
988 2786 1071 2847 ad
1117 2803 1323 2846 curam
1376 2786 1733 2865 praedictam
1781 2788 1868 2846 sic
1909 2791 1980 2846 ut
2031 2803 2215 2865 supra
2260 2791 2572 2848 vacantem

327 2921 679 2965 concurrere
716 2903 1145 2978 desiderantes,
1185 2919 1593 2974 convocamus,
1632 2904 2018 2981 requirimus,
2054 2905 2112 2961 et
2148 2918 2471 2978 monemus,
2499 2909 2570 2964 ut

332 3022 399 3080 in
437 3021 688 3079 termino
723 3017 921 3078 decem
957 3017 1213 3090 dierum,
1247 3035 1285 3076 a
1316 3017 1415 3077 die
1446 3014 1761 3093 affin-ionis
1796 3020 2117 3095 praesentis
2152 3019 2572 3097 computando-

332 3151 491 3212 rum,
530 3151 729 3194 coram
763 3133 951 3196 Nobis
987 3135 1053 3193 in
1084 3130 1195 3192 hac
1237 3134 1485 3194 civitate
1526 3133 1608 3194 N.
1640 3136 2042 3211 compareant,
2068 3132 2211 3193 dent
2246 3149 2356 3194 sua
2382 3137 2571 3195 nomi·-

330 3268 435 3327 na,
475 3254 534 3310 et
570 3252 942 3328 coqnomina,
988 3254 1047 3309 et
1082 3266 1204 3310 sese
1239 3247 1315 3309 ab
1350 3249 1745 3328 infrascripto
1781 3252 1986 3309 nostro
2017 3247 2375 3308 cancellario
2411 3250 2570 3309 inter

328 3371 740 3426 concurrentes
777 3364 1047 3425 adscribi
1082 3369 1139 3423 et
1172 3364 1459 3425 adnotari
1490 3368 1862 3443 procurent:
1911 3380 2076 3440 nam,
2113 3363 2275 3424 dicto
2313 3367 2568 3424 ter-mino

328 3482 553 3561 elapso,
582 3483 792 3557 die...,
831 3497 1149 3541 concursus
1181 3480 1607 3540 adnotatorum
1639 3495 1840 3539 coram
1872 3478 2056 3540 Nobis
2091 3483 2150 3539 et
2191 3481 2568 3539 examinato-

331 3597 502 3657 ribus
536 3595 923 3676 synodalibus
954 3594 1293 3669 habebitur,
1323 3598 1384 3653 et
1422 3595 1542 3656 Nos
1576 3611 1656 3653 ex
1694 3594 2046 3673 approbatis
2079 3597 2138 3653 et
2172 3593 2405 3654 idoneis
2443 3611 2568 3654 ma-

325 3717 423 3791 qts
469 3715 747 3774 idoneum
794 3729 901 3791 per
947 3711 1186 3772 litteras
1235 3711 1664 3772 testimoniales
1709 3711 1793 3772 ad
1835 3712 2144 3772 datarium
2198 3713 2564 3772 sanctissimi

328 3832 408 3894 D.
437 3830 513 3892 N.
540 3831 746 3908 Papoe,
775 3829 858 3889 ad
892 3844 1061 3907 quem
1100 3827 1342 3888 collatio
1364 3830 1654 3907 pertinet,
1688 3829 2030 3905 reseremus.
2055 3828 2407 3901 ——Datum,
2441 3832 2554 3889 etc.

325 3982 415 3993 ——
442 3949 500 4008 N
507 3992 550 4022 .,
590 3946 911 4025 Episcopus
945 3941 1092 4028 (sive
1128 3946 1393 4004 vicarius
1434 3942 1731 4021 qeneralis
1772 3938 1881 4025 Ν.)
1914 3977 2002 3990 --
2034 3944 2091 4006 N
2097 3988 2140 4019 .,
2168 3943 2562 4004 cancellarius

322 4063 700 4143 episcopalis.
735 4095 824 4106 -
850 4059 931 4124 Et
965 4064 1250 4142 ponatur
1277 4056 1553 4140 sigillum
1594 4063 1907 4122 consueto
1941 4056 2109 4122 loco,
