3146 4973
588 375 708 438 594
1260 388 1634 437 rnAc‘rA‘rns
1682 389 1766 434 nn
1816 385 2138 433 macene.

586 539 618 577 α
661 516 832 599 gatio
863 515 1107 599 Episc.,
1143 515 1228 579 20
1256 515 1405 579 maii
1439 515 1632 580 1590.
1663 535 1695 574 υ
1733 509 2028 599 (Giraldi,
2070 512 2501 576 Additamento
2536 515 2620 575 ad
2668 515 2813 575 Bar-

583 634 804 709 bosam,
846 633 921 692 cle
950 630 1159 709 Officio
1185 629 1462 710 parochi,
1502 647 1559 692 c.
1593 630 1699 706 22,
1739 647 1804 692 n.
1860 626 1996 711 25.)

672 754 733 812 7.
768 745 830 808 Si
866 747 1035 810 intra
1075 763 1316 808 annum
1360 745 1705 826 contigerit
1739 749 2186 809 consecratum
2232 744 2452 809 oleum
2493 762 2623 808 non
2651 740 2819 808 suffi-

580 880 754 937 cere,
799 865 1016 944 potest
1058 859 1184 942 ipsi
1236 857 1390 924 addi
1437 859 1656 925 oleum
1711 878 1841 925 non
1875 867 2364 943 consecratum3
2396 858 2592 925 modo
2640 856 2819 942 quod

578 974 845 1041 additur
872 975 954 1040 sit
979 976 1242 1040 minoris
1262 976 1643 1059 quantitatis
1671 981 2070 1042 consecrato.
2112 977 2249 1042 Imo
2277 976 2436 1041 licet
2466 973 2536 1040 id
2574 973 2822 1059 plunies

575 1091 711 1169 fiat,
749 1092 838 1155 ita
877 1097 952 1155 ut
979 1090 1245 1156 tandem
1286 1108 1415 1155 non
1445 1098 1895 1156 consecratum
1930 1098 2199 1174 superet
2232 1090 2591 1156 consecrati
2616 1107 2821 1174 quan-

574 1208 853 1284 titatem,
887 1225 1018 1272 non
1050 1205 1462 1290 periclitatur
1495 1208 1884 1272 sacramenti
1928 1205 2249 1272 validitas.
2286 1209 2383 1271 Ita
2410 1205 2819 1271 declaratum

573 1341 612 1386 a
637 1319 832 1388 Sacra
870 1321 1382 1405 congregatione
1411 1322 1625 1387 Sancti
1652 1320 1874 1398 Officii,
1906 1322 2057 1387 vide
2104 1321 2280 1407 apud
2311 1319 2561 1387 Giraldi
2603 1320 2819 1406 (Addi-

580 1445 842 1501 tamento
878 1440 960 1500 ad
991 1439 1356 1513 Barbosam,
1396 1440 1470 1501 dc
1499 1438 1712 1517 Officio
1741 1432 2020 1519 parochi,
2054 1457 2111 1503 c.
2151 1439 2257 1515 22,
2295 1436 2521 1520 1126).

666 1558 730 1620 8.
755 1550 948 1633 Quod
977 1559 1210 1635 posset
1234 1552 1775 1620 extrema-unctio
1815 1561 1967 1620 ante
2009 1555 2318 1619 viaticum
2358 1562 2603 1637 aegroto
2640 1555 2820 1618 mini·

573 1669 787 1745 strari,
819 1668 886 1731 in
932 1668 1013 1732 iis
1054 1666 1448 1763 dioecesibus
1497 1667 1564 1731 in
1616 1668 1851 1754 quibus
1903 1670 2041 1735 haec
2090 1668 2496 1736 consuetudo
2538 1671 2815 1752 vigeret,

575 1782 729 1849 vide
770 1780 948 1867 apud
979 1781 1408 1848 Benedictum
1444 1783 1591 1849 XIV
1615 1783 1710 1869 (de
1748 1787 1900 1868 Syn.
1930 1790 2193 1865 dicaces„
2220 1785 2335 1851 lib.
2371 1791 2432 1863 7,
2462 1787 2647 1862 c.23,
2684 1804 2752 1848 n.
2789 1789 2810 1848 1

577 1907 647 1964 et
688 1896 779 1983 2).
818 1897 1017 1964 Addit
1053 1905 1275 1963 autem
1315 1896 1620 1964 laudatus
1653 1899 1959 1967 Pontifex
1990 1923 2003 1967 :
2034 1925 2067 1961 α
2106 1901 2533 1967 Nihilominus
2567 1900 2634 1964 in
2663 1899 2825 1966 locis

584 2035 618 2076 α
651 2015 718 2078 in
769 2014 1004 2099 quihus
1043 2012 1146 2078 hic
1197 2030 1335 2077 mos
1377 2012 1720 2094 obsolevit,
1762 2016 2065 2101 vigetque
2106 2013 2444 2100 disciplina
2494 2037 2532 2081 a
2575 2015 2823 2081 concilii

585 2157 617 2195 α
652 2132 1018 2200 Tridentini
1047 2131 1435 2199 catechismo
1464 2133 1871 2218 praescripta,
1897 2149 2027 2197 non
2058 2131 2249 2198 facile
2292 2133 2824 2216 permitteremus

586 2274 618 2311 α
655 2251 738 2316 ab
767 2251 885 2317 hac
908 2249 1156 2317 recedi.
1185 2273 1217 2311 »

672 2373 737 2434 9.
771 2365 1004 2449 Quoad
1037 2367 1446 2432 iterationem
1487 2364 1683 2449 hujus
1728 2368 2146 2443 sacramenti,
2184 2372 2282 2431 est
2322 2370 2589 2448 recepta
2634 2383 2828 2450 geue·

584 2484 810 2550 taliter
835 2482 1180 2560 sententia,
1215 2502 1402 2566 posse
1445 2480 1610 2547 illud
1664 2479 1883 2548 denuo
1928 2479 2363 2548 administrari
2408 2490 2677 2565 mgr-otc,
2717 2483 2830 2567 qni

587 2608 736 2686 post
777 2602 1048 2685 primam
1108 2598 1551 2684 receptionem
1610 2598 1820 2664 morbi
1873 2599 2258 2683 gravitatem
2316 2601 2546 2678 evasit,
2602 2604 2830 2683 postea

589 2734 771 2795 vero,
803 2724 1153 2800 antequam
1192 2714 1385 2798 plene
1424 2714 1851 2792 convaluerit,
1901 2715 2141 2780 iterum
2174 2714 2245 2779 in
2290 2713 2640 2781 discrimen
2680 2715 2830 2780 vitm

593 2830 933 2897 relabitur.
959 2830 1168 2910 Quam
1198 2827 1560 2895 doctrinam
1592 2828 1740 2896 vide
1769 2830 2265 2898 auctoritatibus
2298 2829 2623 2898 firmatam
2654 2828 2834 2914 apud

593 2942 1023 3013 benedictum
1050 2944 1197 3009 xlv
1229 2943 1394 3031 (loco
1413 2945 1632 3022 citat0,
1661 2964 1727 3009 n.
1767 2947 1803 3010 3
1842 2953 1911 3011 et
1944 2943 2036 3030 4).

693 3065 795 3128 10.
831 3062 1118 3128 Tenetur
1140 3059 1459 3145 parochus
1494 3062 1761 3145 singulis
1792 3061 1974 3126 annis
1998 3069 2294 3128 sanctum
2323 3063 2541 3129 oleum
2570 3063 2836 3128 noviter

600 3182 1047 3244 consecratum
1093 3175 1176 3241 ab
1213 3176 1529 3271 Episcopo
1583 3195 1700 3243 suo
1752 3177 2068 3260 recipere,
2126 3196 2251 3243 ncc
2298 3185 2517 3261 potest
2566 3176 2837 3243 alterins

463 3300 472 3309 '
600 3294 900 3362 dioecesis
947 3292 1332 3376 Episcopum
1366 3290 1583 3370 adire,
1629 3298 1705 3356 ut
1758 3290 1922 3358 illud
1969 3293 2088 3358 sibi
2145 3302 2480 3378 comparet
2532 3292 2837 3381 (Benedi-

604 3421 750 3477 ctus
774 3408 944 3488 XIV,
983 3408 1388 3474 institutione
1420 3411 1528 3487 81,
1563 3428 1633 3473 n.
1660 3407 1753 3492 2).

701 3530 807 3591 11.
836 3526 1117 3607 Tempus
1161 3522 1329 3589 intra
1364 3521 1542 3607 quod
1582 3521 1750 3588 illud
1787 3524 2083 3606 accipere
2120 3529 2391 3590 tenetur
2439 3525 2637 3590 statui
2672 3522 2838 3590 solet

605 3664 643 3710 a
669 3641 833 3707 feria
860 3641 915 3704 V
953 3640 1020 3704 in
1054 3657 1237 3704 coena
1282 3639 1562 3716 Domini,
1614 3656 1819 3722 nsque
1852 3636 1937 3704 ad
1962 3638 2308 3704 sabbatum
2334 3639 2401 3704 in
2429 3639 2614 3705 albis.
2648 3640 2841 3705 Com-

603 3752 958 3823 mendandi
995 3759 1213 3818 autem
1243 3751 1436 3819 valde
1479 3753 1573 3818 illi
1612 3753 1901 3836 parochi,
1946 3756 2056 3837 qui
2096 3755 2265 3840 (cum
2302 3753 2371 3820 id
2408 3753 2679 3839 possint)
2710 3758 2839 3822 cito

604 3888 846 3939 novum
878 3868 1095 3935 oleum
1123 3869 1246 3935 sibi
1278 3874 1679 3952 comparant,
1713 3869 1803 3936 ita
1840 3877 1915 3935 ut
1952 3868 2223 3936 sabbato
2260 3876 2504 3949 sancte,
2540 3872 2611 3935 in
2638 3870 2837 3936 fontis

605 3985 1005 4072 baptismalis
1033 3983 1516 4062 benedictione,
1559 3986 1815 4050 recenti
1848 3984 2192 4051 chrismate
2240 3994 2531 4051 utantur.
2580 3986 2724 4052 Imo
2774 3993 2839 4049 et

608 4102 694 4170 ad
717 4101 786 4168 id
803 4100 1233 4180 tenebuntur,
1258 4101 1312 4165 si
1332 4102 1421 4165 ita
1440 4098 1658 4184 quoad
1686 4099 2038 4167 viciniores
2065 4097 2439 4167 decreverit
2456 4101 2837 4186 Episcopus,

606 4216 978 4305 synodusve
1009 4214 1438 4301 provincialis.

699 4335 803 4397 12.
835 4332 995 4396 Post
1029 4327 1374 4395 sabbatum
1391 4328 1460 4394 in
1495 4328 1683 4410 albis,
1711 4329 2005 4397 comburi
2039 4327 2243 4397 debet
2275 4337 2485 4409 vetus,
2516 4346 2641 4397 nec
2660 4329 2842 4395 ultra

609 4451 766 4516 licet
805 4466 886 4512 eo
923 4446 1043 4509 uti.
1089 4444 1380 4509 Deberet
1437 4453 1653 4512 tamen
1693 4464 1843 4513 cnm
1876 4449 2088 4513 veteri
2141 4448 2682 4514 extrema-unctio
2724 4447 2843 4509 mi⁶
