3146 4973
611 342 739 403 352
1283 355 1659 406 mern-us
1706 358 1793 404 ns
1836 356 2165 405 mnocno.

608 480 794 558 bitur,
822 483 1137 560 privatum
1171 480 1346 543 aliud
1379 497 1654 559 examen,
1696 485 1929 543 caeteris
1976 486 2175 543 tamen
2213 486 2288 542 ut
2329 499 2517 562 supra
2553 485 2832 554 servatis,

607 594 915 657 adhibere.

701 709 844 775 VII.
900 709 1253 776 Nonnullos
1300 711 1459 778 alios
1499 729 1709 789 casus,
1764 711 1931 776 scitu
1975 710 2191 774 minus
2228 710 2441 787 utiles,
2492 711 2558 774 in
2606 710 2844 794 quibus

608 824 970 889 necessaria
1013 843 1143 890 non
1185 832 1287 891 est
1337 844 1689 892 concursus
1734 825 1964 902 forma,
2021 823 2172 890 vide
2221 823 2393 908 apud
2447 824 2841 891 Leurenium

613 938 853 1021 (Forum
880 939 1243 1018 beneficiate,
1278 948 1468 1023 parte
1506 943 1563 1018 l,
1603 959 1668 1024 q.
1707 937 1893 1023 206).

1505 1221 1774 1288 CAPUT
1829 1225 1946 1288 III.

698 1484 1107 1545 QUAESTIONES
1148 1484 1505 1533 NONNULLAE
1553 1484 1749 1534 CIRCA
1802 1483 2304 1533 EXAMINATORES
2352 1484 2752 1533 SYNODALES.

702 1743 1004 1822 QUAESTio
1043 1744 1125 1805 1⁸.
1158 1778 1250 1790 —-
1287 1745 1443 1821 Quot
1485 1746 1932 1805 examinatores
1967 1746 2033 1804 in
2069 1744 2295 1823 synodo
2318 1743 2690 1823 provinciali
2715 1760 2848 1804 con-

614 1863 790 1921 stitui
814 1863 1053 1940 possint
1073 1865 1181 1920 aut
1216 1859 1513 1922 debeant?
1541 1894 1630 1905 -
1667 1859 1729 1921 1⁰
1764 1857 2084 1923 Constitui
2114 1856 2361 1922 debent
2389 1856 2476 1923 ad
2509 1857 2846 1922 minimum

594 1989 729 2038 sex
771 1993 785 2037 ε
829 1972 1113 2056 alioquin
1145 1991 1445 2052 examen,
1481 1979 1711 2055 utpote
1743 1979 1972 2037 contra
2009 1971 2287 2038 formam
2318 1971 2708 2040 Tridentinae
2747 1992 2850 2057 sy-

616 2086 769 2153 nodi
808 2086 1123 2166 habitum,
1147 2087 1448 2153 nullitate
1477 2086 1820 2152 laborabit.
1853 2088 1923 2152 20
1945 2085 2046 2151 Ad
2074 2085 2417 2171 quodlibet
2449 2094 2670 2152 autem
2700 2107 2850 2153 exa-

617 2220 765 2269 men
796 2201 1268 2287 peragendum‚
1305 2203 1738 2286 requiruntur
1774 2200 2115 2268 dumtaxat
2146 2209 2308 2268 tres.
2344 2202 2502 2282 Quae
2536 2201 2669 2270 duo
2694 2204 2850 2268 satis

616 2324 915 2384 constant
945 2337 1028 2382 ex
1070 2318 1212 2401 ipso
1249 2335 1445 2400 supra
1475 2317 1676 2381 citato
1712 2314 2087 2381 Tridentino
2129 2322 2347 2382 textu.
2405 2319 2476 2382 30
2522 2318 2852 2383 Nominari

616 2440 883 2516 possunt
928 2435 1154 2516 plures
1186 2450 1384 2519 quam
1423 2450 1538 2498 sex
1584 2453 1597 2498 :
1648 2453 1681 2493 «
1717 2433 1959 2497 Tamen
2005 2450 2044 2497 a
2088 2431 2282 2497 Sacra
2336 2432 2850 2517 Congregatione

621 2574 651 2609 «
690 2549 978 2617 decisum
1014 2549 1226 2615 refert
1259 2546 1616 2636 (Barbosa),
1664 2567 1792 2615 non
1832 2567 1972 2614 esse
2004 2549 2178 2613 ultra
2221 2549 2451 2632 viginti
2486 2568 2853 2633 proponen-

620 2690 651 2726 ιι
692 2664 887 2734 dosa>
923 2663 1343 2752 (Benedictus
1370 2665 1539 2740 XIV,
1566 2667 1642 2728 de
1674 2667 1913 2746 Synodo
1944 2667 2142 2741 dioec„
2180 2665 2225 2729 l.
2259 2666 2324 2741 4,
2355 2684 2414 2730 c.
2456 2673 2517 2744 7,
2559 2685 2625 2730 n.
2665 2663 2759 2748 3.)

702 2781 1006 2861 ansno
1048 2782 1138 2843 2⁸.
1190 2816 1282 2827 —
1334 2781 1620 2859 Quandiu
1671 2782 1852 2843 duret
1902 2799 2103 2842 eorum
2145 2787 2449 2861 potestas,
2497 2788 2558 2843 et
2600 2784 2748 2861 qnid
2797 2786 2854 2843 si

615 2895 861 2973 deficiat
897 2900 1172 2959 senarius
1205 2914 1509 2957 numerus.
1556 2930 1644 2941 —
1682 2898 1745 2957 1⁰
1794 2915 1824 2954 α
1870 2892 2290 2977 synodalium
2329 2895 2852 2961 examinatorum

622 3032 653 3068 (ι
691 3006 967 3075 officium
1005 3007 1202 3074 durat
1245 3026 1453 3093 usque
1488 3006 1573 3072 ad
1608 3026 1844 3073 novam
1881 3007 2232 3093 synodum,
2268 3027 2410 3094 quae
2457 3011 2629 3076 intra
2667 3011 2856 3075 unius

622 3150 654 3186 «
690 3125 842 3190 anni
877 3125 1159 3208 spatium
1189 3132 1360 3189 esset
1396 3123 1818 3201 celebranda,
1844 3131 1914 3189 et
1942 3125 2010 3188 in
2045 3143 2173 3208 qua
2207 3133 2321 3191 aut
2351 3124 2571 3203 iidem,
2607 3132 2722 3191 aut
2748 3125 2852 3192 alii

624 3266 654 3303 α
693 3241 778 3307 de
828 3261 998 3309 novo
1038 3239 1405 3324 deputandi
1441 3239 1683 3318 forent,
1714 3241 1883 3305 sicut
1921 3238 2097 3305 idem
2135 3240 2585 3307 Tridentinum
2630 3243 2854 3326 praeci-

624 3385 655 3419 «
695 3360 827 3443 pit:
861 3363 1327 3423 Examinatores
1353 3365 1552 3421 autem
1583 3361 1842 3438 sinqulis
1870 3363 2049 3422 annis
2075 3364 2143 3421 in
2164 3360 2494 3422 dioeeesana
2524 3361 2750 3441 synodo
2780 3361 2854 3421 ab

623 3500 652 3532 a
688 3478 1005 3556 Episcopo,
1041 3476 1137 3536 vel
1167 3479 1294 3554 ejus
1328 3477 1580 3550 vicario,
1611 3475 1694 3535 ad
1727 3478 1928 3534 minus
1961 3493 2071 3536 sex
2092 3483 2528 3556 proponantur.
2555 3496 2588 3536 »
2626 3474 2853 3560 (Bene-

618 3588 833 3655 dictus
858 3590 1025 3667 xlv,
1047 3591 1379 3669 deSynodo
1408 3590 1610 3663 diam„
1641 3588 1689 3652 l.
1718 3588 1783 3665 4,
1817 3606 1875 3651 c.
1907 3596 1967 3665 7,
2000 3609 2068 3652 n.
2101 3587 2193 3672 7.)
2227 3592 2297 3653 20
2324 3590 2388 3654 Si
2411 3593 2580 3671 infra
2601 3610 2845 3663 annum,

617 3703 982 3787 aliquorum
1020 3700 1208 3767 obitu
1244 3701 1352 3765 vel
1398 3701 1784 3784 migratione
1810 3749 1826 3779 ‚
1878 3703 2219 3785 pauciores
2264 3722 2456 3788 quam
2497 3723 2612 3769 sex
2645 3722 2853 3769 rema-

616 3825 837 3893 neant,
871 3840 906 3878 «
931 3817 1281 3882 Clementis
1316 3817 1471 3882 VIII
1508 3815 1785 3883 decreto
1824 3817 2056 3905 (relato
2089 3840 2126 3885 a
2156 3820 2470 3886 Garoia...
2507 3826 2578 3886 et
2613 3822 2852 3904 Fagna-

624 3957 656 3995 α
690 3931 886 4017 no...)
916 3932 1192 3999 facultas
1217 3932 1373 3999 data
1404 3940 1507 3999 est
1545 3934 1878 4018 Episcopis
1908 3935 2069 4000 alios
2094 3934 2519 4020 subrogandi3
2553 3935 2748 4004 modo
2779 3937 2852 4001 iis

624 4074 657 4110 a
693 4047 1113 4134 qualitatibus
1140 4055 1473 4132 praestent,
1498 4067 1659 4134 quas
1688 4048 2137 4116 Tridentinum
2162 4051 2468 4135 requirit3
2501 4071 2538 4116 a
2567 4052 2849 4136 capitulo

625 4188 657 4225 «ι
692 4164 1178 4248 approbentur3
1222 4172 1293 4229 et
1325 4182 1455 4229 una
1496 4165 1689 4229 simul
1723 4183 1875 4230 cum
1910 4166 2368 4250 superstitibus
2403 4186 2486 4232 ex
2523 4168 2751 4233 electis
2785 4169 2847 4231 in

623 4305 656 4341 a
691 4277 943 4365 synodo
972 4297 1163 4345 senos
1188 4297 1317 4344 non
1340 4276 1687 4344 excedant.
1715 4301 1748 4338 »
1788 4279 2206 4365 (Benedictus
2222 4281 2390 4359 xlv,
2420 4281 2566 4347 loco
2597 4280 2843 4365 citato.)

620 4393 747 4461 Sed
775 4393 898 4460 hoc
927 4393 1315 4475 intelligitur
1337 4390 1422 4457 de
1451 4410 1604 4456 casu
1627 4410 1757 4475 quo
1781 4389 2006 4459 deficit
2032 4395 2325 4461 senarius
2351 4415 2666 4466 numerus
2689 4399 2846 4479 infra
