<?xml version="1.0" encoding="UTF-8"?>
<!DOCTYPE html PUBLIC "-//W3C//DTD XHTML 1.0 Transitional//EN"
    "http://www.w3.org/TR/xhtml1/DTD/xhtml1-transitional.dtd">
<html xmlns="http://www.w3.org/1999/xhtml" xml:lang="en" lang="en">
 <head>
  <title>
</title>
<meta http-equiv="Content-Type" content="text/html;charset=utf-8" />
  <meta name='ocr-system' content='tesseract 3.04.00' />
  <meta name='ocr-capabilities' content='ocr_page ocr_carea ocr_par ocr_line ocrx_word'/>
</head>
<body>
  <div class='ocr_page' id='page_1' title='image "./tractatusdeparo00bouigoog_0385.png"; bbox 0 0 3146 4973; ppageno 0'>
   <div class='ocr_carea' id='block_1_1' title="bbox 1221 400 2567 461">
    <p class='ocr_par' dir='ltr' id='par_1_1' title="bbox 1221 400 2567 461">
     <span class='ocr_line' id='line_1_1' title="bbox 1221 400 2567 461; baseline 0.002 -3"><span class='ocrx_word' id='word_1_1' title='bbox 1221 411 1378 460; x_wconf 69' lang='lat' dir='ltr'>rans</span> <span class='ocrx_word' id='word_1_2' title='bbox 1424 412 1685 459; x_wconf 68' lang='lat' dir='ltr'>remia.</span> <span class='ocrx_word' id='word_1_3' title='bbox 2444 400 2567 461; x_wconf 89' lang='lat'>373</span> 
     </span>
    </p>
   </div>
   <div class='ocr_carea' id='block_1_2' title="bbox 324 534 2579 4185">
    <p class='ocr_par' dir='ltr' id='par_1_2' title="bbox 336 534 2574 1080">
     <span class='ocr_line' id='line_1_2' title="bbox 348 534 2570 621; baseline 0.001 -22"><span class='ocrx_word' id='word_1_4' title='bbox 348 555 466 599; x_wconf 85' lang='lat' dir='ltr'>seu</span> <span class='ocrx_word' id='word_1_5' title='bbox 500 534 689 601; x_wconf 85' lang='lat' dir='ltr'>officii</span> <span class='ocrx_word' id='word_1_6' title='bbox 720 536 963 620; x_wconf 85' lang='lat' dir='ltr'>publici</span> <span class='ocrx_word' id='word_1_7' title='bbox 993 535 1202 621; x_wconf 88' lang='lat' dir='ltr'>(verbi</span> <span class='ocrx_word' id='word_1_8' title='bbox 1246 537 1474 619; x_wconf 87' lang='lat' dir='ltr'>gratia,</span> <span class='ocrx_word' id='word_1_9' title='bbox 1512 536 1972 612; x_wconf 52' lang='lat' dir='ltr'>absolutione&amp;</span> <span class='ocrx_word' id='word_1_10' title='bbox 2011 537 2059 601; x_wconf 88' lang='lat' dir='ltr'>si</span> <span class='ocrx_word' id='word_1_11' title='bbox 2107 537 2186 602; x_wconf 87' lang='lat' dir='ltr'>sit</span> <span class='ocrx_word' id='word_1_12' title='bbox 2219 537 2570 620; x_wconf 88' lang='lat' dir='ltr'>parochus;</span> 
     </span>
     <span class='ocr_line' id='line_1_3' title="bbox 350 650 2574 738; baseline 0.003 -27"><span class='ocrx_word' id='word_1_13' title='bbox 350 659 571 716; x_wconf 89' lang='lat' dir='ltr'>votum</span> <span class='ocrx_word' id='word_1_14' title='bbox 624 651 997 729; x_wconf 81' lang='lat' dir='ltr'>electivum,</span> <span class='ocrx_word' id='word_1_15' title='bbox 1041 653 1094 715; x_wconf 84' lang='lat' dir='ltr'>si</span> <span class='ocrx_word' id='word_1_16' title='bbox 1146 652 1228 716; x_wconf 88' lang='lat' dir='ltr'>sit</span> <span class='ocrx_word' id='word_1_17' title='bbox 1280 653 1646 728; x_wconf 79' lang='lat' dir='ltr'>canonicu8‚</span> <span class='ocrx_word' id='word_1_18' title='bbox 1677 650 1862 735; x_wconf 65' lang='lat' dir='ltr'>etc),</span> <span class='ocrx_word' id='word_1_19' title='bbox 1898 673 1936 717; x_wconf 88' lang='lat' dir='ltr'>a</span> <span class='ocrx_word' id='word_1_20' title='bbox 1981 658 2282 737; x_wconf 90' lang='lat' dir='ltr'>tempore</span> <span class='ocrx_word' id='word_1_21' title='bbox 2341 655 2574 738; x_wconf 86' lang='lat' dir='ltr'>patrati</span> 
     </span>
     <span class='ocr_line' id='line_1_4' title="bbox 338 765 2569 853; baseline 0.001 -22"><span class='ocrx_word' id='word_1_22' title='bbox 338 765 585 845; x_wconf 85' lang='lat' dir='ltr'>delicti,</span> <span class='ocrx_word' id='word_1_23' title='bbox 631 785 838 852; x_wconf 86' lang='lat' dir='ltr'>usque</span> <span class='ocrx_word' id='word_1_24' title='bbox 872 766 956 832; x_wconf 91' lang='lat' dir='ltr'>ad</span> <span class='ocrx_word' id='word_1_25' title='bbox 988 768 1378 832; x_wconf 88' lang='lat' dir='ltr'>sententiam</span> <span class='ocrx_word' id='word_1_26' title='bbox 1421 768 1945 846; x_wconf 88' lang='lat' dir='ltr'>declaratoriam,</span> <span class='ocrx_word' id='word_1_27' title='bbox 1984 770 2200 853; x_wconf 83' lang='lat' dir='ltr'>pergit</span> <span class='ocrx_word' id='word_1_28' title='bbox 2236 789 2569 835; x_wconf 85' lang='lat' dir='ltr'>exercere.</span> 
     </span>
     <span class='ocr_line' id='line_1_5' title="bbox 336 880 2568 968; baseline 0.002 -23"><span class='ocrx_word' id='word_1_29' title='bbox 336 880 529 962; x_wconf 89' lang='lat' dir='ltr'>Quod</span> <span class='ocrx_word' id='word_1_30' title='bbox 566 881 721 947; x_wconf 90' lang='lat' dir='ltr'>vide</span> <span class='ocrx_word' id='word_1_31' title='bbox 754 881 1100 965; x_wconf 88' lang='lat' dir='ltr'>probatum</span> <span class='ocrx_word' id='word_1_32' title='bbox 1132 902 1169 947; x_wconf 89' lang='lat' dir='ltr'>a</span> <span class='ocrx_word' id='word_1_33' title='bbox 1205 883 1524 948; x_wconf 87' lang='lat' dir='ltr'>Leurenio</span> <span class='ocrx_word' id='word_1_34' title='bbox 1567 883 1811 968; x_wconf 77' lang='lat' dir='ltr'>(Forum</span> <span class='ocrx_word' id='word_1_35' title='bbox 1853 885 2216 962; x_wconf 75' lang='lat' dir='ltr'>beneficiate,</span> <span class='ocrx_word' id='word_1_36' title='bbox 2278 892 2464 967; x_wconf 86' lang='lat' dir='ltr'>parte</span> <span class='ocrx_word' id='word_1_37' title='bbox 2503 888 2568 961; x_wconf 86' lang='lat'>3,</span> 
     </span>
     <span class='ocr_line' id='line_1_6' title="bbox 336 995 615 1080; baseline 0.004 -20"><span class='ocrx_word' id='word_1_38' title='bbox 336 1014 402 1080; x_wconf 87' lang='lat' dir='ltr'>q.</span> <span class='ocrx_word' id='word_1_39' title='bbox 440 995 615 1079; x_wconf 87' lang='lat'>168).</span> 
     </span>
    </p>

    <p class='ocr_par' dir='ltr' id='par_1_3' title="bbox 324 1114 2579 2117">
     <span class='ocr_line' id='line_1_7' title="bbox 425 1114 2579 1193; baseline -0 -15"><span class='ocrx_word' id='word_1_40' title='bbox 425 1114 700 1179; x_wconf 73' lang='lat' dir='ltr'>REGULA</span> <span class='ocrx_word' id='word_1_41' title='bbox 733 1114 866 1177; x_wconf 87' lang='lat' dir='ltr'>v1·.</span> <span class='ocrx_word' id='word_1_42' title='bbox 908 1149 998 1161; x_wconf 94' lang='lat'>—</span> <span class='ocrx_word' id='word_1_43' title='bbox 1026 1118 1429 1193; x_wconf 79' lang='lat' dir='ltr'>Quantumvis</span> <span class='ocrx_word' id='word_1_44' title='bbox 1448 1121 1635 1175; x_wconf 74' lang='lat' dir='ltr'>atrox</span> <span class='ocrx_word' id='word_1_45' title='bbox 1657 1119 1740 1175; x_wconf 82' lang='lat' dir='ltr'>sit</span> <span class='ocrx_word' id='word_1_46' title='bbox 1769 1117 2077 1190; x_wconf 75' lang='lat' dir='ltr'>delictum,</span> <span class='ocrx_word' id='word_1_47' title='bbox 2110 1134 2225 1177; x_wconf 78' lang='lat' dir='ltr'>non</span> <span class='ocrx_word' id='word_1_48' title='bbox 2254 1118 2579 1178; x_wconf 77' lang='lat' dir='ltr'>censemlus</span> 
     </span>
     <span class='ocr_line' id='line_1_8' title="bbox 334 1228 2576 1310; baseline 0 -20"><span class='ocrx_word' id='word_1_49' title='bbox 334 1235 420 1290; x_wconf 79' lang='lat' dir='ltr'>est</span> <span class='ocrx_word' id='word_1_50' title='bbox 440 1228 823 1304; x_wconf 76' lang='lat' dir='ltr'>beneficiatus</span> <span class='ocrx_word' id='word_1_51' title='bbox 848 1233 975 1308; x_wconf 87' lang='lat' dir='ltr'>ipso</span> <span class='ocrx_word' id='word_1_52' title='bbox 987 1234 1133 1310; x_wconf 83' lang='lat' dir='ltr'>jure</span> <span class='ocrx_word' id='word_1_53' title='bbox 1153 1234 1455 1309; x_wconf 60' lang='lat' dir='ltr'>privatim,</span> <span class='ocrx_word' id='word_1_54' title='bbox 1482 1233 1606 1290; x_wconf 78' lang='lat' dir='ltr'>nisi</span> <span class='ocrx_word' id='word_1_55' title='bbox 1623 1248 1902 1309; x_wconf 72' lang='lat' dir='ltr'>expresse</span> <span class='ocrx_word' id='word_1_56' title='bbox 1917 1249 2033 1310; x_wconf 87' lang='lat' dir='ltr'>pro</span> <span class='ocrx_word' id='word_1_57' title='bbox 2064 1231 2172 1291; x_wconf 83' lang='lat' dir='ltr'>illo</span> <span class='ocrx_word' id='word_1_58' title='bbox 2193 1235 2443 1292; x_wconf 80' lang='lat' dir='ltr'>crimine</span> <span class='ocrx_word' id='word_1_59' title='bbox 2475 1233 2576 1291; x_wconf 74' lang='lat' dir='ltr'>lex</span> 
     </span>
     <span class='ocr_line' id='line_1_9' title="bbox 332 1341 2575 1426; baseline 0.001 -21"><span class='ocrx_word' id='word_1_60' title='bbox 332 1346 729 1405; x_wconf 77' lang='lat' dir='ltr'>ecclesiastica</span> <span class='ocrx_word' id='word_1_61' title='bbox 742 1349 1151 1423; x_wconf 76' lang='lat' dir='ltr'>privationem</span> <span class='ocrx_word' id='word_1_62' title='bbox 1169 1349 1298 1424; x_wconf 83' lang='lat' dir='ltr'>ipso</span> <span class='ocrx_word' id='word_1_63' title='bbox 1311 1348 1456 1424; x_wconf 83' lang='lat' dir='ltr'>jure</span> <span class='ocrx_word' id='word_1_64' title='bbox 1470 1347 1822 1406; x_wconf 77' lang='lat' dir='ltr'>decreverit.</span> <span class='ocrx_word' id='word_1_65' title='bbox 1848 1379 1936 1391; x_wconf 89' lang='lat'>—</span> <span class='ocrx_word' id='word_1_66' title='bbox 1953 1341 2115 1408; x_wconf 85' lang='lat' dir='ltr'>Vide</span> <span class='ocrx_word' id='word_1_67' title='bbox 2136 1341 2205 1408; x_wconf 89' lang='lat' dir='ltr'>id</span> <span class='ocrx_word' id='word_1_68' title='bbox 2230 1343 2575 1426; x_wconf 85' lang='lat' dir='ltr'>probatum</span> 
     </span>
     <span class='ocr_line' id='line_1_10' title="bbox 336 1455 2578 1542; baseline -0.001 -20"><span class='ocrx_word' id='word_1_69' title='bbox 336 1477 372 1522; x_wconf 88' lang='lat' dir='ltr'>a</span> <span class='ocrx_word' id='word_1_70' title='bbox 410 1458 732 1523; x_wconf 87' lang='lat' dir='ltr'>Leurenio</span> <span class='ocrx_word' id='word_1_71' title='bbox 758 1457 1000 1542; x_wconf 77' lang='lat' dir='ltr'>(Forum</span> <span class='ocrx_word' id='word_1_72' title='bbox 1025 1458 1387 1534; x_wconf 74' lang='lat' dir='ltr'>beneficiate,</span> <span class='ocrx_word' id='word_1_73' title='bbox 1418 1465 1606 1541; x_wconf 90' lang='lat' dir='ltr'>parte</span> <span class='ocrx_word' id='word_1_74' title='bbox 1637 1461 1701 1534; x_wconf 85' lang='lat'>3,</span> <span class='ocrx_word' id='word_1_75' title='bbox 1742 1476 1805 1542; x_wconf 91' lang='lat' dir='ltr'>q.</span> <span class='ocrx_word' id='word_1_76' title='bbox 1855 1455 2027 1540; x_wconf 89' lang='lat'>170).</span> <span class='ocrx_word' id='word_1_77' title='bbox 2066 1457 2249 1523; x_wconf 84' lang='lat' dir='ltr'>Ratio</span> <span class='ocrx_word' id='word_1_78' title='bbox 2273 1464 2395 1532; x_wconf 86' lang='lat' dir='ltr'>est,</span> <span class='ocrx_word' id='word_1_79' title='bbox 2430 1458 2578 1541; x_wconf 86' lang='lat' dir='ltr'>quia</span> 
     </span>
     <span class='ocr_line' id='line_1_11' title="bbox 338 1571 2579 1656; baseline -0.002 -19"><span class='ocrx_word' id='word_1_80' title='bbox 338 1572 670 1655; x_wconf 82' lang='lat' dir='ltr'>legislator</span> <span class='ocrx_word' id='word_1_81' title='bbox 702 1589 824 1654; x_wconf 89' lang='lat' dir='ltr'>pro</span> <span class='ocrx_word' id='word_1_82' title='bbox 847 1571 1235 1656; x_wconf 86' lang='lat' dir='ltr'>quibusdam</span> <span class='ocrx_word' id='word_1_83' title='bbox 1262 1571 1667 1638; x_wconf 86' lang='lat' dir='ltr'>solummodo</span> <span class='ocrx_word' id='word_1_84' title='bbox 1701 1571 1959 1636; x_wconf 90' lang='lat' dir='ltr'>delictis</span> <span class='ocrx_word' id='word_1_85' title='bbox 1990 1572 2419 1654; x_wconf 83' lang='lat' dir='ltr'>privationem</span> <span class='ocrx_word' id='word_1_86' title='bbox 2449 1577 2579 1651; x_wconf 78' lang='lat' dir='ltr'>ipso</span> 
     </span>
     <span class='ocr_line' id='line_1_12' title="bbox 324 1686 2577 1769; baseline 0 -20"><span class='ocrx_word' id='word_1_87' title='bbox 324 1692 468 1769; x_wconf 75' lang='lat' dir='ltr'>jure</span> <span class='ocrx_word' id='word_1_88' title='bbox 495 1686 954 1752; x_wconf 83' lang='lat' dir='ltr'>incurrendam</span> <span class='ocrx_word' id='word_1_89' title='bbox 985 1686 1282 1752; x_wconf 82' lang='lat' dir='ltr'>decrevit</span> <span class='ocrx_word' id='word_1_90' title='bbox 1321 1708 1335 1750; x_wconf 90' lang='lat'>:</span> <span class='ocrx_word' id='word_1_91' title='bbox 1381 1704 1503 1768; x_wconf 91' lang='lat' dir='ltr'>pro</span> <span class='ocrx_word' id='word_1_92' title='bbox 1538 1687 1678 1751; x_wconf 88' lang='lat' dir='ltr'>aliis</span> <span class='ocrx_word' id='word_1_93' title='bbox 1723 1694 1967 1763; x_wconf 88' lang='lat' dir='ltr'>autem,</span> <span class='ocrx_word' id='word_1_94' title='bbox 2006 1686 2159 1750; x_wconf 87' lang='lat' dir='ltr'>licet</span> <span class='ocrx_word' id='word_1_95' title='bbox 2202 1705 2332 1750; x_wconf 88' lang='lat' dir='ltr'>uon</span> <span class='ocrx_word' id='word_1_96' title='bbox 2364 1688 2577 1751; x_wconf 89' lang='lat' dir='ltr'>minus</span> 
     </span>
     <span class='ocr_line' id='line_1_13' title="bbox 339 1800 2568 1887; baseline -0.002 -18"><span class='ocrx_word' id='word_1_97' title='bbox 339 1824 416 1869; x_wconf 85' lang='lat' dir='ltr'>ea</span> <span class='ocrx_word' id='word_1_98' title='bbox 453 1822 643 1887; x_wconf 88' lang='lat' dir='ltr'>poeua</span> <span class='ocrx_word' id='word_1_99' title='bbox 679 1801 912 1886; x_wconf 75' lang='lat' dir='ltr'>digni3‚</span> <span class='ocrx_word' id='word_1_100' title='bbox 951 1801 1019 1867; x_wconf 91' lang='lat' dir='ltr'>id</span> <span class='ocrx_word' id='word_1_101' title='bbox 1050 1822 1176 1868; x_wconf 90' lang='lat' dir='ltr'>non</span> <span class='ocrx_word' id='word_1_102' title='bbox 1211 1801 1530 1866; x_wconf 88' lang='lat' dir='ltr'>decrevit.</span> <span class='ocrx_word' id='word_1_103' title='bbox 1579 1801 1667 1865; x_wconf 80' lang='lat' dir='ltr'>Ac</span> <span class='ocrx_word' id='word_1_104' title='bbox 1694 1800 1968 1884; x_wconf 84' lang='lat' dir='ltr'>proinde</span> <span class='ocrx_word' id='word_1_105' title='bbox 2009 1809 2084 1866; x_wconf 88' lang='lat' dir='ltr'>ut</span> <span class='ocrx_word' id='word_1_106' title='bbox 2124 1801 2568 1876; x_wconf 74' lang='lat' dir='ltr'>beneficiatu5‚</span> 
     </span>
     <span class='ocr_line' id='line_1_14' title="bbox 342 1916 2576 2002; baseline -0.002 -17"><span class='ocrx_word' id='word_1_107' title='bbox 342 1919 427 1985; x_wconf 90' lang='lat' dir='ltr'>ob</span> <span class='ocrx_word' id='word_1_108' title='bbox 481 1919 837 2002; x_wconf 78' lang='lat' dir='ltr'>posteriora</span> <span class='ocrx_word' id='word_1_109' title='bbox 889 1917 1027 1983; x_wconf 83' lang='lat' dir='ltr'>haec</span> <span class='ocrx_word' id='word_1_110' title='bbox 1081 1917 1352 1994; x_wconf 84' lang='lat' dir='ltr'>delicta,</span> <span class='ocrx_word' id='word_1_111' title='bbox 1392 1916 1713 1982; x_wconf 84' lang='lat' dir='ltr'>beneficio</span> <span class='ocrx_word' id='word_1_112' title='bbox 1757 1935 1875 1980; x_wconf 87' lang='lat' dir='ltr'>suo</span> <span class='ocrx_word' id='word_1_113' title='bbox 1925 1917 2243 1998; x_wconf 84' lang='lat' dir='ltr'>privetur,</span> <span class='ocrx_word' id='word_1_114' title='bbox 2284 1936 2576 1981; x_wconf 85' lang='lat' dir='ltr'>necessa·</span> 
     </span>
     <span class='ocr_line' id='line_1_15' title="bbox 340 2033 2568 2117; baseline -0.003 -17"><span class='ocrx_word' id='word_1_115' title='bbox 340 2037 434 2100; x_wconf 87' lang='lat' dir='ltr'>ria</span> <span class='ocrx_word' id='word_1_116' title='bbox 484 2043 585 2100; x_wconf 83' lang='lat' dir='ltr'>est</span> <span class='ocrx_word' id='word_1_117' title='bbox 644 2035 966 2099; x_wconf 86' lang='lat' dir='ltr'>sententia</span> <span class='ocrx_word' id='word_1_118' title='bbox 1017 2033 1275 2117; x_wconf 76' lang='lat' dir='ltr'>judicia,</span> <span class='ocrx_word' id='word_1_119' title='bbox 1324 2033 1708 2116; x_wconf 80' lang='lat' dir='ltr'>privationis</span> <span class='ocrx_word' id='word_1_120' title='bbox 1762 2051 2017 2114; x_wconf 85' lang='lat' dir='ltr'>poenam</span> <span class='ocrx_word' id='word_1_121' title='bbox 2074 2033 2568 2115; x_wconf 66' lang='lat' dir='ltr'>pronuntiantia.</span> 
     </span>
    </p>

    <p class='ocr_par' dir='ltr' id='par_1_4' title="bbox 336 2145 2577 2447">
     <span class='ocr_line' id='line_1_16' title="bbox 426 2145 2577 2231; baseline -0.001 -19"><span class='ocrx_word' id='word_1_122' title='bbox 426 2155 584 2213; x_wconf 77' lang='lat' dir='ltr'>Nota</span> <span class='ocrx_word' id='word_1_123' title='bbox 630 2153 713 2212; x_wconf 82' lang='lat'>1⁰.</span> <span class='ocrx_word' id='word_1_124' title='bbox 750 2186 839 2196; x_wconf 92' lang='lat'>—</span> <span class='ocrx_word' id='word_1_125' title='bbox 866 2148 1082 2213; x_wconf 84' lang='lat' dir='ltr'>Verba</span> <span class='ocrx_word' id='word_1_126' title='bbox 1127 2166 1269 2231; x_wconf 84' lang='lat' dir='ltr'>quae</span> <span class='ocrx_word' id='word_1_127' title='bbox 1317 2146 1609 2212; x_wconf 88' lang='lat' dir='ltr'>indicant</span> <span class='ocrx_word' id='word_1_128' title='bbox 1653 2147 2083 2230; x_wconf 78' lang='lat' dir='ltr'>privationem</span> <span class='ocrx_word' id='word_1_129' title='bbox 2135 2154 2260 2227; x_wconf 88' lang='lat' dir='ltr'>ipso</span> <span class='ocrx_word' id='word_1_130' title='bbox 2276 2152 2420 2228; x_wconf 76' lang='lat' dir='ltr'>jure</span> <span class='ocrx_word' id='word_1_131' title='bbox 2459 2145 2577 2210; x_wconf 89' lang='lat' dir='ltr'>de-</span> 
     </span>
     <span class='ocr_line' id='line_1_17' title="bbox 339 2262 2577 2347; baseline -0.002 -17"><span class='ocrx_word' id='word_1_132' title='bbox 339 2266 547 2341; x_wconf 82' lang='lat' dir='ltr'>cerni,</span> <span class='ocrx_word' id='word_1_133' title='bbox 595 2272 747 2330; x_wconf 82' lang='lat' dir='ltr'>sunt</span> <span class='ocrx_word' id='word_1_134' title='bbox 799 2266 919 2330; x_wconf 85' lang='lat' dir='ltr'>ista</span> <span class='ocrx_word' id='word_1_135' title='bbox 966 2286 982 2328; x_wconf 76' lang='lat' dir='ltr'>t</span> <span class='ocrx_word' id='word_1_136' title='bbox 1035 2285 1101 2328; x_wconf 91' lang='lat' dir='ltr'>eo</span> <span class='ocrx_word' id='word_1_137' title='bbox 1150 2271 1308 2346; x_wconf 79' lang='lat' dir='ltr'>ipso,</span> <span class='ocrx_word' id='word_1_138' title='bbox 1339 2264 1446 2329; x_wconf 86' lang='lat' dir='ltr'>vel</span> <span class='ocrx_word' id='word_1_139' title='bbox 1498 2270 1788 2345; x_wconf 75' lang='lat' dir='ltr'>privatus</span> <span class='ocrx_word' id='word_1_140' title='bbox 1843 2269 2106 2340; x_wconf 76' lang='lat' dir='ltr'>existat,</span> <span class='ocrx_word' id='word_1_141' title='bbox 2137 2262 2241 2326; x_wconf 89' lang='lat' dir='ltr'>vel</span> <span class='ocrx_word' id='word_1_142' title='bbox 2296 2263 2577 2347; x_wconf 80' lang='lat' dir='ltr'>aequiva·</span> 
     </span>
     <span class='ocr_line' id='line_1_18' title="bbox 336 2382 570 2447; baseline -0.013 0"><span class='ocrx_word' id='word_1_143' title='bbox 336 2382 570 2447; x_wconf 87' lang='lat' dir='ltr'>lentia.</span> 
     </span>
    </p>

    <p class='ocr_par' dir='ltr' id='par_1_5' title="bbox 335 2494 2577 2813">
     <span class='ocr_line' id='line_1_19' title="bbox 423 2494 2574 2580; baseline -0.001 -18"><span class='ocrx_word' id='word_1_144' title='bbox 423 2503 584 2562; x_wconf 85' lang='lat' dir='ltr'>Nota</span> <span class='ocrx_word' id='word_1_145' title='bbox 612 2500 702 2561; x_wconf 80' lang='lat'>2⁰.</span> <span class='ocrx_word' id='word_1_146' title='bbox 742 2499 932 2563; x_wconf 91' lang='lat' dir='ltr'>—In</span> <span class='ocrx_word' id='word_1_147' title='bbox 965 2497 1166 2563; x_wconf 89' lang='lat' dir='ltr'>dubio</span> <span class='ocrx_word' id='word_1_148' title='bbox 1210 2517 1292 2562; x_wconf 87' lang='lat' dir='ltr'>an</span> <span class='ocrx_word' id='word_1_149' title='bbox 1336 2498 1443 2561; x_wconf 80' lang='lat' dir='ltr'>lex</span> <span class='ocrx_word' id='word_1_150' title='bbox 1482 2497 1703 2580; x_wconf 91' lang='lat' dir='ltr'>privet</span> <span class='ocrx_word' id='word_1_151' title='bbox 1741 2502 1870 2577; x_wconf 85' lang='lat' dir='ltr'>ipso</span> <span class='ocrx_word' id='word_1_152' title='bbox 1898 2503 2063 2578; x_wconf 80' lang='lat' dir='ltr'>jure,</span> <span class='ocrx_word' id='word_1_153' title='bbox 2117 2494 2442 2560; x_wconf 86' lang='lat' dir='ltr'>censenda</span> <span class='ocrx_word' id='word_1_154' title='bbox 2476 2504 2574 2560; x_wconf 87' lang='lat' dir='ltr'>est</span> 
     </span>
     <span class='ocr_line' id='line_1_20' title="bbox 336 2609 2577 2697; baseline -0.001 -20"><span class='ocrx_word' id='word_1_155' title='bbox 336 2631 463 2677; x_wconf 92' lang='lat' dir='ltr'>non</span> <span class='ocrx_word' id='word_1_156' title='bbox 511 2614 772 2695; x_wconf 86' lang='lat' dir='ltr'>privare</span> <span class='ocrx_word' id='word_1_157' title='bbox 811 2613 930 2677; x_wconf 90' lang='lat' dir='ltr'>nisi</span> <span class='ocrx_word' id='word_1_158' title='bbox 967 2632 1089 2697; x_wconf 90' lang='lat' dir='ltr'>per</span> <span class='ocrx_word' id='word_1_159' title='bbox 1132 2611 1371 2697; x_wconf 88' lang='lat' dir='ltr'>judicis</span> <span class='ocrx_word' id='word_1_160' title='bbox 1414 2613 1824 2676; x_wconf 88' lang='lat' dir='ltr'>sententiam.</span> <span class='ocrx_word' id='word_1_161' title='bbox 1876 2609 2040 2677; x_wconf 90' lang='lat' dir='ltr'>Odia</span> <span class='ocrx_word' id='word_1_162' title='bbox 2084 2611 2253 2675; x_wconf 88' lang='lat' dir='ltr'>enim</span> <span class='ocrx_word' id='word_1_163' title='bbox 2295 2616 2446 2675; x_wconf 84' lang='lat' dir='ltr'>sunt</span> <span class='ocrx_word' id='word_1_164' title='bbox 2476 2629 2577 2674; x_wconf 88' lang='lat' dir='ltr'>re-</span> 
     </span>
     <span class='ocr_line' id='line_1_21' title="bbox 335 2726 735 2813; baseline -0.003 -20"><span class='ocrx_word' id='word_1_165' title='bbox 335 2726 735 2813; x_wconf 87' lang='lat' dir='ltr'>stringenda.</span> 
     </span>
    </p>

    <p class='ocr_par' dir='ltr' id='par_1_6' title="bbox 337 2839 2578 3495">
     <span class='ocr_line' id='line_1_22' title="bbox 425 2839 2575 2925; baseline -0.001 -18"><span class='ocrx_word' id='word_1_166' title='bbox 425 2848 586 2907; x_wconf 85' lang='lat' dir='ltr'>Nota</span> <span class='ocrx_word' id='word_1_167' title='bbox 609 2845 702 2908; x_wconf 89' lang='lat'>3⁰.</span> <span class='ocrx_word' id='word_1_168' title='bbox 736 2879 826 2891; x_wconf 95' lang='lat'>—</span> <span class='ocrx_word' id='word_1_169' title='bbox 854 2842 1129 2923; x_wconf 78' lang='lat' dir='ltr'>Quando</span> <span class='ocrx_word' id='word_1_170' title='bbox 1166 2841 1478 2907; x_wconf 84' lang='lat' dir='ltr'>delictum</span> <span class='ocrx_word' id='word_1_171' title='bbox 1517 2860 1646 2905; x_wconf 92' lang='lat' dir='ltr'>non</span> <span class='ocrx_word' id='word_1_172' title='bbox 1680 2849 1780 2905; x_wconf 88' lang='lat' dir='ltr'>est</span> <span class='ocrx_word' id='word_1_173' title='bbox 1811 2839 1896 2906; x_wconf 90' lang='lat' dir='ltr'>dc</span> <span class='ocrx_word' id='word_1_174' title='bbox 1934 2842 2031 2917; x_wconf 73' lang='lat' dir='ltr'>iia,</span> <span class='ocrx_word' id='word_1_175' title='bbox 2070 2859 2191 2925; x_wconf 88' lang='lat' dir='ltr'>pro</span> <span class='ocrx_word' id='word_1_176' title='bbox 2219 2840 2456 2924; x_wconf 86' lang='lat' dir='ltr'>quibus</span> <span class='ocrx_word' id='word_1_177' title='bbox 2482 2840 2575 2904; x_wconf 89' lang='lat' dir='ltr'>le-</span> 
     </span>
     <span class='ocr_line' id='line_1_23' title="bbox 337 2955 2578 3042; baseline -0.002 -19"><span class='ocrx_word' id='word_1_178' title='bbox 337 2959 602 3040; x_wconf 84' lang='lat' dir='ltr'>gislator</span> <span class='ocrx_word' id='word_1_179' title='bbox 633 2958 1063 3042; x_wconf 80' lang='lat' dir='ltr'>privationem</span> <span class='ocrx_word' id='word_1_180' title='bbox 1096 2965 1225 3038; x_wconf 81' lang='lat' dir='ltr'>ipso</span> <span class='ocrx_word' id='word_1_181' title='bbox 1239 2964 1386 3039; x_wconf 76' lang='lat' dir='ltr'>jure</span> <span class='ocrx_word' id='word_1_182' title='bbox 1426 2955 1888 3021; x_wconf 89' lang='lat' dir='ltr'>incurrendam</span> <span class='ocrx_word' id='word_1_183' title='bbox 1918 2955 2235 3032; x_wconf 87' lang='lat' dir='ltr'>decrevit,</span> <span class='ocrx_word' id='word_1_184' title='bbox 2274 2964 2349 3020; x_wconf 92' lang='lat' dir='ltr'>ut</span> <span class='ocrx_word' id='word_1_185' title='bbox 2377 2956 2578 3021; x_wconf 87' lang='lat' dir='ltr'>benc-</span> 
     </span>
     <span class='ocr_line' id='line_1_24' title="bbox 339 3070 2568 3155; baseline -0.001 -19"><span class='ocrx_word' id='word_1_186' title='bbox 339 3071 591 3138; x_wconf 87' lang='lat' dir='ltr'>ficiatus</span> <span class='ocrx_word' id='word_1_187' title='bbox 628 3074 948 3155; x_wconf 88' lang='lat' dir='ltr'>privetur,</span> <span class='ocrx_word' id='word_1_188' title='bbox 988 3091 1119 3137; x_wconf 89' lang='lat' dir='ltr'>non</span> <span class='ocrx_word' id='word_1_189' title='bbox 1150 3073 1379 3137; x_wconf 88' lang='lat' dir='ltr'>sufficit</span> <span class='ocrx_word' id='word_1_190' title='bbox 1410 3091 1557 3137; x_wconf 89' lang='lat' dir='ltr'>eum</span> <span class='ocrx_word' id='word_1_191' title='bbox 1594 3070 2013 3136; x_wconf 89' lang='lat' dir='ltr'>condemnari</span> <span class='ocrx_word' id='word_1_192' title='bbox 2040 3071 2125 3136; x_wconf 91' lang='lat' dir='ltr'>de</span> <span class='ocrx_word' id='word_1_193' title='bbox 2153 3071 2278 3135; x_wconf 86' lang='lat' dir='ltr'>hoc</span> <span class='ocrx_word' id='word_1_194' title='bbox 2309 3070 2568 3147; x_wconf 90' lang='lat' dir='ltr'>delict0,</span> 
     </span>
     <span class='ocr_line' id='line_1_25' title="bbox 339 3180 2574 3267; baseline -0.001 -19"><span class='ocrx_word' id='word_1_195' title='bbox 339 3185 524 3250; x_wconf 87' lang='lat' dir='ltr'>verbi</span> <span class='ocrx_word' id='word_1_196' title='bbox 554 3185 783 3267; x_wconf 85' lang='lat' dir='ltr'>gratia,</span> <span class='ocrx_word' id='word_1_197' title='bbox 819 3183 906 3249; x_wconf 88' lang='lat' dir='ltr'>de</span> <span class='ocrx_word' id='word_1_198' title='bbox 951 3183 1296 3249; x_wconf 88' lang='lat' dir='ltr'>homicidio</span> <span class='ocrx_word' id='word_1_199' title='bbox 1334 3206 1347 3247; x_wconf 90' lang='lat'>:</span> <span class='ocrx_word' id='word_1_200' title='bbox 1384 3182 1504 3247; x_wconf 90' lang='lat' dir='ltr'>sed</span> <span class='ocrx_word' id='word_1_201' title='bbox 1539 3182 1742 3247; x_wconf 88' lang='lat' dir='ltr'>debet</span> <span class='ocrx_word' id='word_1_202' title='bbox 1773 3180 1977 3264; x_wconf 86' lang='lat' dir='ltr'>judex</span> <span class='ocrx_word' id='word_1_203' title='bbox 2005 3183 2070 3243; x_wconf 90' lang='lat' dir='ltr'>in</span> <span class='ocrx_word' id='word_1_204' title='bbox 2109 3200 2221 3246; x_wconf 90' lang='lat' dir='ltr'>sua</span> <span class='ocrx_word' id='word_1_205' title='bbox 2253 3183 2574 3245; x_wconf 84' lang='lat' dir='ltr'>sententia</span> 
     </span>
     <span class='ocr_line' id='line_1_26' title="bbox 338 3293 2573 3380; baseline -0.004 -16"><span class='ocrx_word' id='word_1_206' title='bbox 338 3316 647 3380; x_wconf 85' lang='lat' dir='ltr'>expresse</span> <span class='ocrx_word' id='word_1_207' title='bbox 691 3297 936 3374; x_wconf 88' lang='lat' dir='ltr'>dicere,</span> <span class='ocrx_word' id='word_1_208' title='bbox 999 3317 1068 3362; x_wconf 90' lang='lat' dir='ltr'>se</span> <span class='ocrx_word' id='word_1_209' title='bbox 1115 3297 1548 3380; x_wconf 87' lang='lat' dir='ltr'>privationem</span> <span class='ocrx_word' id='word_1_210' title='bbox 1596 3295 2042 3379; x_wconf 85' lang='lat' dir='ltr'>pronuntiare.</span> <span class='ocrx_word' id='word_1_211' title='bbox 2097 3293 2286 3379; x_wconf 84' lang='lat' dir='ltr'>(Vide</span> <span class='ocrx_word' id='word_1_212' title='bbox 2333 3293 2573 3358; x_wconf 85' lang='lat' dir='ltr'>Leure-</span> 
     </span>
     <span class='ocr_line' id='line_1_27' title="bbox 338 3407 1311 3495; baseline -0.003 -20"><span class='ocrx_word' id='word_1_213' title='bbox 338 3412 536 3488; x_wconf 88' lang='lat' dir='ltr'>nium,</span> <span class='ocrx_word' id='word_1_214' title='bbox 578 3411 722 3476; x_wconf 89' lang='lat' dir='ltr'>loco</span> <span class='ocrx_word' id='word_1_215' title='bbox 755 3411 978 3487; x_wconf 77' lang='lat' dir='ltr'>citam,</span> <span class='ocrx_word' id='word_1_216' title='bbox 1016 3428 1082 3495; x_wconf 88' lang='lat' dir='ltr'>q.</span> <span class='ocrx_word' id='word_1_217' title='bbox 1134 3407 1311 3491; x_wconf 85' lang='grc'><strong>175.)</strong></span> 
     </span>
    </p>

    <p class='ocr_par' dir='ltr' id='par_1_7' title="bbox 338 3525 2576 4185">
     <span class='ocr_line' id='line_1_28' title="bbox 425 3525 2573 3605; baseline -0.004 -13"><span class='ocrx_word' id='word_1_218' title='bbox 425 3527 700 3593; x_wconf 68' lang='lat' dir='ltr'>Ill-:aum</span> <span class='ocrx_word' id='word_1_219' title='bbox 747 3527 912 3591; x_wconf 77' lang='lat' dir='ltr'><strong>VIP.</strong></span> <span class='ocrx_word' id='word_1_220' title='bbox 972 3562 1062 3573; x_wconf 92' lang='lat'><strong>—</strong></span> <span class='ocrx_word' id='word_1_221' title='bbox 1110 3529 1383 3589; x_wconf 71' lang='lat' dir='ltr'>Vicat-ius</span> <span class='ocrx_word' id='word_1_222' title='bbox 1424 3526 1724 3605; x_wconf 74' lang='lat' dir='ltr'>qeneralis</span> <span class='ocrx_word' id='word_1_223' title='bbox 1759 3526 2041 3604; x_wconf 79' lang='lat' dir='ltr'>Episcopi</span> <span class='ocrx_word' id='word_1_224' title='bbox 2080 3527 2306 3602; x_wconf 80' lang='lat' dir='ltr'>nequit,</span> <span class='ocrx_word' id='word_1_225' title='bbox 2357 3525 2573 3601; x_wconf 73' lang='lat' dir='ltr'>absque</span> 
     </span>
     <span class='ocr_line' id='line_1_29' title="bbox 338 3637 2576 3724; baseline -0.002 -19"><span class='ocrx_word' id='word_1_226' title='bbox 338 3646 584 3724; x_wconf 73' lang='lat' dir='ltr'>speciali</span> <span class='ocrx_word' id='word_1_227' title='bbox 628 3645 914 3705; x_wconf 75' lang='lat' dir='ltr'>mandato</span> <span class='ocrx_word' id='word_1_228' title='bbox 956 3646 1259 3723; x_wconf 80' lang='lat' dir='ltr'>Episcopi,</span> <span class='ocrx_word' id='word_1_229' title='bbox 1306 3646 1675 3721; x_wconf 82' lang='lat' dir='ltr'>privationis</span> <span class='ocrx_word' id='word_1_230' title='bbox 1703 3659 1931 3721; x_wconf 80' lang='lat' dir='ltr'>poenam</span> <span class='ocrx_word' id='word_1_231' title='bbox 1979 3639 2276 3719; x_wconf 77' lang='lat' dir='ltr'>insliqere.</span> <span class='ocrx_word' id='word_1_232' title='bbox 2305 3674 2394 3685; x_wconf 90' lang='lat'>--</span> <span class='ocrx_word' id='word_1_233' title='bbox 2416 3637 2576 3702; x_wconf 90' lang='lat' dir='ltr'>Con-</span> 
     </span>
     <span class='ocr_line' id='line_1_30' title="bbox 341 3751 2572 3839; baseline -0.002 -18"><span class='ocrx_word' id='word_1_234' title='bbox 341 3764 469 3821; x_wconf 82' lang='lat' dir='ltr'>stat</span> <span class='ocrx_word' id='word_1_235' title='bbox 504 3776 585 3821; x_wconf 85' lang='lat' dir='ltr'>ex</span> <span class='ocrx_word' id='word_1_236' title='bbox 627 3757 842 3838; x_wconf 84' lang='lat' dir='ltr'>capite</span> <span class='ocrx_word' id='word_1_237' title='bbox 880 3760 1043 3820; x_wconf 83' lang='lat' dir='ltr'>Licet</span> <span class='ocrx_word' id='word_1_238' title='bbox 1085 3756 1182 3839; x_wconf 81' lang='lat' dir='ltr'>(de</span> <span class='ocrx_word' id='word_1_239' title='bbox 1213 3756 1427 3834; x_wconf 79' lang='lat' dir='ltr'>Officio</span> <span class='ocrx_word' id='word_1_240' title='bbox 1460 3761 1702 3829; x_wconf 81' lang='lat' dir='ltr'>vicarii,</span> <span class='ocrx_word' id='word_1_241' title='bbox 1754 3757 1816 3818; x_wconf 93' lang='lat' dir='ltr'>in</span> <span class='ocrx_word' id='word_1_242' title='bbox 1849 3751 1941 3835; x_wconf 83' lang='lat'>6),</span> <span class='ocrx_word' id='word_1_243' title='bbox 1972 3754 2037 3816; x_wconf 91' lang='lat' dir='ltr'>in</span> <span class='ocrx_word' id='word_1_244' title='bbox 2063 3770 2192 3835; x_wconf 91' lang='lat' dir='ltr'>quo</span> <span class='ocrx_word' id='word_1_245' title='bbox 2222 3752 2311 3816; x_wconf 85' lang='lat' dir='ltr'>sic</span> <span class='ocrx_word' id='word_1_246' title='bbox 2344 3751 2572 3817; x_wconf 85' lang='lat' dir='ltr'>decer-</span> 
     </span>
     <span class='ocr_line' id='line_1_31' title="bbox 341 3868 2563 3950; baseline -0.003 -16"><span class='ocrx_word' id='word_1_247' title='bbox 341 3871 517 3935; x_wconf 82' lang='lat' dir='ltr'>nitur</span> <span class='ocrx_word' id='word_1_248' title='bbox 559 3892 574 3935; x_wconf 89' lang='lat'>:</span> <span class='ocrx_word' id='word_1_249' title='bbox 619 3875 982 3935; x_wconf 79' lang='lat' dir='ltr'>Potestacem</span> <span class='ocrx_word' id='word_1_250' title='bbox 1015 3879 1295 3933; x_wconf 79' lang='lat' dir='ltr'>tamen...</span> <span class='ocrx_word' id='word_1_251' title='bbox 1333 3872 1566 3950; x_wconf 71' lang='lat' dir='ltr'>aliquos</span> <span class='ocrx_word' id='word_1_252' title='bbox 1597 3889 1636 3930; x_wconf 87' lang='lat' dir='ltr'>a</span> <span class='ocrx_word' id='word_1_253' title='bbox 1661 3875 1786 3930; x_wconf 81' lang='lat' dir='ltr'>suis</span> <span class='ocrx_word' id='word_1_254' title='bbox 1810 3868 2190 3945; x_wconf 78' lang='lat' dir='ltr'>beneficiis...</span> <span class='ocrx_word' id='word_1_255' title='bbox 2228 3871 2563 3945; x_wconf 80' lang='lat' dir='ltr'>amovendi,</span> 
     </span>
     <span class='ocr_line' id='line_1_32' title="bbox 344 3984 2574 4066; baseline -0.003 -17"><span class='ocrx_word' id='word_1_256' title='bbox 344 3989 665 4066; x_wconf 77' lang='lat' dir='ltr'>transferri</span> <span class='ocrx_word' id='word_1_257' title='bbox 688 3988 964 4047; x_wconf 75' lang='lat' dir='ltr'>nolumus</span> <span class='ocrx_word' id='word_1_258' title='bbox 988 3992 1059 4047; x_wconf 76' lang='lat' dir='ltr'>in</span> <span class='ocrx_word' id='word_1_259' title='bbox 1084 3988 1375 4060; x_wconf 79' lang='lat' dir='ltr'>eumdem,</span> <span class='ocrx_word' id='word_1_260' title='bbox 1409 3989 1533 4046; x_wconf 81' lang='lat' dir='ltr'>nisi</span> <span class='ocrx_word' id='word_1_261' title='bbox 1558 3986 1676 4046; x_wconf 83' lang='lat' dir='ltr'>sibi</span> <span class='ocrx_word' id='word_1_262' title='bbox 1688 3986 2026 4064; x_wconf 83' lang='lat' dir='ltr'>specialiter</span> <span class='ocrx_word' id='word_1_263' title='bbox 2057 3984 2178 4044; x_wconf 77' lang='lat' dir='ltr'>hoec</span> <span class='ocrx_word' id='word_1_264' title='bbox 2189 3988 2574 4045; x_wconf 82' lang='lat' dir='ltr'>committan-</span> 
     </span>
     <span class='ocr_line' id='line_1_33' title="bbox 346 4094 2572 4185; baseline -0.001 -23"><span class='ocrx_word' id='word_1_265' title='bbox 346 4108 465 4164; x_wconf 73' lang='lat' dir='ltr'>tur.</span> <span class='ocrx_word' id='word_1_266' title='bbox 510 4098 699 4185; x_wconf 88' lang='lat' dir='ltr'>(Vide</span> <span class='ocrx_word' id='word_1_267' title='bbox 748 4118 965 4165; x_wconf 87' lang='lat' dir='ltr'>meum</span> <span class='ocrx_word' id='word_1_268' title='bbox 1004 4106 1354 4166; x_wconf 85' lang='lat' dir='ltr'>tractatum</span> <span class='ocrx_word' id='word_1_269' title='bbox 1393 4102 1469 4163; x_wconf 83' lang='lat' dir='ltr'>dc</span> <span class='ocrx_word' id='word_1_270' title='bbox 1500 4101 1783 4176; x_wconf 73' lang='lat' dir='ltr'>Iudiciis,</span> <span class='ocrx_word' id='word_1_271' title='bbox 1815 4105 1993 4163; x_wconf 88' lang='lat' dir='ltr'>tomo</span> <span class='ocrx_word' id='word_1_272' title='bbox 2026 4099 2083 4174; x_wconf 93' lang='grc'>1,</span> <span class='ocrx_word' id='word_1_273' title='bbox 2127 4099 2357 4180; x_wconf 85' lang='lat' dir='ltr'>pagina</span> <span class='ocrx_word' id='word_1_274' title='bbox 2385 4094 2572 4181; x_wconf 80' lang='grc'>415.)</span> 
     </span>
    </p>
   </div>
  </div>
 </body>
</html>
