3146 4973
1272 334 1431 382 »Ans
1475 336 1734 384 Teum.
2485 327 2600 388 321

390 461 610 535 videre,
640 464 841 521 omnia
881 458 1165 536 beneficia
1199 460 1598 524 ecclesiastica
1632 480 1765 524 cum
1801 481 1947 525 cura
1977 471 2035 525 et
2077 468 2206 526 sine
2237 482 2406 545 cura,
2439 484 2613 529 soecu·

389 574 547 636 laria
574 579 634 635 et
665 577 1009 654 quorumvis
1031 574 1311 636 ordinum
1340 577 1673 656 reqularia‚
1698 580 2203 660 qualitercumque
2230 581 2606 661 qualificata,

387 695 446 749 et
492 689 840 769 ubicumque
884 694 1174 766 existant,
1228 694 1294 751 in
1340 693 1604 771 sinqulis
1627 697 1932 774 januarii,
1989 695 2307 775 februarii,
2364 698 2605 777 aprilis,

388 807 558 883 maii,
597 808 790 886 junii,
844 809 1111 885 anqusti,
1163 807 1416 867 octobris
1451 812 1512 869 et
1550 810 1886 871 novembris
1927 813 2245 888 mensibus,
2305 830 2485 892 usque
2532 813 2615 875 ad

388 938 511 980 sace
536 921 868 983 voluntatis
898 922 1350 1002 beneplacitum,
1383 929 1563 985 extra
1594 927 1921 987 Romanam
1951 932 2205 1003 curiam,
2254 927 2411 988 alias
2434 945 2612 1006 quam

378 1053 492 1116 per
521 1041 983 1117 resiqnationem
1007 1056 1364 1118 quocumque
1396 1041 1569 1102 modo
1598 1047 1912 1119 vacatura,
1939 1043 2023 1104 ad
2038 1044 2437 1122 collationem,
2468 1061 2616 1123 pro-

392 1156 699 1232 visionem,
728 1156 1277 1233 proesmtatim,
1332 1156 1672 1217 electionem
1717 1162 1775 1218 et
1814 1161 2084 1236 quamvis
2135 1158 2324 1219 aliam
2367 1160 2617 1239 disposi-

324 1272 607 1333 ationem
669 1287 1162 1349 quorumcumque
1216 1271 1655 1335 collatorum...
1716 1273 2148 1352 quomodolibet
2201 1278 2607 1354 pertinentia,

389 1384 770 1464 dispositioni
792 1402 914 1444 suoe
946 1386 1308 1463 qeneraliter
1331 1392 1684 1449 reservavit.
1701 1434 1717 1449 .
1731 1435 1745 1449 .

478 1500 729 1579 Insuper
758 1500 1064 1562 Sanctitas
1092 1502 1241 1577 Sua,
1287 1501 1371 1562 ad
1407 1501 1886 1580 qratificandum
1924 1504 2328 1583 Patriarchis,
2371 1504 2619 1567 Arcbie-

380 1618 642 1695 piscopis
671 1620 729 1675 et
778 1617 1087 1694 Episcopis
1136 1619 1392 1691 intenta,
1438 1620 1613 1696 ipsis,
1671 1620 1941 1697 quandiu
1990 1621 2155 1700 apud
2189 1620 2462 1682 ecclesias
2509 1628 2617 1683 aut

387 1730 658 1792 dioeceses
688 1748 829 1791 suas
863 1748 999 1791 vere
1033 1748 1104 1791 ac
1129 1732 1534 1810 personaliter
1571 1735 1904 1795 resederint
1933 1732 2289 1813 dumtaccat,
2321 1736 2396 1797 de
2430 1741 2619 1798 omni-

389 1845 494 1905 bus
517 1852 578 1906 et
595 1845 1053 1925 quibuscumque
1081 1844 1382 1922 beneficiis
1402 1848 1842 1926 ecclesiasticis,
1874 1867 2004 1910 cum
2027 1868 2170 1911 cura
2193 1856 2254 1911 et
2280 1854 2408 1912 sine
2440 1869 2610 1931 cura,

387 1963 770 2023 soecularibus
821 1970 881 2023 et
930 1962 1309 2042 reqularibus
1356 1961 1469 2049 (ad
1501 1964 1754 2025 liberam
1791 1969 2059 2044 ipsorum
2094 1968 2451 2044 dumtaxat,
2497 1985 2617 2029 non

386 2083 585 2138 autem
624 2078 885 2139 aliorum
924 2096 1056 2139 cum
1093 2080 1211 2152 eis,
1258 2079 1796 2159 dispositionem...
1825 2079 2322 2163 pertinentibus),
2381 2099 2512 2163 quoe
2551 2087 2617 2144 in

386 2199 565 2254 antea
624 2197 692 2255 in
739 2194 1036 2255 mensibus
1086 2195 1404 2273 februarii,
1446 2196 1689 2274 aprilis,
1734 2196 1911 2277 julii,
1956 2201 2225 2276 any-asti,
2262 2198 2517 2259 octobris
2559 2205 2618 2259 et

386 2309 710 2370 decembris
739 2314 918 2370 extra
964 2313 1196 2370 curiam
1246 2312 1441 2389 ipsam
1491 2328 1707 2371 vacare
1738 2314 2081 2390 contiqerit.
2098 2359 2111 2373 .
2129 2359 2171 2387 .,
2208 2312 2388 2373 libere
2423 2313 2620 2392 dispo-

386 2424 571 2485 nendi
598 2425 948 2505 facultatem
976 2425 1324 2486 concedit...

382 2512 386 2517 ’
474 2544 583 2604 Illi
619 2560 759 2604 vero
788 2545 893 2621 qui
919 2545 1183 2621 qratiam
1217 2543 1600 2604 alternativae
1615 2544 1929 2623 proedictae
1959 2550 2261 2625 acceptare
2293 2546 2613 2620 voluerint,

352 2665 367 2680 '
387 2663 847 2740 acceptationem
870 2657 1212 2740 hujusmodi
1236 2677 1351 2738 per
1376 2664 1654 2738 patentes
1682 2660 1941 2733 litteras,
1986 2677 2171 2721 manu
2193 2663 2452 2741 propria
2482 2661 2619 2722 sub·

387 2779 666 2856 scriptas,
729 2791 944 2853 suoque
984 2773 1190 2852 siqillo
1235 2777 1525 2850 munitas,
1575 2778 1633 2835 et
1681 2779 1750 2835 in
1791 2792 1902 2836 sua
1945 2779 2190 2854 quisque
2233 2779 2480 2838 civitate
2523 2776 2619 2836 vel

386 2892 623 2953 dioecesi
649 2891 828 2952 datas
860 2889 1192 2966 declarare,
1218 2893 1277 2948 et
1311 2889 1548 2950 litteras
1587 2892 1750 2967 ipsas
1777 2888 1891 2950 huc
1913 2890 1999 2951 ad
2025 2892 2348 2952 Datarium
2377 2892 2619 2952 Sancti-

388 3009 537 3068 tatis
564 3009 702 3070 Siue
733 3007 1141 3068 transmittere
1174 3008 1469 3065 teneatur.

476 3120 570 3185 Ex
602 3118 721 3183 hac
763 3119 909 3202 lege
942 3115 1373 3182 ecclesiastica
1391 3164 1407 3191 ‚
1445 3114 1660 3200 quoad
1707 3118 2158 3199 parochiarum
2208 3120 2614 3185 collationem

385 3234 523 3298 hoec
551 3227 945 3299 deducendo
972 3231 1242 3295 veniunt
1276 3253 1290 3295 ε

481 3355 545 3414 1⁰
581 3349 716 3415 Nisi
745 3353 1081 3431 acceptata
1116 3347 1319 3412 fuerit
1362 3346 1446 3411 ab
1482 3345 1806 3430 Episcopo
1846 3347 2253 3425 alternative,
2292 3348 2612 3430 parochiae

383 3486 526 3553 quae
564 3472 797 3531 vacant
832 3466 899 3527 in
927 3463 1141 3547 aliquo
1170 3482 1253 3528 ex
1283 3480 1479 3545 supra
1516 3463 1863 3528 nominatis
1898 3471 2047 3528 octo
2082 3461 2434 3539 mensibuS,
2469 3481 2617 3528 con-

386 3582 548 3646 ferri
590 3586 928 3665 nequeunt
970 3578 1091 3642 nisi
1127 3597 1162 3642 a
1200 3578 1487 3642 Romano
1532 3577 1871 3644 Pontifice.
1924 3577 2080 3658 Quae
2129 3584 2346 3642 autem
2384 3585 2616 3643 vacant

382 3701 451 3762 in
493 3705 772 3782 quatuor
819 3695 960 3760 aliis
996 3693 1358 3771 mensibus-3,
1405 3714 1442 3757 a
1480 3693 1899 3759 collatoribus
1933 3692 2279 3759 ordinariis
2327 3694 2614 3759 conferri

384 3821 688 3899 possunt3
728 3811 922 3878 modo
962 3818 1181 3876 tamen
1222 3829 1303 3874 ex
1341 3810 1466 3874 alio
1502 3809 1717 3895 aliquo
1758 3810 1951 3875 titulo
1998 3809 2208 3895 (verbi
2243 3811 2484 3893 gratia,
2528 3830 2612 3876 ex

382 3948 467 3997 eo
498 3928 676 4015 quod
718 3936 952 3995 vacent
996 3927 1062 3990 in
1109 3925 1394 3991 Romana
1441 3923 1641 4008 curia)
1690 3943 1821 3989 non
1864 3925 1990 3990 sint
2035 3925 2414 4007 Apostolicae
2460 3924 2612 3991 Sedi

568 4067 607 4111 v
649 4053 753 4111 tae.

380 4066 647 4231 res38131
698 4169 1081 4246 acceptetur
1114 4160 1198 4226 ab
1235 4159 1550 4243 Episcopo
1601 4155 1988 4222 alternative
2002 4203 2020 4231 ‚
2076 4164 2235 4222 tunc
2294 4156 2607 4240 parochiae

384 4285 550 4368 (quoe
568 4329 585 4356 ‚
637 4279 890 4346 seclusa
937 4276 1377 4343 reservatione
1421 4272 1647 4358 Populi
1666 4321 1682 4350 ‚
1739 4273 2149 4355 pertinerent
2200 4269 2288 4336 ad
2331 4271 2607 4337 liberum

382 4395 677 4482 Episcopi
711 4387 1140 4476 collationem)
1165 4388 1447 4455 conferri
1474 4394 1788 4472 poterunt
1819 4385 1902 4451 ab
1929 4386 2263 4470 Episcopo,
2291 4385 2360 4549 nsi2
2379 4393 2608 4451 vacent

2368 4495 2391 4551 1
