3146 4973
508 326 631 390 140
1178 337 1555 385 mern-ns
1595 338 1683 384 nn
1727 336 2052 385 mmmm.

496 458 1176 529 excommunicationis
1212 457 1618 541 spiritualem
1664 457 1951 541 gladium
2001 474 2276 523 exerere
2297 504 2315 535 ,
2370 476 2565 524 nemo
2613 478 2740 526 non

499 578 681 645 videt
727 578 934 643 multo
990 575 1381 659 prudentius
1435 574 1789 658 episcopali
1839 572 2086 659 judicio
2144 573 2465 659 ejusmodi
2518 594 2741 642 causas

496 691 900 758 definiendas
938 690 1282 757 reservari.
1324 688 1512 754 Unde
1550 697 1847 773 spectato
1878 688 2027 774 jure
2070 690 2383 768 naturali,
2432 709 2562 757 non
2600 698 2740 757 tan-

496 816 638 873 tum
684 827 815 874 nou
864 806 1065 890 exigit
1116 803 1484 888 parochiale
1523 802 1829 882 officium,
1857 811 1931 869 ut
1967 803 2089 869 sibi
2129 805 2733 872 excommunicandi

496 930 784 1006 potestas
837 927 1245 999 annectatur,
1306 917 1425 985 sed
1476 921 1695 1003 potius
1755 920 2044 1004 postulat
2107 918 2401 986 fidelium
2456 921 2731 998 utilitas,

496 1046 571 1103 ut
615 1039 729 1103 tali
766 1038 1197 1122 praerogativa
1244 1043 1509 1100 careant
1559 1034 1846 1119 parochi.
1892 1036 1974 1100 Et
2015 1044 2338 1118 praeterea
2384 1035 2513 1101 huc
2564 1037 2739 1103 redit

494 1159 948 1235 argumentum
988 1171 1071 1216 ex
1113 1149 1428 1214 hodierna
1483 1150 1785 1216 Ecclesiae
1844 1150 2028 1231 praxi
2073 1171 2087 1214 :
2131 1169 2261 1215 nou
2317 1151 2487 1216 enim
2538 1153 2739 1235 magis

494 1272 712 1350 potest
743 1266 1019 1333 ecclesia
1048 1284 1272 1331 errare
1313 1266 1482 1330 circa
1514 1264 1621 1349 jus
1662 1264 1953 1329 divinum
1982 1266 2303 1343 naturale,
2332 1283 2526 1350 quam
2565 1268 2737 1332 circa

487 1382 596 1466 jus
641 1382 939 1447 divinum
987 1383 1373 1465 positivum3
1435 1400 1633 1464 porro
1682 1381 1968 1446 Ecclesia
2024 1379 2219 1446 hodie
2268 1400 2397 1448 non
2446 1382 2733 1466 agnoscit

491 1500 559 1563 in
604 1497 902 1581 parochis
958 1497 1562 1563 excommunicandi
1617 1503 2051 1580 potestatem3
2114 1516 2271 1580 ergo
2320 1517 2396 1563 ea
2445 1506 2730 1580 potestas

494 1613 588 1678 eis
624 1632 707 1677 ex
748 1610 898 1696 jure
936 1612 1214 1677 naturali
1264 1631 1392 1677 non
1432 1613 1767 1696 competit.
1812 1614 1983 1694 Ergo
2018 1611 2197 1676 nullo
2236 1632 2425 1677 sensu
2462 1632 2546 1677 ex
2576 1610 2725 1695 jure

495 1727 717 1792 divino
754 1734 1024 1810 possunt
1069 1727 1334 1809 parochi
1378 1726 1982 1792 excommunicandi
2019 1726 2396 1793 facultatem
2436 1725 2558 1791 sibi
2594 1726 2731 1790 vin-

494 1841 739 1909 dicare.

583 1961 667 2033 11.
723 1961 858 2025 Nec
909 1968 1177 2043 possunt
1225 1978 1370 2025 eam
1415 1958 1534 2024 sibi
1583 1959 1878 2025 tribuere
1927 1978 2010 2025 ex
2056 1960 2203 2041 lege
2254 1957 2728 2039 ecclesiastica3

494 2074 671 2158 quod
702 2076 793 2139 sic
824 2074 1164 2158 multiplici
1197 2074 1393 2141 modo
1424 2074 1691 2158 probari
1721 2080 1940 2158 potest
1976 2096 1990 2138 ε

590 2192 654 2253 1⁰
683 2190 779 2254 Ex
815 2208 896 2255 eo
924 2189 1100 2274 quod
1130 2210 1262 2256 non
1293 2191 1539 2274 possint
1569 2189 1847 2273 probare
1873 2209 1943 2255 se
1968 2190 2052 2256 ab
2081 2189 2370 2256 Ecclesia
2395 2209 2471 2255 ea
2496 2208 2734 2272 praero-

491 2306 705 2387 gativa
730 2303 1004 2371 donatos
1031 2306 1252 2372 fuisse.
1289 2309 1451 2372 Nam
1478 2314 1554 2371 ut
1579 2307 1724 2390 quis
1754 2306 1957 2389 possit
1982 2306 2269 2389 legitime
2292 2304 2400 2389 jus
2425 2304 2691 2390 aliquod
2708 2354 2723 2383 ,

491 2426 800 2504 tanquam
820 2421 903 2485 ab
931 2422 1364 2488 ecclesiastica
1389 2423 1535 2506 lege
1556 2421 1682 2488 sibi
1706 2440 2081 2488 concessum
2099 2470 2114 2500 ,
2141 2420 2499 2499 vindicare,
2528 2419 2732 2489 debet

493 2541 675 2600 certa
710 2536 976 2619 probari
1009 2537 1380 2621 hujusmodi
1427 2540 1778 2604 concessio,
1818 2539 1884 2602 Si
1914 2558 2043 2605 non
2074 2545 2334 2605 constet
2363 2536 2448 2603 de
2478 2557 2731 2602 conces-

493 2650 692 2727 sione,
743 2651 1077 2736 illegitime
1128 2653 1250 2718 hoc
1294 2652 1444 2738 jure
1491 2660 1743 2732 utetur,
1798 2673 1950 2731 seu,
1996 2653 2176 2738 quod
2212 2652 2389 2718 idem
2440 2660 2577 2726 est.
2625 2650 2731 2736 jus

493 2764 654 2829 illud
708 2764 792 2831 ad
840 2768 1054 2850 ipsum
1103 2787 1231 2832 non
1285 2770 1593 2851 pertinet.
1649 2773 1791 2835 Jam
1839 2789 1998 2836 vero
2047 2769 2431 2853 parochistae
2478 2768 2729 2833 nullum

492 2898 842 2958 canonem,
885 2883 1127 2948 nullam
1182 2881 1590 2949 pontificiam
1644 2884 1857 2967 legem
1883 2933 1898 2960 ‚
1958 2885 2211 2950 nullum
2259 2882 2565 2968 generale
2613 2882 2730 2949 de-

493 3004 749 3063 cretum
795 3000 1081 3083 allegare
1124 3009 1394 3084 possunt
1417 3050 1432 3079 ,
1486 3000 1724 3085 quibus
1769 3009 1954 3067 certo
1995 3007 2250 3068 constet
2292 3000 2730 3066 excommuni-

491 3112 685 3178 candi
736 3121 1131 3197 potestatem
1174 3118 1416 3181 curatis
1463 3117 1662 3181 fuisse
1705 3134 2101 3182 concessam.
2151 3117 2415 3181 Summo
2461 3112 2727 3199 quidem

491 3227 717 3293 labore
771 3230 1138 3298 traditionis
1182 3239 1253 3297 et
1301 3232 1703 3317 antiquitatis
1754 3239 2170 3298 monumenta
2220 3236 2654 3296 excusserunt
2705 3251 2719 3293 ε

493 3350 593 3408 ast
621 3344 936 3413 incassum
964 3367 1076 3414 eos
1104 3347 1431 3414 laborasse
1455 3348 1521 3411 in
1545 3349 1867 3432 superiori
1896 3346 2299 3431 paragrapho
2326 3345 2727 3413 demonstra-

495 3458 725 3523 vimus,
755 3461 975 3525 Inania
1001 3469 1152 3526 sunt
1179 3481 1320 3545 quae
1346 3462 1410 3524 in
1438 3461 1891 3544 probationem
1921 3463 2369 3544 expiscarunt3
2398 3469 2468 3527 et
2496 3477 2724 3527 verum

493 3582 786 3640 remanet
823 3596 905 3640 ex
944 3577 1123 3641 nulla
1158 3594 1386 3642 eorum
1415 3577 1805 3659 allegatione
1834 3576 2137 3644 concludi
2164 3596 2374 3660 posse,
2422 3594 2555 3659 prae
2591 3596 2727 3640 ma-

491 3688 681 3753 nibus
710 3692 1138 3772 parochorum
1168 3691 1517 3776 aliquando
1545 3694 1799 3759 stetisse
1830 3693 2510 3760 excommunicationis
2536 3691 2727 3773 spiri-

491 3805 735 3868 tualem
758 3806 1067 3888 gladium.
1099 3811 1340 3874 Atvero
1361 3810 1613 3874 etiamsi
1647 3809 2161 3876 concederemus
2184 3809 2400 3893 aliquo
2423 3814 2723 3890 tempore

489 3919 643 3984 olim
670 3921 944 4004 viguisse
971 3943 1218 3992 morem
1245 3933 1319 3991 ut
1344 3927 1612 4010 parochi
1632 3926 1964 3992 ordinario
1988 3924 2137 4009 jure
2163 3922 2725 3989 excommunicare

490 4038 857 4119 potuerint,
904 4042 1058 4107 nihil
1102 4043 1498 4126 proficiunt:
1542 4063 1691 4107 nam
1738 4050 1991 4107 certum
2039 4048 2139 4105 est
2179 4038 2394 4116 hodie,
2440 4046 2510 4104 et
2542 4059 2580 4102 a
2610 4056 2725 4103 sae-

491 4153 640 4219 culo
685 4153 937 4223 decimo
990 4159 1207 4236 tertio,
1265 4168 1338 4223 ut
1386 4160 1629 4225 fatetur
1677 4158 2057 4232 samninus,
2109 4161 2497 4240 potestatem
2551 4155 2722 4219 illam

492 4271 919 4354 parochorum
955 4274 1039 4340 ab
1078 4275 1348 4340 ecclesia
1391 4295 1520 4341 non
1551 4276 1850 4358 agnosci;
1900 4276 1950 4338 si
1983 4293 2142 4358 crgo
2171 4273 2444 4339 ecclesia
2472 4272 2623 4336 olim
2656 4267 2719 4334 id

484 4385 650 4470 juris
694 4389 989 4471 parochis
1036 4391 1382 4468 concessit,
1435 4392 1662 4473 procul
1703 4390 1907 4457 dubio
1959 4391 2254 4456 retraxit.
2305 4389 2519 4454 Fateri
2561 4404 2717 4468 crgo
