3146 4973
1186 348 1345 400 mns
1392 347 1619 398 rmus.
2438 333 2503 396 11

296 476 532 556 merig-
568 479 641 538 et
669 471 868 542 aliam
904 472 1250 558 epistolam
1283 471 1482 542 mittit
1502 470 1629 542 suh
1665 469 1793 542 bac
1815 472 2236 558 inscriptione
2270 494 2285 538 z
2311 478 2520 544 01πηί-

292 588 388 648 bus
410 590 815 669 presbyteris,
866 594 976 670 qm·
1024 595 1092 654 in
1122 589 1420 672 parochia
1461 595 1674 652 nostra
1711 592 2052 662 consistunt
2090 585 2294 673 (apud
2321 587 2520 662 mansi

292 707 433 768 tom.
470 704 573 778 13,
610 703 745 768 col.
799 700 1018 787 1084).

366 816 525 883 Item
550 818 914 890 concilium
950 821 1325 886 'turonense
1363 817 1513 883 anni
1545 820 1701 896 813,
1745 837 1991 888 canone
2025 819 2101 883 13
2130 837 2145 886 :
2187 819 2519 900 Unusquis-

286 953 382 1015 que
408 938 748 1017 Episcopus
762 936 1113 1018 parochiam
1141 954 1315 998 suam
1329 940 1710 1018 perscrutari
1735 940 1996 999 nitatur.

364 1049 523 1113 Item
567 1048 638 1113 in
688 1047 978 1135 quodam
1025 1055 1275 1120 statuto
1325 1049 1565 1114 Interii
1603 1050 2015 1133 imperatoris
2050 1046 2250 1134 (apud
2287 1049 2510 1123 mansi,

287 1167 426 1228 tom.
463 1164 567 1239 14,
608 1164 740 1230 col.
776 1162 914 1249 48),
952 1165 1209 1249 agendo
1242 1164 1331 1231 de
1362 1161 1752 1249 quibusdam
1787 1162 2062 1239 delictis,
2095 1160 2370 1247 jubetur
2402 1159 2518 1226 de-

286 1276 679 1362 linquentem
730 1279 989 1346 recludi
1038 1282 1104 1346 in
1156 1283 1375 1368 aliquo
1430 1280 1827 1347 monasterio
1867 1279 2192 1363 Episcopi,
2239 1284 2306 1341 in
2347 1283 2515 1359 eujus

272 1395 551 1473 mroclaeia
576 1404 699 1460 est.

355 1508 515 1574 Item
544 1510 614 1574 in
663 1511 942 1577 concilio
998 1512 1342 1580 Perisiensi
1372 1512 1525 1577 anni
1549 1513 1679 1578 829
1714 1509 2016 1577 dioecesis
2047 1526 2309 1593 semper
2353 1525 2511 1572 voce

284 1624 587 1706 parochiae
619 1625 1031 1711 designatur.

354 1742 512 1807 Item
544 1743 619 1807 in
658 1743 1082 1809 carisiacensi
1110 1745 1263 1808 anni
1283 1745 1441 1809 837.

357 1857 432 1922 Et
455 1858 786 1924 Meldensi
815 1860 968 1925 anni
1006 1860 1158 1938 845,
1198 1878 1446 1925 canone
1478 1861 1585 1923 50.

360 1975 434 2039 Et
449 1978 517 2039 in
549 1977 882 2042 Patavino
913 1979 1063 2043 anni
1088 1980 1245 2055 850,
1286 1984 1484 2061 atque
1520 1974 1923 2044 vintoniensi
1966 1971 2261 2058 ejusdcm
2288 1972 2462 2040 anui.

359 2091 433 2156 Et
462 2092 529 2154 in
562 2091 898 2160 Ticinensi
925 2092 1080 2160 anni
1110 2095 1265 2159 855.

356 2205 515 2270 Item
556 2207 638 2272 in
670 2205 976 2290 capitulis
1010 2207 1343 2272 Hincmari
1370 2205 1751 2274 Rhemensis
1786 2205 1940 2270 anni
1973 2205 2124 2281 852,
2164 2208 2232 2267 et
2273 2203 2338 2266 in
2375 2203 2512 2287 epi-

284 2319 426 2385 stola
453 2318 764 2405 ejusdem
792 2318 879 2384 nd
901 2320 1148 2386 clerum
1180 2340 1369 2387 suum
1382 2320 1590 2409 (apud
1611 2322 1833 2398 mansi,
1859 2328 2016 2386 tom.
2048 2321 2151 2394 15,
2172 2317 2297 2384 col.
2319 2316 2503 2401 499).

361 2437 521 2503 Item
582 2437 652 2501 in
701 2436 975 2503 concilio
1014 2437 1373 2515 Tficassino
1420 2438 1569 2504 anni
1632 2439 1799 2520 8673
1857 2442 1927 2502 ct
1988 2436 2054 2501 in
2101 2433 2510 2503 Vormatensi

285 2555 415 2617 anni
449 2557 617 2630 868,
644 2573 895 2619 canone
927 2557 1036 2620 62.

361 2669 521 2735 Item
584 2670 652 2737 in
696 2669 1163 2754 Pontigonensi
1200 2672 1359 2743 *anui
1405 2674 1558 2749 876,
1612 2689 1861 2745 canone
1899 2674 1986 2757 63
2042 2678 2109 2737 et
2141 2671 2206 2735 in
2245 2671 2509 2753 Mogon-

285 2784 403 2848 tino
429 2784 593 2848 anni
626 2788 781 2862 888,
816 2804 1064 2857 canone
1096 2788 1200 2852 14.

358 2900 527 2964 Item
576 2899 645 2965 in
690 2900 1262 2971 constitutionibus
1312 2900 1615 2985 Riculphi
1678 2901 2148 2969 Suessionensis
2203 2899 2509 2985 Episcopi

285 3014 414 3077 anni
443 3018 606 3081 889.

360 3131 527 3197 Item
550 3130 620 3197 iu
649 3130 907 3216 synodo
935 3133 1459 3200 Foroeheimensi
1486 3134 1641 3201 anni
1673 3138 1827 3201 890.

362 3244 529 3308 Item
555 3243 622 3308 in
661 3246 1080 3322 Nannetensi‚
1138 3266 1384 3312 canone
1414 3255 1449 3312 7
1497 3254 1566 3312 et
1604 3249 1709 3311 15.

357 3360 522 3425 Item
552 3359 621 3424 in
650 3360 926 3444 epistola
950 3362 1154 3445 Sergii
1185 3364 1283 3426 III
1330 3364 1523 3446 Papae
1560 3362 1714 3426 anni
1756 3364 1917 3428 906.

356 3477 521 3540 Item
544 3474 723 3559 apud
769 3475 1214 3542 Flodoardum
1272 3477 1404 3563 (qui
1456 3477 1639 3544 initio
1664 3478 1886 3541 saeculi
1940 3479 2018 3542 10
2052 3474 2328 3560 scripsit)
2381 3496 2504 3542 vox

289 3590 577 3669 parochia
625 3590 710 3657 ad
767 3591 1257 3675 exprimendam
1310 3592 1638 3658 dioecesim
1686 3601 2046 3677 usurpatur
2086 3593 2222 3674 (lib.
2268 3595 2287 3656 1
2335 3597 2497 3657 He'sc.

291 3722 415 3788 cap.
460 3708 539 3770 12
568 3713 639 3772 et
667 3704 954 3790 passim).

365 3822 525 3887 Item
554 3823 623 3886 in
656 3821 935 3904 epistola
972 3822 1282 3907 synodica
1307 3824 1560 3891 Raterii
1593 3824 1986 3891 Veronensis
2019 3823 2316 3909 Episcopi
2359 3841 2505 3889 ver-

294 3946 387 3995 sus
413 3952 654 3999 annum
682 3934 845 4002 932.

364 4050 520 4117 Item
550 4051 617 4115 in
655 4047 916 4135 synodo
942 4049 1346 4117 Landevensi
1374 4052 1526 4115 anni
1557 4055 1712 4118 950.

363 4166 517 4232 Item
565 4168 638 4232 in
684 4163 972 4250 quadam
1016 4165 1271 4251 synodo
1323 4168 1729 4232 Normanniae
1783 4165 2080 4253 ejusdem
2134 4168 2262 4233 oevi
2304 4165 2502 4253 (apud

292 4279 486 4360 Manat,
542 4291 710 4352 tom.
775 4284 882 4359 19,
922 4282 1044 4348 col.
1074 4283 1261 4366 432).

368 4396 517 4468 Item
548 4400 619 4465 in
662 4399 803 4462 vita
841 4397 1046 4462 sancti
1092 4397 1376 4464 Anselmi
1412 4398 1889 4465 Cantauriensis
1931 4398 2066 4483 (lib.
2105 4394 2168 4479 2)
2210 4397 2319 4463 ubi
2361 4415 2503 4461 nar-
