3146 4973
541 353 669 420 ⁴02
1219 367 1597 418 moruus
1639 368 1727 416 or.
1773 365 2100 415 rsuocno.

534 495 836 561 neflcium
864 493 950 560 sit
972 492 1291 558 manuale.
1325 493 1458 557 Sub
1482 491 1787 575 proesenti
1811 492 2046 574 capite,
2070 481 2286 575 quoad
2312 489 2566 572 priores
2586 487 2773 555 dum·

531 619 733 688 taxat,
780 607 1194 675 indicandum
1228 609 1427 685 venit,
1457 607 1787 692 quomodo
1832 608 2140 672 canonice
2187 625 2223 670 a
2269 604 2592 688 parochiis
2639 605 2773 668 suis

532 725 819 791 amoveri
845 724 1112 809 possint.
1133 721 1326 805 Quod
1358 721 1651 807 quidem,
1689 730 1837 805 post
1881 721 2171 787 deducta
2199 721 2323 786 sub
2366 718 2765 808 praecedenti

527 840 960 917 subsectione‚
989 839 1371 905 brevissime
1404 837 1707 922 expediri
1746 845 1989 921 potest.

623 962 688 1021 1⁰
725 957 971 1039 Nempe
1008 954 1221 1040 quoad
1258 956 1685 1020 remotionem
1716 959 1790 1019 ob
1826 957 2109 1018 omissam
2149 957 2568 1032 residentiam,
2607 952 2771 1017 mul-

529 1081 668 1138 tum
704 1071 976 1156 disparis
1032 1069 1423 1137 conditionis
1474 1078 1628 1135 sunt
1666 1071 1935 1154 parochi
1971 1077 2039 1135 et
2084 1071 2302 1135 caeteri
2360 1069 2759 1134 beneficiati.

527 1187 943 1255 procedendi
974 1184 1244 1253 modum
1287 1191 1512 1251 contra
1543 1186 1859 1270 parochos
1889 1203 2019 1250 uon
2061 1183 2426 1250 residentes
2453 1183 2768 1250 adhiben-

527 1304 687 1370 dum
717 1304 1146 1371 describimus
1172 1302 1343 1366 infra
1376 1302 1586 1389 (purte
1621 1305 1682 1378 5,
1721 1303 1939 1383 capite
1978 1304 2041 1377 2,
2078 1305 2109 1376 s
2144 1298 2234 1383 8);
2279 1308 2481 1385 utque
2513 1299 2759 1364 ibidem
2831 1340 2837 1344 -

526 1423 818 1503 reperies
836 1416 1161 1503 quomodo
1194 1415 1452 1482 differat
1485 1436 1522 1480 a
1554 1415 1960 1499 procedendi
1993 1415 2190 1482 modo
2232 1421 2462 1481 contra
2503 1433 2631 1481 non
2663 1432 2768 1479 re-

527 1533 816 1601 sidentes
840 1533 1204 1599 canonicos,

614 1654 683 1714 2·
711 1652 787 1714 In
816 1648 1084 1733 reliquis
1103 1665 1264 1714 vero
1292 1646 1589 1732 ejusdem
1615 1646 2008 1714 conditionis
2035 1656 2189 1714 sunt
2210 1648 2496 1731 parochi,
2534 1666 2608 1712 sc
2648 1664 2766 1712 coe-

521 1770 649 1834 teri
679 1767 1070 1832 beneficiati.
1105 1762 1295 1830 Unde
1316 1782 1459 1848 quae
1491 1765 1555 1828 iu
1591 1763 1994 1847 praecedenti
2030 1765 2444 1830 subsectioue
2475 1763 2762 1829 diximus

525 1884 610 1948 de
645 1881 1048 1948 beneficiatis
1073 1883 1138 1945 in
1171 1899 1435 1964 genere,
1471 1879 1688 1964 quoad
1728 1882 2106 1947 remotionis
2151 1899 2464 1955 normam,
2500 1887 2655 1944 sunt
2699 1887 2768 1943 et

523 1998 821 2082 parochis
857 1999 921 2061 in
951 1993 1271 2062 beneficio
1304 1995 1641 2078 perpetuis
1671 1994 2083 2078 applicanda.

1457 2289 1727 2355 CAPUT
1758 2289 1853 2354 11.

770 2536 995 2583 NORMA
1040 2530 1420 2583 nmovsnm
1471 2530 2087 2580 VICARIOE‘CURA'IOE
2143 2529 2539 2579 PERPETUOS.

623 2804 674 2865 Ι.
708 2799 983 2891 Quando
1017 2799 1374 2864 animarum
1407 2816 1564 2863 euru
1598 2817 1849 2864 annexa
1878 2806 1981 2863 est
2004 2800 2197 2864 alicui
2219 2798 2608 2864 clericorum
2633 2797 2768 2862 col-

531 2918 704 2999 legio
749 2915 955 2999 (verbi
1001 2915 1232 2997 gratia,
1295 2911 1657 2979 cathedrali
1715 2911 2048 2996 capitulo),
2092 2933 2174 2978 ex
2216 2911 2604 2979 Tridentino
2652 2912 2771 2978 de-

536 3036 721 3094 creto
757 3029 933 3113 (sess.
981 3036 1041 3104 7,
1088 3046 1145 3093 c.
1195 3026 1255 3111 7)
1292 3026 1495 3093 debet
1540 3029 1859 3106 exerceri,
1897 3047 2028 3093 non
2064 3048 2101 3093 a
2133 3029 2403 3112 singulis
2434 3028 2625 3094 simul
2667 3047 2774 3093 ca-

532 3146 809 3223 noniciS,
851 3152 965 3210 aut
1007 3162 1122 3227 per
1170 3152 1437 3209 turnum
1471 3146 1568 3229 (ut
1605 3144 1835 3228 aiunt),
1870 3143 1989 3210 sed
2021 3144 2102 3210 ab
2138 3164 2273 3210 uno
2307 3143 2648 3210 dumtaxat
2702 3153 2773 3209 et

535 3260 973 3326 determinato
1006 3262 1282 3326 vicario:
1319 3260 1506 3345 cujus
1538 3258 1809 3345 quidem
1841 3261 2069 3326 vicarii
2092 3262 2447 3327 nominatio
2475 3260 2560 3327 sd
2593 3262 2772 3344 capi-

534 3378 746 3442 tulum
775 3378 1099 3460 pertinet3
1135 3373 1255 3441 sed
1308 3373 1510 3441 debet
1557 3375 1640 3440 ab
1688 3377 2006 3459 Episcopo
2043 3376 2416 3460 approbari.
2464 3375 2562 3441 Ad
2595 3375 2772 3459 ejus-

535 3492 712 3559 modi
737 3493 1051 3557 vicarium
1086 3499 1386 3556 curatum
1426 3491 1757 3557 exclusive
1802 3493 2094 3575 pertinet
2139 3496 2399 3557 actualis
2441 3511 2633 3575 curu3
2677 3494 2768 3557 ita

537 3610 706 3673 utin
738 3607 879 3690 ejus
922 3607 1237 3672 exercitio
1283 3626 1424 3671 sese
1480 3608 1845 3674 immiscere
1891 3619 2179 3695 nequeat
2222 3611 2601 3696 capitulum,
2647 3608 2768 3674 sed

537 3724 902 3785 habitualem
925 3718 1263 3786 dumtaxat
1286 3740 1512 3787 curam
1536 3724 1837 3793 retineat.

632 3839 713 3902 ῙῙ.
751 3839 976 3902 Potest
1009 3838 1360 3921 Episcopus
1398 3836 1761 3904 decernere
1803 3847 1877 3904 ut
1919 3839 2238 3923 ejusmodi
2277 3841 2767 3905 vicarius-cura-

535 3963 642 4019 tus
671 3953 754 4017 sit
782 3954 845 4016 in
874 3950 1074 4017 officio
1096 3961 1442 4034 perpetuus.
1479 3954 1567 4018 Ut
1611 3960 1831 4019 tamen
1858 3953 1928 4020 id
1963 3953 2278 4026 decernat
2319 3975 2448 4020 non
2489 3954 2764 4039 injungit

531 4067 902 4134 Tridentino
932 4065 1251 4151 synodus3
1283 4067 1401 4134 sed
1429 4076 1685 4134 tantum
1723 4070 2039 4155 Episcopo
2080 4070 2457 4137 facultatem
2490 4070 2646 4135 facit
2675 4071 2762 4133 ita

534 4178 888 4248 statuendi.
916 4180 1076 4244 Cum
1101 4196 1257 4264 ergo
1280 4186 1794 4266 perpetuitatem
1824 4183 1997 4249 illum
2020 4202 2153 4249 non
2181 4183 2482 4250 decernit
2500 4182 2763 4267 Episco-

532 4317 678 4383 pus,
723 4294 808 4363 ad
843 4304 1074 4361 nutum
1111 4298 1379 4380 capituli
1420 4294 1784 4364 amovibilis
1821 4308 2118 4365 remanet
2150 4301 2429 4365 vicarius
2469 4309 2755 4365 curatus.

618 4412 733 4482 m.
785 4411 859 4477 In
905 4412 1230 4496 plerisque
1283 4413 1635 4479 Galliarum
1688 4412 2168 4482 cathedralibus
2205 4418 2565 4483 animarum
2601 4433 2757 4480 curu
