3146 4973
559 359 691 422 4⁸20
1236 372 1611 422 TnAc‘rA'rus
1656 374 1744 421 ns
1790 371 2119 422 rAnocno.

557 497 907 562 servitores
935 502 1275 574 vocantur,
1313 515 1443 562 non
1467 515 1657 579 posse
1684 497 2013 580 parochiis
2048 498 2180 563 suis
2209 497 2486 581 privari,
2525 497 2650 564 nisi
2701 518 2780 565 ex

552 613 733 692 gravi
761 629 991 677 eorum
1015 612 1227 695 culpa,
1245 619 1317 677 et
1342 619 1605 677 servato
1635 611 1862 677 ordine
1880 611 2132 697 judicii.
2161 613 2225 678 Si
2250 612 2424 678 enim
2450 611 2523 677 id
2554 633 2782 679 verum

554 724 750 804 foret,
780 724 914 810 jam
940 746 1070 792 non
1099 731 1318 792 essent
1344 724 1430 790 ad
1460 735 1694 792 nutum
1724 727 2125 808 amovihiles‚
2167 736 2238 793 et
2267 746 2498 793 eorum
2525 727 2774 794 benefl-

548 841 676 918 cia,
714 859 844 907 nou
874 841 1215 919 manualia,
1246 841 1366 908 sed
1401 849 1725 926 perpetua
1772 843 1994 909 forent
2022 842 2382 927 censenda3
2423 843 2604 929 quod
2633 844 2772 910 nul·

547 957 805 1022 latenus
832 957 1136 1023 sustineri
1163 965 1404 1042 potest.

636 1075 707 1138 9⁰
740 1070 1028 1137 Tandem
1079 1074 1395 1157 conqueri
1421 1080 1759 1158 nequeunt
1795 1071 1957 1138 dicti
1991 1073 2263 1156 parochi
2305 1072 2772 1152 deservitores,

543 1186 719 1273 quod
748 1187 1067 1271 Episcopi,
1106 1207 1254 1254 cum
1292 1195 1556 1271 possent
1588 1188 1912 1272 deputare
1943 1190 2012 1254 in
2040 1197 2435 1273 perpetuum
2471 1191 2779 1276 (testante

542 1302 867 1369 CardInali
894 1303 979 1369 de
1008 1302 1229 1388 Luca),
1272 1305 1418 1371 illos
1460 1323 1685 1371 omnes
1725 1304 2203 1370 revocabilitati
2249 1305 2338 1371 ad
2380 1313 2616 1371 nutum
2662 1305 2780 1371 ob-

540 1421 767 1485 noxios
794 1420 1184 1505 relinquant.
1228 1421 1393 1485 Huic
1430 1422 1607 1488 enim
1652 1421 2071 1505 querimoniae
2112 1422 2204 1485 sic
2253 1420 2771 1506 respondemus:

540 1544 641 1600 est
668 1535 895 1619 regula
927 1526 1106 1619 apud
1137 1534 1549 1619 jurisperitos
1580 1544 1870 1619 recepta,
1913 1555 2046 1601 non
2075 1555 2261 1620 posse
2301 1536 2773 1603 beneficiorum

537 1658 859 1727 naturam,
896 1667 1253 1735 eorumque
1291 1649 1470 1733 leges
1508 1650 2032 1717 fundamentales
2069 1651 2154 1717 ab
2185 1653 2505 1736 Episcopo
2540 1654 2773 1717 immu-

537 1765 693 1847 tari3
725 1763 847 1830 sed
877 1763 963 1830 ad
998 1763 1121 1830 hoc
1162 1764 1557 1848 pontificiam
1608 1766 1854 1850 requiri
1889 1767 2368 1832 auctoritatem.
2418 1765 2607 1833 Unde
2657 1766 2774 1832 be-

536 1877 838 1944 neficium
880 1878 1056 1964 quod
1095 1880 1301 1946 semel
1336 1887 1645 1964 tanquam
1682 1884 1964 1945 manuale
1992 1890 2286 1947 erectum
2314 1890 2439 1960 est,
2480 1881 2612 1967 jam
2657 1901 2772 1947 ne-

536 1997 680 2080 quit
722 2015 803 2060 ex
838 1994 1164 2062 ordinarii
1211 1994 1484 2061 decreto
1527 2003 1924 2080 perpetuum
1964 1992 2129 2076 fieri,
2185 2015 2304 2061 nec
2362 1997 2508 2062 vice
2551 2015 2762 2063 versa.

524 2110 701 2176 -Vide
758 2110 825 2177 id
875 2111 1232 2177 stabilitum
1289 2129 1486 2195 supra
1517 2111 1743 2197 (parte
1788 2114 1810 2175 1
1852 2110 2046 2194 huJus
2092 2117 2446 2190 tractatus,
2497 2119 2657 2178 sect.
2697 2115 2762 2188 3,

535 2246 655 2311 cap
685 2225 748 2312 7)
762 2279 777 2293 .
823 2228 964 2293 Non
988 2244 1147 2311 ergo
1174 2231 1393 2310 potest
1428 2227 1786 2310 Episcopus
1816 2226 2206 2292 beneficium
2237 2227 2540 2293 manuale
2571 2228 2767 2292 alicui

532 2343 835 2410 conferre
867 2349 935 2408 in
954 2351 1308 2426 perpetuum
1330 2361 1413 2409 eo
1442 2361 1660 2421 sensu,
1697 2341 1876 2427 quod
1904 2350 2065 2408 tunc
2094 2343 2393 2409 manuale
2428 2361 2572 2409 esse
2602 2341 2766 2409 desi·

534 2467 669 2526 nat.

620 2575 748 2642 Sed
797 2594 1010 2663 neque
1053 2596 1135 2643 eo
1180 2594 1373 2642 sensu
1408 2573 1590 2661 quod
1621 2576 1713 2641 sic
1757 2575 2115 2659 deputatus
2154 2582 2222 2640 in
2263 2584 2616 2659 perpetuum
2676 2577 2762 2643 ad

532 2693 920 2759 beneficium
966 2694 1284 2770 manuale,
1326 2691 1455 2776 jam
1490 2700 1777 2777 nequeat
1825 2712 1864 2757 a
1912 2691 2278 2777 deputante
2329 2695 2628 2759 revocari
2676 2693 2762 2760 ad

530 2819 787 2876 nutum.
830 2812 971 2875 Imo
1000 2810 1249 2875 etiamsi
1283 2809 1777 2892 promissionem
1822 2814 1893 2874 et
1923 2808 2365 2893 juramentum
2412 2809 2761 2895 adiecisset

533 2927 890 3010 Episcopus
937 2923 1021 2990 de
1069 2942 1400 3009 nunquam
1462 2923 1833 2990 revocando
1890 2924 2006 2989 tali
2055 2923 2446 2992 beneficiato
2471 2972 2488 3003 ,
2545 2925 2760 2992 adhuc

531 3049 748 3124 posset
797 3059 946 3108 eum
998 3039 1081 3105 ad
1125 3048 1357 3106 nutum
1396 3058 1729 3107 revocare.
1787 3041 1870 3105 Et
1916 3039 2082 3104 hanc
2132 3058 2274 3106 esse
2330 3042 2764 3106 communiter

531 3165 865 3242 receptam
906 3157 1250 3225 doctorum
1289 3157 1678 3223 sententiam
1715 3164 1792 3221 ut
1823 3154 2037 3240 palam
2066 3155 2400 3236 faciamus,
2439 3156 2764 3223 disseren-

530 3282 662 3339 tem
696 3273 815 3340 hac
847 3273 931 3340 de
969 3293 1041 3340 re
1080 3274 1478 3340 Leurenium
1507 3271 1933 3339 adducemus.
1967 3273 2409 3354 Quaestionem
2447 3275 2540 3339 sic
2579 3275 2762 3358 ponit

535 3388 793 3475 (Forum
820 3389 1183 3467 beneficiale,
1227 3396 1415 3472 parte
1453 3391 1511 3466 1,
1559 3406 1626 3473 q.
1684 3385 1802 3470 73)
1839 3409 1852 3452 :
1903 3410 1937 3449 a
1977 3385 2152 3469 Quid
2188 3389 2242 3452 si
2282 3387 2621 3467 PraelatuS,
2658 3389 2760 3453 cui

534 3526 572 3565 α
600 3506 796 3588 pleno
824 3503 972 3589 jure
1016 3502 1242 3568 subest
1280 3503 1577 3568 manuale
1617 3501 2034 3580 beneficium,
2087 3503 2458 3585 promiserit
2513 3521 2584 3567 se
2629 3520 2758 3566 non

536 3642 571 3681 α
604 3624 1064 3684 revocaturum
1093 3618 1128 3682 ’ἲ
1170 3639 1204 3679 1>
1255 3618 1339 3682 Et
1388 3615 1748 3701 respondet
1788 3639 1802 3682 :
1853 3640 1888 3679 α
1928 3615 2157 3683 Adhuc
2211 3636 2526 3683 revocare
2578 3617 2759 3682 illum

535 3756 570 3794 α
604 3751 789 3816 posse
818 3730 1056 3809 valide,
1086 3750 1235 3798 cum
1264 3750 1389 3816 per
1425 3731 1589 3796 hanc
1616 3733 2105 3816 promissionem
2140 3749 2275 3796 non
2320 3738 2615 3798 mutetur
2642 3751 2757 3797 na·

532 3870 569 3909 α
602 3855 752 3913 tura
786 3847 1107 3925 beneficii,
1142 3865 1286 3933 quoe
1323 3855 1446 3926 est,
1480 3854 1559 3912 ut
1595 3865 1717 3932 pro
1746 3847 2082 3913 voluntate
2113 3846 2509 3913 conferentis
2539 3864 2757 3912 remo-

533 3986 569 4025 «
600 3964 741 4029 veri
775 3966 996 4048 possit.
1039 3963 1371 4050 (Sanchez,
1404 3962 1451 4028 l.
1490 3970 1552 4040 7,
1588 3965 1656 4027 in
1697 3966 2078 4044 Decoloqum,
2127 3981 2272 4046 cap.
2329 3964 2437 4039 29,
2484 3981 2551 4025 n.
2608 3964 2751 4037 125,

531 4100 566 4139 α
603 4079 898 4163 pluribus
942 4077 1011 4143 id
1069 4078 1397 4162 probans:
1432 4076 1886 4161 Gonzalez...)
1938 4079 2161 4161 Neque
2205 4077 2400 4142 etiam
2455 4073 2652 4141 fleret
2691 4076 2754 4140 in

532 4217 567 4256 α
600 4196 723 4260 hoc
752 4214 904 4261 casu
946 4195 1278 4260 revocatio
1311 4193 1560 4271 illicite,
1590 4212 1740 4258 cum
1759 4191 1896 4258 hoec
1923 4193 2286 4276 promissio,
2330 4198 2563 4274 utpote
2603 4208 2755 4256 con·

530 4333 565 4372 α
601 4311 801 4375 traria
836 4316 1084 4373 naturae
1114 4308 1261 4372 talis
1296 4307 1622 4384 beneficii,
1655 4309 1826 4371 vires
1865 4307 2075 4372 nullas
2104 4306 2366 4383 habeat,
2409 4324 2540 4372 non
2569 4323 2757 4371 secus

528 4448 565 4490 α
594 4445 670 4490 ac
702 4424 1038 4509 promissio
1082 4443 1212 4491 non
1256 4423 1610 4492 revocandi
1639 4430 2104 4489 testamentum
2146 4423 2252 4490 vel
2296 4422 2749 4507 precarium...
