3146 4973
1211 390 1368 438 uns
1412 390 1675 437 muris.
2433 376 2558 440 427

317 513 426 598 jus
452 513 971 597 facultatemque
1020 512 1378 599 adjuvandi
1421 514 1810 598 Episcopum
1845 513 1931 588 ab
1958 513 2075 580 illo
2103 515 2439 598 superiore
2463 535 2569 586 re-

321 629 545 712 cipiat.
606 629 774 693 Hinc
826 629 1108 695 vicarius
1161 631 1487 714 generalis
1523 631 1844 715 Episcopi,
1890 629 2014 695 etsi
2042 629 2226 713 largo
2283 629 2565 715 quodam

321 763 518 809 sensu
545 741 676 808 dici
705 754 912 829 queat
938 746 1138 828 ipsius
1165 745 1532 832 coadjutor,
1563 746 1711 830 quia
1750 743 1835 810 de
1874 744 2050 809 facto
2082 761 2233 809 eum
2266 742 2559 829 adjuvat,

320 861 388 923 in
415 877 611 924 sensu
637 865 854 925 tamen
874 857 1039 944 juris
1056 879 1466 945 nequaquam
1497 868 1618 939 est,
1643 868 1756 925 aut
1787 858 1915 926 dici
1943 864 2160 943 potest
2190 856 2563 944 coadjutor3

322 973 645 1058 siquidem
672 994 804 1039 non
834 993 872 1039 a
902 976 1240 1057 superiore
1291 976 1589 1060 Episcopi
1653 974 2035 1059 deputatur,
2094 972 2218 1040 sed
2246 993 2398 1040 eum
2442 974 2565 1039 sihi

323 1091 676 1172 Episcopus
706 1088 914 1155 libere
951 1090 1154 1174 eligit,
1190 1098 1261 1155 et
1295 1090 1509 1156 libere
1561 1110 1716 1156 eum
1759 1108 2063 1156 amovere
2104 1096 2343 1172 potest.
2397 1091 2563 1154 Item

319 1202 577 1288 quando
610 1206 986 1288 EpiscopuS,
1015 1204 1099 1271 oh
1124 1204 1388 1288 parochi
1414 1205 1666 1270 senium
1696 1203 2211 1281 infirmitatesve,
2250 1209 2363 1268 aut
2412 1203 2567 1268 alias

320 1339 357 1383 a
382 1318 532 1402 jure
580 1318 1046 1385 determinatas
1094 1339 1340 1398 causaS,
1384 1320 1668 1404 aliquem
1702 1321 1766 1386 ei
1810 1318 2128 1403 adjungit,
2179 1337 2330 1383 cum
2364 1318 2566 1384 facul-

322 1442 456 1501 tate
477 1443 544 1500 et
577 1439 902 1517 potestate
944 1434 1129 1500 illum
1166 1436 1232 1498 in
1285 1437 1605 1501 exercitio
1632 1453 1803 1499 curae
1849 1433 2226 1520 adjuvandi,
2266 1435 2321 1497 is
2361 1453 2561 1500 verus

321 1557 421 1615 est
448 1550 711 1633 parochi
764 1549 1127 1636 coadjutor.
1189 1550 1438 1616 Atvero
1487 1547 1752 1634 quando
1790 1549 2132 1634 parochus,
2190 1548 2276 1614 oh
2333 1548 2560 1632 populi

325 1663 810 1731 multitudinem
849 1666 1012 1751 (quaa
1057 1685 1186 1732 non
1227 1672 1330 1732 est
1365 1684 1557 1731 causa
1594 1666 1925 1743 canonica,
1955 1674 2030 1731 ut
2071 1683 2191 1731 suo
2219 1664 2367 1731 loco
2394 1662 2567 1728 dioe-

325 1798 486 1858 mus,
522 1779 608 1846 oh
639 1799 832 1865 quam
867 1782 1067 1865 possit
1092 1782 1448 1866 Episcopus
1476 1782 1927 1866 coadjutorem
1955 1780 2164 1866 dare),
2195 1783 2305 1847 vel
2321 1781 2555 1856 libere,

326 1898 432 1962 vel
463 1902 727 1961 coactus
754 1896 839 1961 ah
881 1897 1225 1981 Episcopo,
1289 1898 1410 1962 sihi
1461 1897 1646 1981 eligit
1698 1905 1767 1963 et
1797 1899 2065 1964 assumit
2119 1896 2556 1974 sacerdotem,

325 2012 435 2096 qui
485 2030 632 2076 eum
672 2009 967 2096 adjuvet,
1027 2012 1080 2075 is
1136 2014 1365 2077 stricto
1409 2032 1604 2078 sensu
1655 2012 1997 2099 coadjutor
2050 2031 2183 2079 non
2231 2022 2352 2079 est.
2401 2014 2560 2078 Cum

325 2143 556 2207 nempe
607 2123 925 2209 ejusmodi
976 2122 1333 2209 adjutores,
1371 2127 1497 2191 etsi
1550 2127 1632 2192 ab
1683 2129 2001 2211 Episcopo
2054 2127 2403 2211 approbari
2447 2126 2559 2191 de·

327 2242 546 2317 beant,
586 2242 736 2325 eligi
777 2251 998 2308 tamen
1058 2249 1127 2307 et
1182 2244 1496 2309 nominari
1542 2247 1788 2330 possint
1837 2265 1874 2309 a
1929 2245 2247 2329 parochis,
2284 2245 2408 2329 ipi
2456 2247 2553 2331 (ut

331 2374 448 2421 suo
478 2356 618 2422 loco
651 2357 822 2422 infra
851 2357 1224 2442 probamus)
1251 2357 1572 2424 deficiunt
1598 2381 1635 2425 a
1658 2359 1836 2426 dicto
1868 2361 2196 2427 essentiali
2222 2358 2308 2425 ad
2330 2377 2560 2426 verum

326 2476 771 2562 coadjutorem
811 2477 1343 2545 constituendum
1385 2479 1724 2566 requisito,
1761 2476 1940 2563 quod
1980 2477 2231 2543 scilicet
2281 2477 2561 2543 auctori-

323 2601 459 2659 tate
489 2595 845 2678 superioris
882 2595 1312 2679 deputentur.
1344 2597 1427 2662 Et
1459 2614 1719 2674 revera,
1763 2596 2060 2679 quamvis
2094 2611 2555 2679 nonnunquam

323 2711 505 2794 largo
553 2728 747 2776 sensu
790 2710 1210 2796 coadjutores
1257 2720 1578 2778 vocentur
1618 2710 1935 2797 ejusmodi
1982 2710 2419 2788 auxiliatoreS,
2457 2728 2559 2775 rc·

324 2829 489 2893 etius
532 2836 752 2893 tamen
785 2829 925 2894 aliis
977 2829 1346 2895 nominibus
1388 2826 1843 2910 designantur3
1881 2832 1949 2893 et
1983 2828 2048 2890 in
2092 2826 2301 2892 Gallia
2329 2831 2548 2890 vicarii

326 2942 766 3026 parochorum
795 2947 1157 3028 nuncupari
1182 2944 1413 3009 solent.

416 3063 486 3123 3⁰
522 3059 689 3123 Hinc
732 3058 1077 3144 coadjutor
1115 3059 1381 3143 parochi
1421 3057 1681 3124 definiri
1717 3064 1935 3142 potest
1967 3080 1980 3123 :
2018 3063 2307 3123 Sacerdos
2337 3063 2421 3122 ad
2464 3080 2571 3122 au-

324 3177 670 3238 xiliandum
710 3178 969 3257 parocho
1017 3181 1086 3239 in
1137 3179 1428 3238 exercitio
1465 3193 1645 3253 σανα,
1682 3176 2002 3237 ordinaria·
2042 3180 2408 3237 auctoritate
2457 3177 2561 3235 de·

322 3298 596 3370 putatus,
630 3310 710 3353 εει)
747 3296 944 3353 causis
975 3310 1013 3352 a
1036 3297 1184 3373 jure
1222 3293 1660 3354 determinatis.
1693 3288 1984 3352 Dicimus
2015 3306 2096 3350 ea:
2122 3294 2322 3351 connis
2356 3309 2399 3349 a
2419 3294 2565 3370 jure

330 3407 776 3481 determinatis,
813 3406 967 3489 quia
1015 3406 1240 3489 nequit
1283 3404 1659 3488 Episcopus,
1703 3402 1820 3467 nisi
1867 3401 1954 3467 oh
1996 3401 2139 3466 illas
2178 3420 2403 3466 causas
2448 3421 2562 3465 co-

326 3519 694 3603 adjutorem
730 3520 1020 3602 parocho
1061 3518 1252 3603 dare3
1290 3535 1365 3582 ac
1393 3516 1667 3601 proinde
1697 3516 1892 3583 datus
1921 3524 2107 3583 exn-a
2134 3516 2282 3581 illas
2310 3535 2557 3594 causas,

327 3654 454 3700 non
489 3641 662 3701 esset
695 3635 1045 3719 legitimuS,
1073 3655 1196 3701 nec
1229 3633 1503 3719 proinde
1538 3652 1737 3700 verus
1766 3632 2131 3718 coadjutor.
2167 3632 2302 3696 Hac
2332 3630 2561 3698 defini-

323 3751 500 3815 tione
539 3769 663 3813 uon
701 3750 1351 3836 comprehenduntur
1382 3750 1635 3835 praefati
1666 3756 1881 3813 vicarii
1911 3749 2379 3833 parochorum3
2420 3756 2561 3814 tum

324 3867 472 3950 quia
518 3865 634 3930 hos
692 3867 810 3931 sihi
857 3868 1124 3933 assumit
1167 3868 1304 3950 ipse
1365 3867 1706 3950 parochus,
1745 3872 1814 3931 et
1857 3865 2176 3948 approbat
2220 3864 2561 3933 dumtaxat

327 3983 681 4065 Episcopus
718 3982 815 4067 (ut
852 4002 970 4047 suo
1011 3984 1160 4051 loco
1203 3960 1551 4065 dicemus);
1594 3990 1735 4047 tum
1772 3984 1923 4066 quia
1961 3981 2407 4066 adjunguntur
2446 4002 2555 4066 pa-

325 4099 547 4174 rocho,
583 4115 716 4163 non
758 4099 844 4164 oh
885 4114 1242 4181 perennem
1270 4100 1413 4184 ejus
1442 4099 1910 4177 infirmitatem,
1936 4098 2212 4163 aliamve
2240 4096 2558 4165 sufficien-

323 4219 460 4278 tem
519 4210 994 4279 constituendae
1037 4212 1456 4300 coadjutorius
1511 4231 1806 4297 causam3
1857 4212 1978 4278 sed
2025 4213 2411 4298 plerumque
2470 4215 2557 4279 ob

327 4327 594 4392 nimiam
625 4326 854 4411 populi
887 4327 1398 4408 multitudinem,
1430 4348 1571 4415 quae
1608 4348 1736 4393 non
1773 4335 1874 4395 est
1902 4348 2031 4394 uua
2067 4348 2150 4394 ex
2198 4328 2403 4393 caus'n
2448 4348 2554 4393 ca·

326 4441 604 4520 nonicis,
636 4459 783 4526 quae
814 4443 1029 4508 locum
1062 4442 1222 4510 dont
1262 4445 1719 4513 constituendo
1759 4442 2144 4528 coadjutori.
