3146 4973
1245 379 1406 428 Palis
1447 378 1677 428 rmus.
2488 368 2571 433 93

341 505 660 581 pauonem
693 501 804 587 qui
837 508 1105 585 portant
1156 501 1412 585 pondus
1447 500 1580 569 diei
1618 510 1691 568 et
1720 510 1936 581 oestuS,
1992 501 2211 569 invehi
2242 503 2313 577 in
2349 510 2574 588 tyran-

347 615 559 681 nicam
594 616 1060 701 Episcoporum
1102 615 1632 696 dominationem,
1684 625 1756 684 et
1802 618 2092 685 excitare
2130 618 2449 702 parochos
2489 619 2577 686 ad

344 750 464 797 sua
493 731 919 800 defendenda
938 735 1110 818 jura.
1144 734 1339 817 Quod
1372 737 1702 819 sapienter
1734 734 2088 802 advertens
2121 734 2345 814 Nudi,
2386 755 2577 820 paro·

344 847 509 914 chus
538 855 610 914 et
636 849 802 933 ipse,
828 859 898 916 at
921 870 1052 917 non
1069 851 1460 935 parochiam,
1479 852 1570 916 sic
1593 870 1849 918 causam
1871 850 2066 937 hujus
2084 850 2576 919 incredulorum

344 961 590 1045 agendi
624 964 892 1031 rationis
941 968 1151 1050 aperit
1185 989 1200 1034 ε
1239 989 1274 1027 a
1310 965 1586 1048 Quando
1627 963 1954 1032 increduli
1994 966 2319 1051 reliquum
2359 985 2576 1034 sacer-

349 1098 388 1137 «
427 1074 680 1143 dotium
708 1077 1086 1162 deprimunt
1108 1088 1179 1146 et
1194 1078 1508 1164 parochos
1525 1080 1873 1159 extollunt,
1900 1079 1972 1146 id
1994 1097 2124 1145 non
2141 1088 2362 1164 potest
2386 1082 2575 1149 nobis

350 1208 389 1252 a
424 1208 555 1256 non
576 1210 720 1258 esse
745 1210 937 1259 causa
951 1194 1228 1260 timoris.
1271 1194 1354 1260 At
1388 1211 1531 1273 cur,
1570 1193 1806 1278 inquis,
1851 1194 2177 1261 extollunt
2201 1195 2574 1278 parochos?

353 1333 384 1367 ι
421 1308 522 1373 De
545 1307 669 1372 hoc
693 1308 763 1373 in
788 1306 1078 1374 decursu
1100 1310 1318 1393 operis
1334 1308 1743 1392 praebebitnr
1759 1310 1947 1375 ratio.
1968 1310 2230 1377 Interea
2260 1309 2348 1376 ad
2373 1329 2577 1378 unum

350 1447 390 1485 α
431 1423 814 1491 attendatur
845 1426 1038 1492 velim
1077 1448 1092 1491 :
1126 1426 1285 1509 ipsis
1321 1445 1556 1509 nempe
1584 1442 1966 1509 persuasum
2004 1433 2108 1493 est
2148 1426 2395 1512 absque
2429 1427 2580 1494 reli-

351 1563 392 1602 «
422 1541 612 1624 gione
652 1542 865 1627 aliqua
900 1547 1074 1609 stare
1116 1543 1432 1627 populum
1474 1561 1607 1609 non
1641 1560 1831 1627 posse
1875 1564 1890 1608 ε
1938 1542 2073 1629 jam
2120 1562 2303 1622 vero,
2346 1551 2577 1611 contu-

349 1677 388 1715 «
425 1655 632 1721 meliis
680 1675 991 1739 oppresso
1053 1657 1314 1725 Summo
1353 1657 1675 1725 Pontifice
1692 1705 1709 1736 ,
1759 1659 2214 1725 transmutatis
2258 1660 2326 1724 in
2362 1659 2579 1727 larvas

348 1794 389 1832 a
420 1773 647 1838 inanes
673 1769 1032 1856 Episcopis,
1083 1780 1463 1858 contemptu
1501 1779 1570 1839 et
1598 1773 1931 1841 calumniis
1974 1793 2276 1858 resperso
2322 1776 2578 1861 reliquo

351 1911 389 1950 a
421 1896 557 1953 tam
599 1888 880 1955 seculari
924 1908 1115 1974 quam
1159 1890 1445 1973 regulari
1490 1889 1701 1975 cler-03
1736 1890 1988 1956 interea
2032 1909 2192 1959 vero
2234 1889 2580 1959 admonitis

351 2027 388 2065 α
428 2004 692 2088 populis
712 2013 790 2070 ut
815 2005 884 2069 in
905 2005 1202 2088 parochis
1225 2014 1580 2089 agnoscant
1617 2007 1831 2072 omnia
1857 2004 1943 2072 ad
1974 2006 2301 2090 religionis
2328 2011 2583 2076 exerci-

353 2142 388 2181 «
421 2121 588 2185 tium
607 2122 988 2200 necessaria,
1003 2120 1195 2187 facile
1221 2121 1515 2187 innuitur
1534 2129 1811 2188 coeteros
1832 2119 1918 2187 de
1942 2119 2161 2186 medio
2182 2122 2327 2188 tolli
2347 2141 2573 2206 posse:

355 2260 390 2299 «
425 2244 497 2303 et
541 2256 701 2303 ecce
748 2236 836 2304 ad
878 2236 1139 2322 januam
1185 2239 1753 2322 protestantismus
1806 2260 1822 2303 ε
1887 2236 2205 2323 reliquam
2256 2249 2581 2321 permuta-

353 2376 388 2415 «
426 2355 671 2420 tionem
694 2362 954 2438 tempus
981 2353 1304 2437 perficiet.
1329 2356 1395 2420 Is
1415 2353 1787 2440 iniquorum
1812 2362 2087 2439 'scopus3
2118 2354 2301 2420 inscii
2318 2354 2581 2425 adlabo-

355 2491 390 2531 α
432 2476 583 2535 rant
612 2469 967 2554 proborum
1008 2469 1328 2536 nonnulli.
1365 2492 1400 2533 ι)
1449 2467 1695 2556 (Nardi,
1740 2477 1900 2537 tom.
1953 2472 2011 2548 1,
2060 2469 2277 2554 praef„
2318 2491 2459 2557 pag.
2508 2491 2574 2551 x,

349 2584 511 2652 edit.
540 2586 811 2652 Pezzari
843 2583 1065 2670 1829.)

441 2703 532 2767 Π.
582 2706 891 2784 Quantum
934 2704 1253 2767 hodiedum
1290 2704 1479 2766 lateat
1509 2704 1772 2783 periculi
1798 2707 1866 2765 in
1889 2706 2313 2785 &morantibus
2337 2711 2399 2768 ct
2426 2723 2577 2769 non·

351 2821 498 2883 dum
560 2826 810 2901 penitus
868 2822 1194 2883 medicatis
1240 2820 1608 2901 parochi-ami
1650 2821 2037 2900 ymuibus.
2087 2856 2179 2870 —-
2220 2821 2420 2886 Error
2470 2824 2584 2906 qui

356 2934 774 3000 vicinioribus
798 2933 1208 3017 temporibus
1237 2934 1395 2999 altas
1438 2932 1693 2999 radices
1734 2935 1888 3017 egit,
1922 2942 1993 3000 et
2026 2937 2159 3021 qui,
2200 2936 2358 3002 licet
2389 2938 2584 3005 variis
2638 2917 2657 2932 ‘

353 3047 542 3116 Sedis
574 3049 954 3132 Apostolicae
989 3047 1510 3115 damnationibus
1552 3065 1983 3133 compressus,
2029 3069 2200 3116 nova
2224 3051 2581 3119 hodiedum

353 3164 503 3230 hinc
539 3163 692 3230 inde
729 3165 939 3231 exerit
969 3164 1416 3231 evolutionum
1452 3164 1834 3241 tentamina,
1871 3164 2137 3230 maximi
2169 3163 2385 3231 adhuc
2408 3168 2584 3250 peri-

356 3281 489 3345 culi
538 3278 901 3346 censendus
944 3286 1065 3346 est.
1132 3279 1284 3345 Tale
1336 3297 1533 3362 porro
1581 3297 1722 3344 sese
1772 3278 2038 3345 exhibet
2082 3280 2583 3363 parochiaticum

353 3404 666 3483 systema.
719 3419 752 3457 a
787 3397 1091 3462 Proxime
1141 3396 1364 3479 elapso
1419 3394 1680 3472 soeculo,
1737 3395 1829 3461 ait
1872 3393 2094 3472 Nardi,
2145 3395 2584 3479 parochismus

361 3536 394 3574 a
428 3512 611 3598 apud
641 3512 857 3579 Gallos
896 3512 961 3576 in
1001 3512 1330 3595 gigantem
1390 3517 1802 3588 excreverat,
1859 3505 2244 3595 radicesque
2292 3513 2423 3578 alte
2464 3512 2584 3579 de-

362 3653 394 3691 «
427 3629 710 3711 fixerat;
744 3636 813 3694 et
841 3628 1074 3713 cuique
1103 3628 1169 3692 in
1198 3627 1401 3694 rebus
1428 3627 1881 3693 ecclesiasticis
1908 3634 2170 3694 versato
2195 3636 2426 3696 notum
2454 3637 2579 3709 est,

360 3768 394 3807 a
431 3750 535 3810 tot
570 3743 770 3809 fuisse
808 3742 878 3807 in
907 3741 1081 3808 huuc
1120 3758 1378 3807 sensum
1417 3760 1455 3806 a
1487 3739 1910 3807 novatoribus
1951 3738 2162 3807 editos
2189 3740 2463 3822 libellos,
2498 3742 2586 3810 ad

361 3883 395 3920 a
431 3857 790 3926 indebitam
838 3856 1004 3943 juris
1070 3856 1170 3921 sui
1230 3856 1675 3922 extensionem
1728 3860 1829 3920 tot
1890 3854 2191 3923 inductos
2240 3858 2581 3941 parochos,

363 4001 398 4039 <c
430 3978 642 4061 capite
679 3974 954 4053 debiles,
1005 3979 1119 4039 aut
1160 3972 1530 4038 ambitionis
1561 3973 1746 4056 lepra
1786 3970 2140 4049 morbidos,
2187 3980 2261 4039 ut
2297 3994 2423 4041 non
2451 3995 2589 4042 me·-

365 4118 398 4154 a
432 4092 668 4160 diocris
700 4089 1108 4173 tempestatis
1150 4087 1456 4154 fiuctibus
1498 4087 1719 4153 Galliae
1759 4086 2059 4173 Episcopi
2094 4088 2400 4172 exagitati
2443 4089 2588 4159 fue·

367 4233 398 4268 a
434 4209 586 4274 rint.
605 4209 688 4274 Et
719 4204 981 4291 quidem
1015 4203 1331 4288 grassanti
1354 4202 1563 4268 errori
1595 4200 2169 4281 confutationibus,
2193 4200 2591 4291 directisque

367 4350 399 4390 a
436 4324 524 4392 ad
587 4323 894 4391 ecclesias
952 4339 1102 4386 suas
1165 4318 1731 4397 instructionibus,
1807 4325 2003 4404 atque
2067 4320 2261 4386 etiam
2325 4319 2589 4388 fortiter

369 4460 402 4500 α
435 4445 698 4523 arrepta
719 4431 1031 4521 pastorali
1066 4432 1250 4515 virga
1280 4447 1422 4499 sese
1446 4435 1918 4514 opposuerunt.
1955 4428 2038 4497 At
2074 4429 2280 4495 multo
2306 4429 2582 4514 facilius,
