3146 4973
600 433 636 496 4
1274 453 1648 504 'rueramus
1695 455 1783 502 nn
1825 454 2152 503 maocuo,

1319 838 1915 977 SECTIO
1990 843 2095 979 I.

664 1162 860 1255 Quid
898 1166 1041 1238 sint
1075 1163 1372 1264 parochi
1408 1164 1645 1267 quoad
1686 1191 1888 1239 suam
1924 1164 2338 1241 historicam
2375 1167 2744 1267 originem.

675 1684 836 1749 Cum
883 1685 949 1747 in
980 1680 1397 1748 obtrudenda
1427 1702 1703 1749 erronea
1739 1702 1855 1748 sua
1886 1682 1972 1750 de
2007 1685 2302 1768 parochis
2332 1704 2688 1773 eorumque
2711 1687 2815 1772 ju-

584 1798 766 1865 ribus
803 1799 1121 1876 doctrina‚
1161 1796 1589 1882 jansenisticae
1637 1804 1869 1865 turmae
1918 1801 2345 1886 scriptoribus
2399 1804 2686 1870 solemne
2733 1805 2815 1870 sit

580 1914 666 1980 ad
698 1916 1070 1999 primaevam
1103 1914 1478 1980 eorumdem
1512 1915 1848 1998 originem,
1888 1923 1957 1981 et
1984 1918 2276 1999 priorum
2306 1919 2610 1984 Ecclesiae
2649 1927 2815 1984 tem-

580 2047 814 2111 porum
845 2028 1247 2111 disciplinam
1276 2045 1658 2109 provocare,
1694 2046 1823 2093 non
1859 2029 2132 2096 miretur
2157 2031 2388 2112 lector,
2431 2050 2548 2098 nos
2586 2033 2652 2096 in
2694 2032 2812 2098 hac

580 2141 812 2209 eadem
839 2143 1252 2226 indagatione
1289 2150 1439 2208 ante
1476 2143 1690 2207 omnia
1722 2142 1962 2224 pedem
1993 2143 2221 2228 figere,
2259 2153 2455 2230 atque
2493 2147 2560 2211 in
2600 2166 2812 2231 expu-

580 2258 836 2342 gnanda
860 2259 1187 2342 praecipua
1218 2258 1325 2322 illa
1352 2257 1647 2340 pestiferi
1671 2260 2039 2341 systematis
2067 2278 2218 2325 arce
2248 2263 2567 2346 tantisper
2595 2264 2816 2329 immo·

578 2375 732 2439 rari.
769 2375 892 2438 Tot
918 2374 1093 2438 enim
1122 2380 1435 2457 tantaque
1466 2379 1609 2437 arte
1644 2375 1933 2438 consutis
1961 2376 2318 2442 mendaciis
2350 2376 2512 2443 dicti
2544 2380 2815 2463 scripto-

580 2508 690 2556 res
726 2490 1069 2573 genuinam
1102 2488 1537 2571 parochorum
1568 2490 2042 2556 institutionem
2072 2489 2558 2570 obnubilarunt,
2599 2501 2674 2558 ut
2701 2497 2814 2580 qui

540 2663 547 2672 .
580 2607 1039 2691 antiquitatum
1095 2605 1681 2670 ecclesiasticarum
1735 2607 2180 2688 promptuaria
2237 2625 2566 2692 nunquam
2626 2608 2814 2676 adie-

581 2729 761 2800 runt,
789 2722 895 2787 vel
920 2741 958 2786 e
987 2720 1207 2784 limine
1241 2718 1581 2784 dumtaxat
1618 2718 2005 2797 salutarunt,
2031 2720 2138 2785 vix
2172 2739 2248 2785 ac
2285 2739 2368 2787 ne
2400 2725 2508 2787 vix
2544 2723 2810 2809 quidem

581 2838 928 2903 veritatem
965 2835 1392 2919 introspicere
1426 2829 1691 2919 queant,
1730 2835 1835 2900 vel
1865 2835 2063 2900 etiam
2089 2837 2424 2921 suspicari.
2445 2838 2610 2903 Hinc
2637 2857 2815 2923 quae·-

580 2953 855 3018 stionem
886 2952 1063 3018 illam
1086 2950 1171 3016 de
1204 2948 1635 3033 parochorum
1668 2949 1918 3032 origine
1949 2948 2183 3015 sedulo
2209 2949 2571 3017 rimandam
2601 2954 2814 3018 existi·

584 3070 934 3151 mavimus3
974 3068 1039 3130 in
1085 3083 1280 3151 quem
1316 3082 1585 3149 scopum
1633 3065 1932 3147 sequenti
1968 3067 2251 3149 capitum
2292 3068 2460 3132 serie
2501 3076 2806 3134 utemur:

591 3188 657 3248 10
693 3203 775 3247 an
805 3190 876 3247 et
909 3199 1040 3266 quo
1061 3199 1255 3246 sensu
1284 3197 1479 3245 voces
1506 3180 1807 3260 parochus
1836 3186 1907 3244 et
1922 3181 2217 3261 parochia
2244 3182 2597 3266 antiquitus
2629 3202 2813 3249 usur·

584 3306 750 3383 patoe
787 3303 1174 3378 occurrant3
1210 3297 1280 3360 2⁰
1310 3312 1453 3378 quae
1490 3301 1660 3358 notae
1697 3296 1764 3357 in
1802 3296 2234 3360 monumentis
2269 3298 2668 3381 antiquitatis
2703 3316 2812 3363 re-

585 3413 787 3497 periri
839 3411 1144 3486 debeant,
1191 3417 1268 3474 ut
1314 3408 1552 3472 merito
1601 3405 1904 3473 concludi
1950 3409 2152 3491 possit
2190 3410 2255 3473 in
2289 3410 2380 3475 ‘iis
2415 3412 2808 3479 mentionem

581 3530 730 3596 fieri
758 3527 843 3596 de
879 3525 1162 3612 parocho
1191 3523 1454 3609 proprie
1491 3520 1709 3605 dicto;
1754 3526 1826 3589 30
1862 3523 2186 3607 prioribus
2225 3526 2522 3592 Ecclesiae
2558 3528 2813 3593 saeculis

586 3645 806 3709 nullus
830 3644 898 3707 in
922 3639 1168 3708 mundo
1190 3639 1411 3705 extitit
1430 3636 1753 3719 parochus
1778 3658 1794 3720 3
1823 3640 1896 3702 4⁰
1920 3640 2175 3706 rurales
2215 3641 2535 3723 parochiae
2572 3650 2810 3727 quarto

586 3762 849 3825 circiter
892 3758 1128 3823 saeculo
1182 3753 1432 3820 institui
1487 3758 1719 3834 coeptae
1774 3761 1926 3818 sunt
1955 3776 1970 3837 ;
2027 3758 2094 3818 5⁰
2150 3764 2302 3821 ante
2355 3776 2593 3822 annum
2638 3760 2811 3824 1000

585 3874 802 3940 nullus
834 3874 899 3937 in
929 3869 1300 3937 civitatibus
1341 3864 1818 3950 episcopalibus
1874 3869 2090 3934 extitit
2125 3870 2476 3955 parochus;
2511 3874 2583 3937 60
2619 3891 2811 3955 paro-

584 3990 687 4056 chi
718 4007 846 4054 non
901 3994 1054 4051 sunt
1083 4000 1489 4050 successores
1528 3983 1611 4046 72
1650 3979 2155 4069 discipulorum3
2192 3989 2260 4050 70
2296 3985 2532 4051 falsum
2562 3995 2664 4052 est
2695 4006 2809 4071 pa-

584 4105 816 4170 rochos
851 4103 1047 4167 fuisse
1116 4099 1270 4164 olim
1313 4105 1505 4164 vetus
1546 4097 2068 4182 presbyterium3
2106 4100 2177 4165 80
2209 4099 2469 4184 parochi
2495 4118 2623 4164 non
2652 4107 2807 4166 sunt
2935 4105 2948 4118 “

583 4215 1001 4285 institutionis
1037 4214 1294 4279 divinoe.
