3146 4973
578 346 733 410 ’398
1277 359 1655 411 ranem-ros
1671 361 1790 408 “nn
1834 358 2162 408 Paaocno.

596 485 841 550 tionem
862 483 1227 562 intellecta,
1270 503 1397 550 non
1442 481 1706 569 poterit*
1724 483 2094 568 Episcopus·
2122 484 2302 550 illum
2336 481 2834 568 ideoeparochia

600 600 894 683 privare;
927 597 1065 664 sed·
1090 599 1292 665 ut-ad
1339 603 1767 684 privationem
1795 600 2212 679 deveniamr,
2237 645 2242 650 Δ
2265 617 2534 667 necesse
2584 604 2712 668 erit
2755 611 2833 669 ut

594 713 728 796 jam
763 716 1074 792 monitus,
1113 723 1185 780 et
1219 715 1356 782 aliis
1393 718 1601 800 poenis
1639 722 2016 800 correptus,
2061 715 2280 781 adhuc
2320 717 2402 780 in·
2429 715 2681 781 dictum
2719 737 2838 784 ne-

600 827 871 898 fandum
890 830 1107 895 scelus
1135 830 1533 914 prolabatur.
1570 829 1766 913 Quod
1792 831 1844 895 si
1874 831 2233 913 resipiscat,
2273 832 2381 896 vel
2418 831 2684 914 probari
2721 851 2838 898 ne-

591 950 836 1027 queant
866 962 1051 1010 novae
1089 943 1507 1027 postmodum
1534 953 1807 1029 patratae
1852 944 2333 1024 fornicationes,
2369 946 2673 1028 parochia
2699 965 2828 1012 non

600 1058 989 1141 privabitur,
1041 1059 1159 1126 sed
1205 1062 1274 1124 in
1304 1079 1382 1126 ea
1417 1060 1885 1146 relinquendus
1933 1063 2084 1126 erit.
2124 1063 2268 1127 Jam
2324 1077 2511 1139 vero,
2562 1063 2833 1128 attentis

602 1174 959 1256 proesertim
987 1173 1318 1240 hodiernis
1352 1175 1664 1254 moribus,
1701 1176 1902 1242 talem
1947 1174 2304 1258 paroebum
2351 1175 2626 1261 (etiamsi
2668 1176 2829 1241 resi·

596 1288 835 1375 puerit)
858 1290 1192 1356 commisso
1227 1291 1352 1357 sibi
1382 1292 1650 1374 populo,
1689 1311 1817 1357 non
1858 1288 2294 1368 aedificationi,
2332 1289 2453 1356 sed
2493 1288 2824 1357 immensa!

599 1403 803 1468 ruinoe
816 1404 1137 1485 futurum,
1166 1404 1407 1481 nullus,
1428 1411 1610 1486 puto,
1647 1403 1930 1487 negabit.
1950 1402 2049 1469 Ad
2067 1404 2340 1469 Galliam
2358 1403 2539 1487 quod
2561 1405 2823 1484 attinet,

597 1519 794 1582 asseri
812 1536 997 1600 posse
1028 1516 1299 1584 videtur
1323 1522 1578 1581 tantum
1608 1516 1752 1581 fore
1783 1516 2180 1595 scandalum,
2209 1523 2288 1581 ut
2315 1515 2556 1584 fideles
2575 1535 2827 1603 nequa-

595 1649 790 1715 quam
812 1631 1054 1697 hancce
1083 1632 1379 1715 Episcopi
1402 1628 1636 1714 agendi
1660 1632 1976 1696 rationem
2008 1630 2365 1716 legitimam
2404 1630 2525 1697 sibi
2555 1651 2834 1717 persua-

597 1744 756 1812 dere
791 1754 1076 1831 possent.

686 1865 758 1927 3⁰
790 1861 953 1928 Inde
981 1870 1201 1928 tamen
1242 1882 1372 1928 non
1402 1863 1700 1946 sequitur
1743 1860 2173 1944 vituperanda
2216 1880 2357 1944 esse
2401 1861 2667 1929 decreta
2697 1863 2832 1928 haec

597 1975 994 2054 Tridentina,
1008 1977 1260 2042 etiamsi
1292 1975 1481 2060 juxta
1503 1974 1746 2042 dictam
1772 1976 2387 2059 interpretationem
2409 1977 2832 2061 intelligenda

599 2090 866 2158 forent:
904 2092 1094 2157 absit.
1141 2092 1302 2156 Nam
1352 2109 1429 2156 ea
1481 2108 1624 2156 esse
1680 2092 1895 2174 potuit
1950 2091 2255 2176 iniquitas
2300 2100 2699 2176 temporum,
2761 2100 2831 2157 et

600 2208 1224 2272 circumstantiarum
1258 2205 1626 2285 difficultas,
1657 2204 1917 2290 quando
1948 2205 2319 2272 Alexander
2340 2209 2577 2273 tertius
2601 2217 2672 2274 et
2699 2208 2832 2272 Tri·

600 2321 855 2389 dentiui
886 2331 1105 2405 patres
1124 2322 1469 2406 praefatum
1490 2339 1764 2387 sanxere
1791 2321 2192 2405 procedendi
2214 2322 2503 2401 modum,
2534 2331 2609 2390 ut
2631 2325 2830 2389 satius

601 2436 806 2506 fuerit
838 2456 971 2503 non
1010 2438 1168 2503 nihil
1198 2455 1281 2503 ex
1320 2437 1665 2522 antiquiori
1702 2435 2042 2521 disciplina
2077 2440 2445 2517 remittere,
2482 2448 2553 2507 et
2590 2439 2828 2506 mitiori

600 2553 891 2623 remedio
914 2555 1083 2637 pesti
1109 2552 1258 2619 huic
1293 2553 1546 2617 obviam
1576 2555 1706 2636 ire3
1740 2554 2100 2637 praesertim
2132 2572 2280 2619 cum
2321 2555 2533 2632 simul,
2563 2564 2641 2621 ut
2669 2554 2828 2621 dixi-

599 2688 765 2746 muS,
804 2677 979 2734 sarta
1014 2676 1189 2734 tecta
1233 2668 1562 2733 voluerint
1608 2667 2024 2751 particularia
2065 2669 2488 2735 ecclesiarum
2517 2669 2638 2735 hac
2665 2671 2731 2734 in
2759 2689 2832 2735 re

598 2791 874 2867 statuta3
917 2791 987 2849 et
1019 2785 1111 2848 sic
1141 2801 1343 2867 penes
1372 2781 1750 2850 ordinarios
1779 2785 2171 2849 remanserit
2209 2785 2545 2867 graviores
2586 2804 2710 2868 pro
2743 2785 2833 2851 lo·

597 2916 822 2964 corum
845 2898 1336 2982 opportunitate
1358 2915 1588 2982 poenas
1606 2894 2014 2962 decernendi
2043 2896 2343 2963 incultae.

684 3012 756 3078 4⁰
795 3011 1128 3099 Quidquid
1172 3020 1393 3079 autem
1433 3013 1520 3078 sit
1560 3011 1646 3078 de
1687 3011 1931 3097 duplici
1971 2986 2267 3097 eaposita
2301 3016 2626 3080 sententia
2661 3017 2833 3082 circa

595 3132 1039 3215 quaestionem,
1076 3149 1159 3196 an
1187 3129 1273 3196 de
1295 3128 1445 3215 jure
1482 3130 1810 3195 communi
1833 3131 2033 3214 possit
2070 3138 2344 3213 propter
2369 3131 2831 3200 fornicationes

594 3246 795 3329 infligi
824 3246 1201 3329 privationis
1244 3264 1459 3330 poena,
1518 3262 1648 3310 non
1693 3250 2039 3329 expectata
2079 3245 2659 3328 incorrigibilitate,
2707 3265 2830 3331 pro

594 3371 778 3427 certo
801 3360 1174 3428 habendum
1202 3369 1304 3427 est
1335 3358 1404 3425 id
1425 3364 1657 3444 dejure
1673 3359 1907 3425 mltem
1921 3363 2295 3441 qamt-’oulen‘
2320 3360 2465 3426 fieri
2501 3380 2714 3444 posse.
2749 3364 2832 3428 Et

595 3498 787 3563 quam
817 3480 1107 3561 legitima
1144 3487 1217 3544 et
1245 3476 1601 3544 laudabilia
1629 3475 2002 3541 aestimanda
2039 3477 2168 3541 sint
2200 3482 2445 3542 statuta
2477 3478 2829 3560 particula-

595 3595 690 3658 ria
716 3592 1083 3658 dioeceseon
1127 3593 1235 3657 vel
1278 3592 1784 3674 provinciarum,
1825 3589 2064 3675 quibus
2100 3591 2190 3658 ita
2227 3591 2537 3671 sancitur,
2567 3593 2726 3657 satis
2748 3610 2828 3681 ex

596 3727 792 3792 supra
821 3706 1128 3775 deductis
1153 3708 1382 3792 liquet.

1677 3904 1756 3968 X.

595 4108 884 4172 Episcopus
918 4113 1104 4157 contra
1137 4106 1348 4156 clericos
1385 4102 1787 4155 concubinarios
1816 4103 2104 4167 procedam
2127 4103 2294 4167 juxta
2321 4116 2567 4157 normam
2603 4106 2826 4157 Triden-

790 4205 913 4252 mur
935 4202 1309 4265 dommim,
1337 4199 1535 4261 judicia·
1568 4199 1851 4250 simmam
1883 4197 2116 4261 romam
2171 4199 2417 4251 adhibere
2448 4207 2631 4264 potest.

687 4404 954 4471 Constat
981 4402 1195 4484 capite
1228 4404 1297 4465 14
1339 4401 1639 4466 sessionis
1675 4402 1760 4464 25
1789 4397 2150 4465 Tridentini
2181 4402 2452 4481 concilii,
2487 4403 2703 4488 inquo
2735 4404 2824 4469 sic
