3146 4973
1223 391 1380 436 mus
1424 390 1740 437 securim.
2467 378 2593 441 289

379 538 408 571 «
446 517 694 596 species
732 514 979 579 unionis
1026 533 1155 579 non
1191 516 1351 580 facit
1387 517 1834 581 canonicatum
1872 522 2171 579 curatum
2193 562 2208 591 ,
2250 534 2371 580 nec
2407 515 2599 581 bene-
2646 506 2654 515 ’

381 651 411 685 «
447 626 668 693 ficium
702 628 976 711 simplex
1014 629 1143 715 (cui
1185 630 1275 693 sic
1322 630 1544 694 unitur
1577 626 1985 712 parochialis)
2019 628 2257 693 desinit
2288 648 2429 696 6556
2457 633 2597 699 sim·

383 770 412 804 «
450 744 626 826 plex.
672 745 841 808 Item
884 745 1227 809 concilium
1273 763 1403 809 non
1447 744 1753 828 prohibet
1787 764 1868 809 ne
1906 745 2303 827 parochiales
2340 754 2411 811 et
2446 766 2604 831 proe-

382 884 412 918 «
450 858 678 923 bendae
744 858 1106 925 adinvicem
1172 861 1499 938 uniantur,
1566 859 1686 925 sed
1747 880 1829 924 ne
1876 862 2254 942 parochiales
2314 868 2606 925 uniantur

385 999 413 1033 «
446 977 814 1057 proebendis,·
853 994 994 1058 quae
1034 975 1235 1041 verba
1280 974 1589 1039 videntur
1635 976 1991 1057 importare
2043 977 2348 1039 unionem
2393 995 2609 1041 acces—

385 1114 415 1150 «
452 1091 704 1169 soriam,
743 1110 873 1156 non
911 1098 1130 1155 autem
1166 1090 1820 1174 aeque-principalem.
1855 1091 1933 1155 In
1981 1092 2377 1156 contrarium
2423 1091 2602 1167 facit,

387 1232 415 1267 «
455 1208 603 1291 quia
650 1208 922 1271 interest
970 1206 1261 1271 ecclesioe
1311 1205 1553 1271 habere
1599 1224 1788 1271 suum
1840 1206 2173 1290 proprium
2225 1215 2550 1272 rectorem
2589 1232 2606 1272 :

387 1349 417 1383 «
453 1330 520 1387 at
568 1342 689 1407 per
741 1321 1111 1405 hujusmodi
1152 1324 1490 1400 unionem,
1541 1322 1802 1387 tametsi
1850 1321 2362 1406 unumquodque
2413 1323 2615 1388 bene-

388 1462 418 1496 «
454 1438 673 1502 ficium
701 1439 981 1502 retineat
1010 1457 1125 1501 sua
1157 1436 1305 1521 jura
1337 1445 1405 1502 et
1434 1436 1796 1520 privilegia,
1827 1443 2046 1500 tamen
2077 1457 2245 1502 unus
2273 1445 2372 1504 est
2399 1447 2617 1504 rector

390 1578 422 1615 «
460 1552 822 1637 utriusque.
866 1553 1197 1617 Praeterea
1247 1552 1400 1614 uuio
1447 1552 1724 1635 requirit
1772 1570 2028 1616 causam
2075 1554 2476 1618 necessitatis
2512 1555 2619 1621 vel

390 1694 421 1729 α
458 1669 756 1733 utilitatis
794 1668 1120 1750 ecclesiae;
1158 1667 1437 1751 alioquin
1472 1686 1598 1731 non
1637 1666 1843 1742 valet,
1884 1667 2136 1732 etiamsi
2166 1667 2282 1733 fiat
2309 1668 2393 1733 ab
2436 1668 2622 1735 Ordi-

392 1808 424 1846 α
462 1787 643 1850 nario
680 1789 938 1849 servata
976 1782 1141 1866 juris
1178 1782 1387 1847 forma
1432 1804 1445 1846 :
1489 1781 1865 1865 hujusmodi
1909 1790 2129 1847 autem
2151 1784 2319 1848 ·unio
2366 1791 2622 1850 tantum

393 1926 423 1960 «
463 1900 646 1965 abest
675 1907 749 1964 ut
781 1898 1018 1963 habeat
1056 1916 1313 1963 causam
1352 1898 1749 1961 necessitatis
1781 1897 1890 1960 vel
1929 1897 2254 1976 utilitatis,
2293 1905 2367 1961 ut
2409 1900 2625 1981 potius

396 2040 426 2074 «ι
466 2016 724 2098 utrique
779 2012 1094 2078 beneficio
1133 2013 1217 2077 sit
1261 2010 1658 2076 damnosa.»
1697 2010 2040 2077 Concludit
2091 2014 2453 2095 Fagnanus,
2505 2014 2624 2079 sibi

391 2128 609 2195 videri
652 2130 898 2205 veriuS,
944 2126 1334 2211 prohibitam
1385 2129 1582 2192 etiam
1620 2145 1759 2191 6556
1808 2125 2049 2191 dictam
2096 2128 2401 2192 unionem
2442 2146 2625 2213 aeque

392 2243 830 2329 principalem.

464 2346 690 2443 ‘Atque
724 2356 899 2422 idem
941 2365 1123 2423 tenet
1158 2357 1416 2440 Riganti
1446 2357 1535 2442 (in
1564 2374 1703 2439 reg.
1747 2359 1821 2422 13
1864 2357 2281 2436 cancellariae,
2317 2378 2385 2424 n.
2426 2358 2572 2442 158)
2609 2383 2623 2426 :

401 2465 639 2539 «Nihil
671 2474 968 2550 interest,
995 2471 1223 2556 inquit,
1253 2491 1333 2536 an
1370 2471 1524 2534 unio
1554 2471 1640 2536 sit
1671 2470 2057 2536 exstinctiva
2085 2472 2280 2551 tituli,
2303 2474 2409 2538 vel
2445 2494 2628 2558 aeque

403 2614 433 2648 a
472 2588 863 2672 principalis3
900 2606 1048 2651 cum
1084 2586 1220 2650 hoec
1251 2604 1508 2670 quoque
1540 2605 1578 2650 a
1611 2587 1884 2652 concilio
1917 2586 2361 2671 prohibeatur.
2392 2612 2425 2652 »

490 2711 668 2771 Nota.
700 2743 790 2754 —-—
821 2706 1011 2770 Dicta
1049 2703 1482 2787 prohibitione
1531 2702 1866 2788 parochias
1901 2702 2218 2769 beneficio
2247 2724 2376 2769 non
2403 2716 2631 2773 curato

398 2823 758 2908 subjective
785 2819 1078 2895 uniendi,
1116 2824 1481 2885 correctum
1518 2818 1646 2884 fuit
1676 2818 1783 2903 jus
1814 2838 2151 2885 commune
2189 2829 2339 2887 ante
2372 2823 2632 2895 Triden-

402 2940 599 3002 tinam
645 2935 969 3022 synodum
1020 2936 1267 3019 vigens.
1319 2958 1351 2995 α
1398 2931 1787 3016 Respondeo
1832 2931 1944 3018 (ait
1982 2933 2370 3014 Leurenius,
2412 2942 2628 3002 Forum

406 3078 435 3114 «
475 3054 846 3132 beneficiate,
886 3068 1031 3133 pag.
1077 3053 1135 3127 1,
1173 3067 1236 3133 q.
1282 3051 1427 3127 164,
1463 3067 1529 3111 n.
1567 3042 1657 3130 2),
1695 3047 1954 3111 tametsi
1984 3048 2134 3111 olim
2184 3068 2332 3114 cum
2364 3053 2630 3135 capituli

405 3195 439 3234 «
475 3186 789 3235 consensu
820 3170 1038 3249 posset
1077 3165 1432 3247 Episcopus
1467 3162 1615 3226 loco
1645 3161 1836 3224 alicui
1874 3162 1979 3242 pio
2019 3180 2135 3227 seu
2176 3165 2475 3248 religioso
2509 3165 2626 3232 do-

408 3311 438 3345 «
478 3304 632 3349 nare
663 3283 809 3368 jura
837 3288 906 3345 et
939 3277 1194 3344 reditus
1224 3276 1648 3342 ecclesiarum
1683 3276 2170 3361 parochialium,
2191 3299 2338 3345 cum
2368 3288 2624 3365 patroni

408 3426 440 3460 a
479 3417 793 3465 consensu
853 3396 1065 3482 (juxta
1114 3400 1310 3477 caput
1354 3395 1723 3471 Pastoralis‚
1776 3394 1849 3456 de
1903 3393 2387 3480 Donationibus)‚
2450 3418 2623 3463 nunc

408 3540 440 3577 «
480 3521 698 3580 autem
741 3531 862 3596 per
912 3509 1363 3577 Tridentinum
1409 3507 1586 3594 (sess,
1626 3508 1732 3584 24,
1773 3527 1831 3572 c.
1875 3506 1976 3591 13)
2037 3508 2428 3591 prohibitum
2485 3532 2623 3580 esse
2739 3507 2749 3516 ’

409 3656 442 3692 α
478 3630 842 3713 Episcopis‚
880 3624 1313 3710 parochialem
1352 3623 1778 3700 monasterio,
1815 3623 2118 3703 abbatiae,
2152 3623 2483 3708 dignitati,
2522 3648 2625 3697 ca-

412 3771 443 3808 «
480 3744 836 3821 nonicatui,
872 3741 980 3805 vel
1013 3740 1203 3804 alteri
1230 3735 1545 3801 beneficio
1576 3731 1846 3820 simplici
1878 3740 2088 3806 unire.
2119 3764 2152 3803 »

498 3862 892 3927 Pnorosrno
922 3858 1054 3922 ΙΨ.
1088 3892 1178 3901 -
1203 3857 1409 3916 Potest
1443 3857 1770 3934 Episcopus
1802 3855 2144 3931 beneficium
2191 3877 2310 3920 non
2354 3871 2628 3926 curatum

409 3985 726 4045 accessor-ie
765 3981 938 4039 unire
984 3972 1304 4056 parochioe.
1338 4003 1425 4016 —-
1453 3968 1615 4032 Nam
1646 3968 1845 4032 citato
1877 3969 2171 4035 sessionis
2203 3974 2274 4036 21
2317 3977 2526 4058 capite
2561 3982 2623 4060 5,

414 4094 713 4162 decernit
747 4089 1120 4155 Tridentina
1158 4082 1447 4169 synodus
1483 4090 1559 4147 ut
1583 4087 1822 4162 possint
1851 4085 2131 4165 Episcopi
2163 4088 2361 4165 facere
2389 4097 2635 4158 uniones

406 4217 727 4293 perpetuas
756 4204 1169 4282 beneficiorum
1204 4206 1545 4263 curatorum
1573 4201 1669 4261 vel
1697 4217 1817 4261 non
1843 4206 2187 4263 curatorum
2215 4223 2346 4266 cum
2378 4215 2633 4275 curatis.

414 4323 608 4408 Quod
652 4320 913 4407 quidem
960 4338 1091 4384 non
1137 4318 1228 4381 ita
1270 4311 1766 4399 intelligendum
1815 4321 1936 4392 est,
1981 4321 2055 4379 ut
2089 4319 2292 4398 possit
2335 4323 2638 4403 parochia

416 4438 774 4507 accessorie
806 4434 975 4502 uniri
1005 4433 1193 4500 alicui
1222 4429 1540 4498 beneficio
1567 4449 1694 4495 non
1718 4438 1945 4498 curato
1973 4436 2042 4497 et
2060 4431 2122 4497 ei
2141 4431 2406 4522 subjici3
2447 4438 2641 4523 siqui·

2367 4547 2436 4608 19
