3146 4973
580 360 615 425 4
628 362 705 427 24
1256 378 1632 428 ‘raac‘mrus
1682 379 1772 426 nn
1812 377 2139 425 ranocno.

579 520 728 568 nem
770 523 785 569 ε
829 525 861 567 α
904 501 1274 587 Capitulum
1318 502 1614 569 ecclesiae
1647 501 2061 568 civitatensis
2091 499 2293 569 habet
2331 504 2546 568 unitas
2574 520 2841 568 mensae

585 639 618 679 (ι
649 618 989 684 nonnullas
1010 618 1432 702 parochiales»,
1467 617 1705 703 quibus
1741 617 1824 685 ab
1854 616 2350 685 immemorabili
2377 624 2689 701 tempore
2721 616 2845 683 de·

587 757 620 798 «
654 736 886 801 serviri
930 734 1179 801 faciunt
1227 754 1347 819 per
1392 735 1676 801 vicarios
1721 733 1809 801 ad
1850 753 2078 802 eorum
2129 742 2364 801 nutum
2403 734 2839 811 amovibileS,

585 872 619 912 «
649 848 838 936 juxta
861 849 1236 917 facultatem
1265 850 1388 917 sibi
1416 869 1723 935 expresse
1750 872 1789 917 a
1819 849 1988 918 Sede
2015 851 2381 935 Apostolica
2417 868 2841 916 concessam.

584 988 618 1027 α
651 966 731 1030 Hi
763 985 957 1045 nunc,
993 986 1075 1032 ex
1098 964 1538 1033 declaratione
1568 967 1776 1034 Sacrae
1809 966 2360 1052 congregationis,
2391 985 2522 1032 non
2546 973 2850 1050 possunt

586 1104 620 1143 α
655 1078 980 1165 deputari,
1022 1081 1145 1148 nisi
1171 1083 1416 1166 praevio
1445 1083 1742 1148 examine
1783 1088 1852 1148 et
1879 1080 2351 1166 approbatione
2384 1082 2694 1166 Episcopi
2723 1103 2742 1146 :
2771 1086 2849 1146 et

589 1220 622 1259 α
657 1197 753 1262 sic
785 1197 1087 1281 deputati
1123 1206 1393 1283 possunt
1434 1195 1521 1263 ad
1553 1202 1787 1262 nutum
1831 1197 2121 1281 capituli,
2160 1202 2230 1262 et
2258 1196 2343 1264 ab
2375 1198 2514 1281 ipso
2557 1215 2847 1283 quoque

587 1338 619 1377 α
655 1312 1004 1381 Ordinatio
1032 1315 1379 1381 removeri.
1420 1314 1771 1395 Quaeritur,
1804 1333 1888 1379 an
1923 1313 2166 1380 amotio
2201 1312 2284 1379 ab
2326 1314 2645 1398 Episcopo
2675 1313 2846 1380 fieri

590 1454 622 1493 α
655 1430 856 1515 possit
904 1430 1041 1495 sine
1104 1431 1337 1495 causa?
1380 1465 1471 1477 --
1511 1429 1943 1514 congregatio
1991 1431 2275 1507 censuit,
2309 1430 2588 1495 vicarios
2647 1431 2848 1514 ipsos

589 1568 621 1606 «
658 1563 844 1628 posse
877 1538 929 1610 a'
951 1544 1234 1627 capitulo
1277 1546 1566 1611 amoveri
1601 1544 1686 1611 ad
1722 1552 1956 1610 nutum
1997 1545 2295 1629 capituli3
2346 1544 2430 1610 ab
2470 1543 2844 1612 Ordinatio

590 1684 622 1721 «
656 1678 837 1739 vero,
873 1659 1125 1725 nonnisi
1164 1679 1246 1726 ex
1293 1679 1489 1727 causa
1528 1660 1840 1746 legitima,
1877 1669 2074 1747 atque
2119 1660 2500 1745 approbata,
2541 1669 2845 1745 propter

600 1799 634 1840 α
663 1795 879 1862 quam,
911 1776 1163 1843 etiamsi
1198 1778 1516 1861 perpetui
1546 1785 1783 1855 essent,
1820 1777 2110 1845 amoveri
2136 1784 2424 1861 possent.
2460 1800 2492 1837 »

675 1894 739 1957 2.
774 1891 904 1958 Sed
944 1900 1241 1958 remanet
1277 1889 1590 1958 solvenda
1617 1893 1908 1977 quaestio‚
1945 1912 2027 1958 an
2069 1890 2390 1977 ejusmodi
2431 1892 2658 1958 vicarii
2705 1911 2834 1957 cu-

586 2008 734 2085 rati,
780 2007 866 2074 ad
902 2016 1133 2074 nutum
1183 2007 1582 2086 amovibileS,
1634 2009 1881 2092 possint
1922 2029 1961 2074 a
2001 2008 2285 2091 capitulo
2327 2010 2658 2074 removeri
2687 2016 2836 2072 sine

585 2144 787 2189 causa.
826 2126 909 2190 Et
941 2123 1205 2190 videtur
1236 2120 1770 2207 respondendum
1797 2121 2199 2201 affirmative,
2249 2142 2399 2188 cum
2428 2124 2549 2189 hac
2576 2124 2834 2189 limita-

588 2242 786 2318 tione,
816 2244 988 2304 modo
1009 2260 1223 2305 nonem
1242 2243 1378 2304 odio
1400 2246 1650 2304 remotio
1672 2240 1810 2318 fiat.
1843 2215 2053 2320 Quam
2079 2236 2448 2305 doctrinam
2469 2256 2610 2305 esse
2640 2258 2834 2305 com-

588 2356 873 2421 muniter
901 2364 1259 2441 receptam,
1295 2357 1451 2421 satis
1483 2362 1812 2422 testantur
1843 2355 1981 2420 hoec
2018 2353 2357 2422 Benedicti
2382 2356 2531 2422 XIV
2558 2355 2772 2421 verba
2808 2376 2825 2420 :

596 2494 630 2533 «
664 2471 715 2537 Α
742 2472 1041 2556 capitulis
1077 2477 1146 2538 et
1175 2472 1580 2538 monasteriis
1602 2470 1905 2556 deputari
1926 2472 2138 2540 solent
2167 2471 2397 2538 vicarii
2413 2472 2825 2557 temporarii,

599 2610 631 2649 «
665 2585 752 2653 ad
783 2594 1015 2654 nutum
1057 2587 1452 2664 amovibiles,
1505 2588 1619 2672 qui
1656 2589 2017 2653 animarum
2066 2606 2293 2653 curam
2338 2595 2698 2654 exerceant
2751 2590 2824 2653 in

601 2726 635 2764 «
666 2704 1007 2788 parochiis,
1049 2702 1281 2769 iisdem
1326 2702 1627 2786 capitulis
1666 2722 1784 2769 seu
1816 2704 2222 2771 monasteriis
2257 2705 2476 2781 unitis),
2516 2724 2555 2769 a
2585 2704 2833 2789 quibus

601 2842 635 2882 α
665 2827 884 2885 tamen
907 2819 993 2885 de
1020 2819 1170 2905 jure
1190 2819 1520 2885 communi
1549 2827 1842 2903 possunt,
1870 2820 2065 2886 etiam
2095 2822 2233 2887 sine
2255 2839 2468 2898 causa,
2488 2818 2718 2886 divelli
2752 2840 2830 2885 ac

603 2959 637 2999 α
673 2935 1024 3016 removeri,
1061 2935 1258 3001 modo
1281 2937 1557 3002 remotio
1583 2934 1701 3003 fiat
1724 2935 1968 3022 absque
1999 2936 2152 3004 dolo
2180 2943 2250 3002 et
2278 2956 2406 3004 non
2431 2955 2512 3002 ex
2538 2935 2712 3003 odio.
2749 2938 2829 3002 In

603 3075 639 3116 α
669 3053 881 3119 citatis
918 3053 1480 3121 constitutionibus
1528 3053 2128 3138 Pampiloneusibns
2172 3060 2489 3120 statutum
2538 3052 2687 3133 fuit,
2744 3072 2828 3119 ne

605 3190 639 3230 «
674 3168 898 3247 iidem,
945 3168 1191 3236 indicta
1229 3189 1442 3249 causa,
1484 3189 1522 3235 e
1560 3188 1735 3236 curae
1779 3157 2094 3235 exercitio
2136 3175 2620 3234 evocarentur..
2638 3216 2654 3232 .
2695 3166 2828 3233 Sed

603 3307 637 3345 «
670 3304 819 3350 cum
866 3286 1239 3370 contigisset
1289 3287 1717 3353 remotionem
1771 3285 1909 3350 sine
1966 3301 2161 3349 causa
2200 3282 2368 3362 fieri,
2423 3284 2588 3349 Rota
2635 3281 2830 3368 (deci-

607 3423 642 3460 «
672 3401 849 3468 sione
890 3404 1041 3480 886,
1076 3422 1142 3466 n.
1181 3405 1289 3480 29,
1318 3420 1531 3469 coram
1563 3399 1790 3485 Cerro)
1816 3401 1992 3466 illam
2023 3399 2354 3479 sustinuit,
2401 3398 2579 3466 nulla
2609 3397 2829 3464 habita

608 3538 644 3576 «
675 3515 924 3581 ratione
981 3514 1309 3600 synodalis
1361 3512 1839 3580 constitutionis
1894 3536 1926 3574 υ
2003 3512 2099 3599 (de
2151 3515 2392 3597 Synodo
2448 3515 2786 3577 dioecesana
2803 3560 2821 3589 ,

598 3629 766 3696 libro
802 3632 905 3708 12,
950 3630 1161 3715 capite
1189 3632 1249 3707 l,
1288 3648 1353 3694 n.
1392 3626 1480 3712 2).
1517 3626 1703 3695 Idem
1732 3635 2028 3695 notatum
2057 3627 2348 3713 reperies
2379 3624 2559 3712 apud
2589 3625 2827 3693 Devoti

612 3744 1074 3831 (Institutiones,
1102 3746 1270 3814 libro
1298 3749 1359 3824 l,
1385 3744 1582 3811 titulo
1604 3751 1669 3825 3,
1699 3750 1859 3812 sect.
1889 3742 1983 3829 9).

696 3863 904 3943 Quam
931 3862 1182 3946 pariter
1207 3860 1576 3929 doctrinam
1607 3859 1811 3928 tradit
1835 3860 2128 3927 Ferraris
2160 3859 2390 3947 (verbo
2423 3865 2697 3926 vicarius
2717 3879 2831 3943 pa-

610 3978 917 4058 rochialis,
954 3998 1023 4042 n.
1088 3980 1193 4056 59,
1242 3974 1405 4045 edit.
1457 3979 1704 4047 Matriti
1747 3976 1940 4063 1787)
1983 3978 2048 4041 in
2100 3976 2272 4043 hunc
2302 3975 2566 4043 modum
2604 3994 2619 4041 τ
2661 3999 2695 4038 α
2731 3977 2832 4041 vi-

617 4118 649 4157 «
689 4094 846 4160 carii
892 4097 1268 4179 temporarii
1316 4117 1352 4163 a
1407 4096 1706 4183 capitulis
1733 4103 1803 4163 et
1838 4096 2240 4162 monasteriis
2292 4093 2598 4161 destinati
2660 4110 2830 4158 curas

619 4235 647 4269 «ι
686 4211 1069 4291 animarum,
1107 4212 1175 4279 in
1217 4213 1538 4298 parochiis
1584 4214 1709 4281 illis
1751 4213 1969 4290 unitiS,
2003 4212 2197 4278 etiam
2226 4210 2364 4277 sine
2400 4228 2593 4276 causa
2629 4227 2832 4277 remo·

619 4349 652 4388 a
692 4325 833 4392 veri
860 4336 1162 4414 possunt;
1204 4348 1326 4394 nec
1356 4330 1634 4397 remotio
1658 4331 1726 4395 in
1759 4325 2010 4413 synodo
2035 4325 2369 4412 prohiberi
2395 4330 2630 4409 potest.
2659 4348 2691 4387 υ

705 4439 895 4510 Unde
943 4441 1161 4528 quoad
1194 4444 1627 4511 remotionem
1674 4441 1993 4530 ejusmodi
2021 4442 2436 4520 vicariorum,
2471 4439 2557 4508 ad
2596 4447 2820 4507 nutum
