3146 4973
1269 351 1427 399 mas
1470 351 1734 398 raam.
2492 337 2620 400 329

390 497 421 535 «
456 476 523 540 in
552 474 651 540 his
674 492 817 559 quae
844 474 1249 541 necessitatis
1276 482 1429 541 sunt
1465 481 1536 541 et
1564 474 1903 559 utilitatis3
1943 475 2118 541 unde
2166 483 2238 541 et
2281 476 2625 543 instituere

388 615 418 648 α
460 597 529 656 et
574 589 960 657 confirmare
1018 595 1236 673 potest
1293 597 1720 676 praesentatos
1772 599 1842 657 et
1894 592 2161 668 electos,
2208 608 2295 657 ex
2337 591 2624 675 generali

387 697 794 789 ‹z'mandato3
822 704 973 789 quia
995 702 1135 769 haec
1171 712 1323 770 sunt
1348 704 1617 789 justitiae
1654 713 1724 772 et
1753 707 2198 772 necessitatis:
2231 724 2360 773 non
2403 713 2622 773 autem

385 842 418 880 «
451 824 755 902 conferre,·
788 820 938 905 quia
967 819 1437 887 beneficiorum
1479 823 1738 888 collatio
1779 828 1881 887 est
1924 819 2223 907 quasdam
2250 820 2515 890 donatio
2540 822 2619 887 li-

386 959 419 995 «
454 934 634 1000 bera.
672 957 705 996 n
732 935 1135 1021 (LeureniuS,
1170 940 1390 999 Forum
1418 937 1782 1017 beneficiate,
1813 943 2000 1019 parte
2034 939 2098 1014 2,
2132 955 2199 1022 q.
2230 934 2415 1018 683.)

468 1054 537 1114 2⁰
573 1073 606 1112 «
644 1052 844 1116 Posse
879 1051 1123 1116 vicario
1148 1051 1438 1136 generali
1472 1051 1746 1118 concedi
1777 1051 1943 1117 hanc
1980 1051 2360 1118 facultatem
2392 1052 2612 1119 confe-

384 1185 416 1221 «
455 1161 643 1227 rendi
662 1162 1003 1241 beneficia,
1034 1162 1234 1229 habet
1264 1165 1622 1229 communis
1645 1163 2010 1251 (doctorum
2040 1162 2418 1247 sententia).
2448 1163 2618 1245 Quin

384 1300 417 1335 α
457 1284 526 1343 et
555 1277 1012 1343 Castro-Palao
1044 1278 1134 1342 ait
1151 1327 1168 1356 ‚
1205 1279 1349 1344 fere
1378 1297 1641 1362 semper
1671 1280 1885 1345 soIere
1913 1278 2007 1345 illi
2037 1276 2306 1344 concedi
2331 1277 2497 1342 hanc
2527 1277 2625 1342 fa·

383 1416 416 1450 c«
451 1393 786 1458 cultatem.
816 1418 848 1455 »
882 1394 1290 1480 (Leurenius,
1327 1394 1603 1473 ibidem,
1638 1413 1703 1479 q.
1744 1398 1897 1473 683,
1942 1414 2010 1460 n.
2042 1391 2146 1479 2.)

470 1512 538 1575 3⁰
572 1510 686 1574 Est
723 1511 971 1593 pariter
1004 1513 1359 1577 communis
1400 1510 1747 1577 doctorum
1776 1512 2126 1589 sententia,
2170 1534 2203 1571 α
2238 1527 2429 1594 posse
2452 1510 2619 1576 vica-

386 1648 419 1683 «
456 1627 629 1691 rium
662 1626 1055 1710 generalem,
1091 1629 1342 1694 ratione
1384 1628 1735 1693 vicariatus
1779 1626 1900 1692 sibi
1945 1626 2256 1704 concessi,
2295 1626 2434 1691 sine
2462 1642 2617 1709 spe·

383 1762 416 1798 «
459 1738 606 1803 ciali
643 1738 973 1818 mandato,
1008 1740 1272 1805 interim
1318 1739 1475 1806 dum
1520 1738 1912 1806 beneficium
1951 1746 2140 1804 vacat
2176 1744 2245 1804 et
2289 1758 2420 1803 non
2464 1757 2617 1823 pro-

382 1879 413 1915 «
449 1853 712 1920 videtur
749 1853 833 1921 de
871 1860 1157 1934 rectore,
1220 1856 1328 1921 vel
1378 1864 1599 1922 rector
1639 1853 1995 1940 impeditus
2038 1862 2161 1932 est,
2210 1854 2609 1921 constituere

380 1994 415 2027 α
457 1972 791 2047 vicarium,
825 1971 938 2055 qui
970 1970 1356 2036 beneficium
1397 1980 1585 2056 regat
1617 1979 1686 2037 et
1724 1972 2084 2036 animarum
2130 1989 2303 2036 curas
2349 1968 2604 2054 prospi-

381 2112 408 2143 α
455 2087 620 2169 ciat;
669 2087 821 2171 quia
860 2084 996 2151 haec
1050 2084 1412 2170 designatio
1463 2095 1663 2153 rectae
1726 2088 2142 2171 episcopatus
2189 2084 2610 2152 administra-

380 2225 415 2261 «
454 2200 617 2266 tioni
654 2200 1018 2267 necessaria
1051 2209 1172 2278 est,
1217 2208 1285 2266 et
1317 2219 1447 2266 non
1495 2210 1597 2269 est
1638 2202 1918 2267 collatio.
1967 2224 2000 2264 υ
2047 2202 2449 2287 (Leurenius,
2495 2199 2614 2265 ibi·

387 2314 561 2393 dem,
597 2335 661 2402 q.
700 2318 853 2395 682,
892 2337 957 2381 n.
987 2313 1081 2399 3.)

460 2433 547 2498 Π.
580 2435 677 2496 An
704 2435 1064 2515 capitulum,
1108 2435 1244 2498 sede
1279 2439 1553 2512 vacante,
1597 2437 1871 2515 conferre
1896 2440 2096 2517 possit
2131 2433 2455 2516 parochias
2505 2452 2614 2498 σω-

383 2557 583 2611 terave
614 2549 921 2627 beneficia,
946 2569 1078 2630 quoe
1103 2556 1246 2613 sunt
1269 2551 1470 2613 liberm
1494 2552 1845 2614 collationis
1871 2553 2154 2632 Episcopi
2182 2552 2302 2611 7-
2328 2571 2358 2608 «
2379 2547 2608 2629 Quoad

378 2687 411 2723 «
451 2663 852 2731 conferenda
875 2664 1194 2731 beneficia
1227 2684 1370 2751 quae
1408 2674 1561 2731 sunt
1593 2665 1678 2733 de
1712 2666 2056 2733 collatione
2082 2664 2401 2751 Episcopi,
2445 2664 2613 2748 capi-

377 2804 410 2839 «
442 2779 679 2858 tulum,
741 2779 901 2847 sede
950 2789 1246 2859 vacante,
1290 2782 1539 2848 nullam
1585 2781 1784 2848 habet
1827 2787 2238 2866 potestatem,
2300 2781 2436 2847 sive
2479 2798 2608 2847 non

366 2919 400 2956 «
442 2894 737 2962 succedit
774 2898 1094 2981 Episcopo
1132 2897 1200 2962 in
1232 2897 1580 2964 collatione
1627 2896 1863 2964 horum
1898 2894 2393 2964 beneficiorum.
2429 2897 2612 2963 Licet

368 3033 401 3068 «r
436 3011 613 3076 enim
644 3011 1005 3094 capitulum
1034 3009 1345 3077 succedat
1371 3013 1437 3077 in
1472 3014 1548 3078 iis
1578 3031 1721 3098 quas
1754 3013 2071 3097 Episcopo
2100 3011 2250 3097 jure
2274 3011 2609 3079 ordinario

373 3149 403 3184 «
431 3132 834 3210 competunt,
873 3134 1162 3193 attamen
1208 3126 1473 3193 collatio
1503 3127 1976 3193 beneficiorum
2028 3145 2214 3193 casus
2263 3145 2434 3193 unus
2478 3136 2600 3204 est,

373 3265 406 3300 α
437 3241 618 3327 isque
657 3241 1047 3325 praecipuus,
1078 3243 1162 3308 ab
1180 3241 1304 3308 ista
1325 3241 1558 3326 regula
1588 3249 1926 3327 exceptus,
1961 3259 2085 3326 per
2112 3249 2311 3326 caput
2333 3244 2397 3319 2,
2435 3242 2609 3309 tituli

375 3380 407 3417 «
436 3360 526 3422 Ne
555 3360 690 3422 sede
718 3367 1001 3438 vacante;
1033 3367 1101 3424 et
1138 3366 1336 3441 caput
1363 3359 1625 3424 unicum
1652 3355 1946 3443 ejusdem
1978 3357 2174 3433 tituli,
2222 3358 2285 3422 in
2327 3363 2538 3423 sexto.
2571 3383 2599 3416 n

374 3473 778 3557 (LeureniuS,
809 3474 954 3540 loco
986 3476 1206 3551 citato,
1245 3493 1308 3559 q.
1349 3472 1530 3559 708.)

458 3587 787 3654 Parochiae
825 3596 1069 3667 autem,
1120 3597 1441 3655 caeterave
1477 3588 1798 3656 beneficia
1852 3587 1937 3655 ad
1984 3587 2257 3655 liberam
2305 3589 2605 3675 Episcopi

370 3704 789 3770 collationem
846 3705 1244 3788 pertinentia
1263 3753 1280 3782 ,
1323 3704 1584 3789 quando
1615 3715 1884 3771 vacante
1925 3703 2085 3770 sede
2116 3704 2464 3789 episcopali
2494 3724 2604 3772 va-

369 3826 547 3896 cant,
582 3817 667 3885 de
695 3818 845 3904 jure
880 3818 1205 3886 communi
1239 3826 1663 3885 reservantur
1691 3820 1844 3886 Sedi
1871 3819 2279 3902 Apostolicoe‚
2318 3838 2451 3885 non
2486 3838 2600 3885 au-

368 3940 504 3997 tem
535 3936 890 4000 successori
916 3935 1265 4019 Episcop03
1300 3935 1391 4000 ita
1422 3935 1669 4000 scilicet
1696 3933 2080 4017 disponente
2114 3935 2342 4018 regula
2376 3936 2418 3999 2
2454 3953 2607 4000 can-

369 4049 673 4116 cellariae.
712 4050 904 4137 (vide
928 4051 1346 4128 Leurenium‚
1379 4055 1600 4115 Forum
1625 4053 1987 4131 beneficiate,
2012 4058 2200 4135 parte
2227 4053 2290 4130 2,
2321 4070 2387 4136 q.
2420 4050 2599 4134 709.)

458 4165 701 4232 Atvero
733 4164 925 4232 hodie
971 4166 1038 4232 in
1093 4166 1319 4244 Gallia,
1354 4165 1677 4252 ejusmodi
1722 4166 2176 4251 parochiarum
2220 4166 2481 4233 collatio
2508 4166 2605 4232 vi-

369 4278 569 4346 detur
614 4279 699 4345 ad
751 4300 1186 4348 successorem
1247 4283 1635 4367 Episcopum
1681 4285 2055 4366 pertinere3
2116 4282 2202 4350 ob
2240 4289 2601 4349 memorata

368 4413 606 4480 nempe
647 4396 1022 4462 concordati
1059 4398 1204 4462 anni
1254 4400 1408 4464 1801
1452 4399 1676 4473 verba,
1717 4402 2002 4481 Episcopi
2037 4400 2120 4462 ad
2161 4402 2457 4480 paroecias
2501 4417 2600 4460 no-
