3146 4973
542 326 668 387 256
1216 336 1600 384 ‘ramum-ns
1639 336 1727 383 ns
1771 334 2098 383 rAaocno.

538 457 813 543 proinde
860 457 982 523 sub
1029 455 1205 523 dicta
1234 457 1460 540 regula
1509 454 2001 540 comprehendi.
2054 453 2245 538 Quod
2286 463 2504 521 autem
2539 454 2784 520 bonum

537 573 874 656 spirituale
914 573 1274 638 animarum
1306 571 1688 653 expostulet
1727 570 2050 655 ejusmodi
2085 571 2555 655 ingentissimas
2595 587 2785 654 paro—

536 687 709 753 chias
751 690 818 753 in
853 688 1076 771 plures
1125 685 1331 752 dividi
1367 686 1502 773 (uhi
1546 684 1616 751 id
1648 703 1770 769 per
1803 686 2322 751 circumstantias
2363 683 2567 769 licet),
2601 703 2685 750 ne
2718 686 2782 748 in

536 803 958 888 quaestionem
1000 802 1270 888 quidem
1318 801 1782 869 adducendum
1822 802 2109 868 videtur.
2162 801 2241 868 Id
2286 808 2468 867 certe
2506 799 2784 866 dubium

534 938 941 1004 nequaquam
976 918 1205 984 habuit
1258 920 1413 984 Pius
1468 920 1589 997 vl,
1627 920 1739 1005 qui
1782 918 1871 1003 (in
1917 938 2033 984 suo
2086 920 2271 984 brevi
2304 922 2462 1000 quod
2504 921 2786 999 aliquan-

538 1043 700 1114 tum,
750 1014 883 1099 diei
922 1036 1003 1098 10
1032 1034 1250 1099 martii
1288 1031 1484 1119 1791)
1517 1043 1798 1099 statutas
1838 1053 1961 1118 per
1997 1037 2236 1097 civilem
2279 1037 2429 1097 cler-i
2474 1033 2786 1099 Gallicani

535 1155 1011 1213 constitutionem
1035 1168 1153 1215 sex
1176 1149 1449 1214 millium
1489 1151 1848 1215 animarum
1882 1148 2239 1234 parochias,
2267 1157 2576 1234 tanquam
2614 1152 2786 1231 lonqe

539 1266 818 1345 lonqeque
852 1270 1035 1328 unius
1078 1267 1329 1346 parochi
1372 1270 1533 1327 vires
1578 1268 1925 1328 excedentes
1969 1264 2453 1330 lamentabatur
2498 1265 2566 1328 in
2608 1262 2785 1328 bunc

538 1378 805 1444 modum
838 1402 852 1444 ε
892 1404 923 1439 α
954 1381 1029 1445 In
1066 1380 1410 1446 maximam
1440 1381 1568 1445 Nos
1610 1382 1806 1445 etiam
1833 1378 2106 1446 adduxit
2144 1379 2641 1446 admirationem
2686 1381 2783 1445 in-

544 1518 577 1556 «
610 1494 1031 1561 numerabilis
1064 1514 1288 1560 earum
1321 1496 1565 1582 (nempe
1610 1498 2042 1578 parochiarum
2092 1496 2344 1582 Gallice)
2379 1498 2776 1581 suppressio,

542 1632 576 1671 «
609 1630 759 1677 cum
785 1611 918 1697 jam
949 1612 1288 1682 nationalis
1320 1610 1701 1679 decreverit
1736 1621 2127 1693 conventus,
2161 1622 2236 1679 ut
2267 1615 2335 1679 in
2367 1613 2640 1679 urbibus
2667 1621 2782 1679 aut

542 1749 576 1788 a
611 1727 897 1811 oppidis,
955 1730 1022 1793 in
1071 1727 1309 1813 quibus
1361 1748 1476 1795 sex
1528 1730 1815 1813 capitum
1874 1729 2071 1795 millia
2120 1728 2580 1796 tantummodo
2631 1750 2784 1796 cen-

541 1866 574 1905 «
609 1852 897 1923 scantur,
956 1844 1205 1909 nonnisi
1254 1864 1381 1910 una
1422 1845 1940 1911 constitueretur
1987 1846 2295 1929 paroecia.
2367 1848 2449 1912 Et
2492 1865 2622 1931 quo
2662 1866 2781 1911 un-

542 1982 575 2020 «
609 1978 803 2044 quam
849 1957 1044 2024 modo
1084 1978 1255 2024 unus
1299 1960 1627 2043 parochus
1662 1960 1958 2026 sufficere
1992 1970 2175 2028 tanto
2206 1960 2499 2028 curando
2536 1964 2780 2047 populo

541 2097 573 2135 «
610 2074 903 2157 poterit?
941 2074 1149 2156 Quam
1199 2073 1285 2140 ad
1335 2094 1477 2141 rem
1529 2084 1972 2159 opportunum
2008 2076 2112 2141 hic
2165 2076 2427 2142 videtur
2478 2077 2732 2142 referre
2756 2125 2772 2155 ,

539 2212 573 2250 «
611 2189 1022 2256 Gardinalem
1052 2188 1457 2268 conradum,
1496 2213 1534 2256 a
1563 2192 1881 2275 Gregorio
1911 2193 1999 2257 IX
2028 2192 2114 2258 ad
2143 2189 2624 2277 praesidendum
2660 2192 2780 2258 Co·

541 2330 575 2369 c<
606 2306 879 2372 loniensi
904 2305 1156 2391 synodo
1186 2305 1562 2391 delegatum
1585 2357 1601 2385 ,
1642 2308 1817 2374 hisce
1850 2307 2068 2374 verbis
2093 2309 2525 2392 interrogasse
2553 2326 2780 2393 quem-

539 2446 571 2483 «
611 2419 783 2501 dam,
810 2422 922 2508 qni
944 2420 1193 2503 aderat,
1222 2421 1601 2508 parochum,
1630 2425 1871 2509 quique
1897 2423 2321 2490 vehementer
2341 2422 2781 2490 contendebat

541 2561 574 2600 «
609 2559 690 2604 ne
721 2538 876 2603 illuc
900 2538 1137 2604 fratres
1161 2537 1407 2604 ordinis
1438 2537 1945 2624 praedicatorum
1972 2539 2446 2607 inducerentur
2475 2563 2489 2606 ε
2519 2547 2667 2621 Quis
2689 2550 2777 2603 est

538 2678 571 2714 α
606 2674 887 2717 numerus
917 2656 1221 2718 hominum
1268 2661 1335 2717 in
1367 2657 1658 2736 parochia
1697 2658 1810 2719 tibi
1856 2659 2232 2720 subditorum
2253 2661 2284 2720 ‚⁹
2331 2657 2620 2741 Cumque
2664 2657 2777 2720 ille

538 2794 571 2833 «
607 2791 729 2834 esse
763 2791 971 2835 novem
1021 2774 1221 2834 millia
1272 2771 1751 2854 respondisset,
1790 2779 1931 2837 tum
1965 2771 2324 2839 cardinalis
2350 2771 2777 2838 admiratione

538 2910 571 2949 «
604 2887 831 2971 iraque
861 2895 1225 2951 commotus
1259 2908 1272 2951 :
1311 2891 1462 2967 Quis
1488 2908 1570 2964 es,
1611 2894 1849 2969 inquit,
1890 2895 1956 2951 tu
1988 2894 2343 2968 miserrime,
2384 2895 2489 2969 qui
2518 2895 2604 2952 tot
2635 2891 2776 2950 mil-

540 3026 571 3065 α
606 3005 761 3065 libus
797 3002 1031 3083 sufficis
1066 3005 1328 3066 debitam
1371 3005 1823 3084 qubernationis
1863 3023 2070 3066 curam
2110 3006 2451 3083 impendere
2473 3008 2502 3066 ,⁹
2533 3007 2764 3085 NesciS,

538 3140 570 3179 a
606 3119 911 3181 hominum
932 3119 1363 3199 perditissime,
1401 3123 1544 3200 quia
1568 3124 1638 3181 in
1667 3120 1777 3182 illo
1805 3120 1978 3181 debes
2010 3121 2313 3182 tremendo
2337 3121 2597 3202 judicie,
2633 3127 2777 3182 ante

537 3256 570 3294 «
609 3237 878 3298 tribunal
902 3236 1157 3313 Christi,
1189 3237 1263 3297 de
1290 3236 1387 3298 his
1414 3238 1686 3299 omnibus
1712 3238 2110 3318 respondere?
2135 3239 2217 3299 Et
2247 3242 2314 3298 cu
2341 3240 2397 3296 si
2421 3237 2573 3297 tales
2597 3235 2777 3297 habes

537 3375 571 3415 c<
604 3358 865 3416 vicarios
892 3351 1155 3437 (fratres
1179 3349 1662 3436 praedicatores)
1689 3355 2052 3433 querulam,
2079 3343 2193 3432 'qu-i
2214 3372 2362 3417 onus
2389 3360 2555 3415 tuum
2577 3357 2776 3434 qratis

537 3492 569 3528 a
605 3471 898 3548 relevent,
933 3470 1041 3530 sub
1062 3473 1231 3549 cujus
1251 3470 1519 3548 pondere
1545 3475 1778 3531 nescius
1800 3476 2217 3550 conquassaris
2235 3476 2259 3533 J
2295 3474 2454 3549 Quia
2482 3475 2675 3551 iyitur
2696 3488 2775 3530 ex

535 3606 569 3645 α
604 3586 717 3647 hac
746 3586 985 3665 querela
1020 3585 1339 3662 indiqnum
1375 3591 1431 3645 te
1461 3603 1608 3646 eura
1636 3587 1969 3647 omnimode
1988 3588 2313 3667 judicasti,
2344 3588 2478 3648 ideo
2505 3591 2687 3666 privo
2718 3592 2775 3646 te

535 3722 571 3759 «
603 3704 766 3760 omni
796 3697 1074 3775 beneficio
1100 3701 1432 3779 pastorali.
1465 3699 1549 3763 Et
1576 3699 1872 3784 quamvis
1900 3699 2031 3764 illic
2062 3698 2146 3766 de
2178 3718 2411 3766 novem
2444 3698 2770 3764 hominum

535 3837 567 3876 «
605 3812 886 3879 millibus
933 3812 1270 3897 agebatur,
1306 3813 1409 3879 hic
1440 3833 1623 3893 vero,
1662 3816 1968 3881 nimirum
1997 3836 2034 3881 a
2062 3821 2423 3882 conventus
2471 3814 2766 3890 decreto,

534 3954 567 3992 «
605 3949 719 3996 sex
774 3937 1031 3995 tantum
1079 3930 1274 3996 millia
1324 3931 1517 3996 unius
1571 3931 1836 4014 parochi
1888 3950 2061 3997 curae
2113 3932 2510 4010 tribuantur,
2573 3930 2777 3995 nihilo

534 4068 567 4108 c<
604 4054 820 4111 tamen
848 4045 1062 4114 minus
1085 4047 1227 4129 quis
1257 4065 1385 4110 non
1416 4046 1727 4123 fateatur,
1758 4046 1959 4112 talem
1982 4047 2176 4112 etiam
2206 4066 2553 4113 numerum
2577 4047 2772 4128 longe

534 4186 567 4225 α
604 4163 925 4246 longeque
977 4163 1170 4227 unius
1214 4159 1476 4244 parochi
1527 4162 1702 4226 vires
1748 4162 2107 4245 excedere3
2146 4182 2221 4228 ac
2267 4163 2576 4247 consequi
2622 4181 2774 4245 pro-

533 4303 566 4340 «
605 4287 833 4364 pterea
870 4278 1139 4353 debere‚
1172 4287 1248 4344 ut
1272 4279 1467 4344 multi
1495 4299 1573 4344 ex
1604 4278 2014 4362 parochianis
2035 4280 2400 4344 necessario
2429 4280 2775 4362 priventur

534 4420 566 4460 «
604 4396 1048 4484 spiritualibus
1091 4395 1421 4474 subsidiiS‚
1479 4413 1601 4479 pro
1648 4397 1884 4483 quibus
1929 4394 2014 4462 ad
2060 4396 2422 4482 regulareS,
2478 4395 2587 4482 qui
2638 4393 2771 4480 jam
