3146 4973
1279 323 1438 372 rAns
1481 324 1804 371 sacuam.
2539 312 2667 376 269

432 466 461 503 n
500 444 695 509 clesia
726 442 1280 524 dismembranda,
1320 444 1523 513 debet
1560 447 1626 511 in
1658 444 1888 512 ordine
1919 445 2003 512 ad
2034 445 2209 514 hunc
2239 448 2543 516 effectum
2573 451 2668 516 illi

433 582 465 619 α
501 557 807 644 deputari
832 560 916 627 ab
945 561 1269 645 Episcopo
1295 559 1626 639 defensor,
1656 562 1768 646 qui
1792 563 2123 647 corrumpi
2148 573 2452 648 nequeat,
2480 566 2670 651 cujus

430 698 462 736 α
496 676 580 740 sit
611 673 974 761 disquirere
1005 675 1090 742 de
1121 677 1535 761 legitimitate
1566 683 1635 742 et
1662 680 1941 744 veritate
1972 697 2206 745 causae.
2251 680 2655 765 (Lotterus...

431 814 462 852 «
498 793 704 857 citans
732 789 1118 876 glossam...)
1156 815 1189 852 n

514 913 823 989 Quaeritur
851 912 921 974 3ο
958 932 972 974 :
1010 908 1285 990 Quando
1326 909 1632 992 parochia
1670 910 2192 979 dismembranda
2225 922 2326 979 est
2360 913 2523 998 juris
2554 933 2670 998 pa·

424 1032 741 1105 tronatus,
786 1045 944 1092 num
975 1027 1352 1110 requiratur
1384 1046 1755 1105 consensuS‚
1785 1028 1892 1094 vel
1935 1029 2163 1094 saltem
2197 1030 2421 1095 citatio
2447 1037 2669 1113 patro-

424 1143 703 1207 norum?
738 1177 831 1189 —-
862 1140 1252 1225 Respondeo
1304 1144 1367 1206 1⁰
1398 1164 1412 1207 z
1452 1165 1483 1202 α
1519 1141 1886 1208 consensus
1935 1151 2360 1227 patronorum
2402 1143 2665 1211 minime

428 1282 459 1318 a
496 1258 852 1342 requiritur
878 1259 985 1323 vel
1011 1265 1302 1323 curatur.
1340 1259 1669 1323 Lotterus.
1686 1306 1761 1337 ..,
1794 1257 2001 1323 citans
2029 1258 2161 1324 late
2189 1259 2282 1324 sic
2311 1258 2602 1325 decisum
2629 1282 2666 1326 a

427 1399 459 1435 α
495 1375 682 1439 Rota.
727 1397 759 1437 υ
805 1374 1230 1460 (Leurenius‚
1269 1376 1417 1441 loco
1459 1374 1710 1458 citato.)
1749 1412 1840 1422 —-
1881 1373 2269 1459 Respondeo
2300 1379 2369 1440 2⁰
2405 1375 2669 1443 videtur

422 1499 637 1555 tamen
682 1487 975 1555 citandos
1015 1508 1156 1555 esse
1194 1497 1544 1575 patronos3
1590 1510 1739 1557 cum
1762 1540 1778 1567 ‚
1824 1510 1906 1556 ex
1943 1491 2202 1557 traditis
2241 1511 2437 1577 supra
2474 1510 2512 1557 a
2549 1494 2667 1557 Fa-

423 1624 661 1688 gnano,
705 1605 948 1671 citandi
987 1608 1115 1671 sint
1159 1626 1357 1671 omnes
1401 1627 1652 1689 qaorum
1690 1614 1974 1685 interest,
2027 1615 2095 1672 et
2137 1609 2395 1693 patroni
2424 1607 2508 1674 de
2540 1608 2664 1672 hoc

420 1741 694 1787 numero
724 1721 1030 1787 censendi
1065 1723 1213 1787 sint.

510 1839 927 1917 REQmsl'rUM
972 1838 1084 1902 lv,
1116 1874 1208 1884 —-
1237 1842 1393 1901 Dum
1425 1844 1685 1919 erigitur
1714 1858 1870 1901 nova
1905 1839 2233 1920 parochia,
2269 1840 2438 1902 debet
2468 1842 2664 1904 deter-

422 1959 646 2015 minari
673 1960 799 2036 ejus
830 1960 1119 2031 extensiO,
1155 1960 1281 2049 siva
1300 1974 1415 2037 per
1443 1960 1596 2017 certi
1632 1956 1889 2035 alimejus
1928 1958 2258 2033 territorii,
2293 1961 2421 2017 sive
2450 1957 2664 2017 saltem

416 2089 524 2151 per
554 2077 854 2133 certarum
889 2074 1267 2151 familiarum
1296 2076 1789 2152 assiqnaticmem,
1827 2107 1917 2118 ——
1953 2069 2208 2134 Etenim
2241 2067 2549 2154 distingui
2578 2070 2662 2135 ab

419 2186 690 2250 invicem
728 2186 1083 2269 parochiam,
1120 2195 1188 2252 et
1218 2194 1474 2251 certum
1518 2186 1865 2270 unicuique
1899 2182 2111 2249 addici
2153 2185 2466 2268 populum
2496 2204 2663 2269 prae-

419 2304 675 2387 scripsit
727 2303 1100 2368 Tridentina
1152 2302 1462 2386 synodus.
1517 2303 1600 2366 Et
1665 2302 2063 2384 regulariter
2113 2299 2379 2386 quidem
2438 2299 2662 2365 distin-

420 2426 710 2501 guuntur
732 2420 1073 2505 parochiae,
1103 2427 1172 2486 et
1195 2418 1675 2485 determinatur
1704 2418 2209 2504 uniuscujusque
2236 2418 2517 2502 populus
2538 2435 2661 2502 per

419 2538 872 2603 territorialem
907 2538 1589 2621 circumscriptionem.
1629 2536 1872 2602 Atvero
1900 2535 2030 2620 juri
2059 2537 2367 2601 canonico
2397 2554 2528 2599 non
2561 2554 2659 2600 re-

418 2661 663 2736 pugnat
684 2661 760 2720 ut
783 2655 1214 2718 constituatur
1240 2654 1451 2737 aliqua
1478 2652 1785 2736 parochia
1813 2671 1936 2735 per
1960 2659 2291 2716 certarum
2319 2649 2661 2717 dumtaxat

419 2767 806 2834 familiarum
854 2770 1383 2853 assignationem3
1420 2771 1570 2853 quia
1609 2769 1733 2834 hoc
1780 2766 1975 2834 modo
2007 2769 2159 2833 satis
2188 2776 2408 2833 certus
2458 2774 2526 2833 et
2558 2767 2658 2833 di·

418 2884 694 2949 stinctus
715 2892 815 2949 est
837 2885 1035 2970 ipsius
1057 2884 1356 2969 populus.
1388 2885 1470 2949 Et
1492 2883 1576 2950 de
1602 2884 1778 2950 facto
1802 2884 2024 2968 plures
2047 2891 2193 2966 post
2215 2882 2655 2949 'tridentinam

420 3003 614 3065 etiam
637 2999 962 3084 synodum
989 3001 1309 3064 exstitisse
1334 2999 1652 3084 ejusmodi
1675 2999 2033 3083 parochiaS,
2058 3006 2124 3063 et
2148 3004 2452 3083 tanquam
2475 3018 2658 3063 cano·

418 3118 623 3181 nicam
671 3136 708 3181 a
752 3116 947 3182 Sacra
991 3117 1500 3200 Congregatione
1552 3115 1820 3180 Concilii
1869 3114 2095 3180 haberi
2149 3133 2291 3180 eam
2335 3115 2607 3181 formam
2634 3164 2649 3190 ‚

416 3240 597 3314 patet
621 3253 706 3298 cx
730 3235 920 3298 variis
944 3233 1152 3297 causis
1173 3233 1239 3296 in
1268 3234 1566 3296 Thesauro
1588 3235 2019 3294 resolutionum
2044 3231 2267 3296 relatis
2285 3279 2300 3308 ,
2332 3238 2400 3295 et
2422 3232 2654 3313 passim

414 3346 726 3413 adnotant
776 3349 1141 3413 canonistae.
1199 3371 1232 3410 α
1272 3347 1679 3433 Respondeo,
1735 3349 1825 3411 ait
1854 3348 2245 3423 Leurenius‚
2287 3346 2654 3428 parochiam

420 3485 451 3522 «
488 3463 843 3547 quamlibet
862 3512 876 3541 ‚
932 3467 1296 3545 requlariter
1360 3466 1648 3544 loquendo
1698 3460 1899 3547 (quod
1949 3459 2124 3526 addo
2177 3459 2264 3525 oh
2324 3460 2658 3544 parochias

419 3602 451 3639 α
489 3577 823 3644 distinctas
868 3585 1122 3645 tantum
1160 3581 1356 3644 certis
1404 3579 1690 3655 familiiS‚
1745 3578 1901 3643 alias
1951 3577 2314 3661 promiscue
2361 3576 2655 3643 habitan-

419 3716 448 3752 «
484 3691 706 3777 tibus),
742 3692 990 3759 debere
1026 3693 1271 3759 habere
1302 3694 1709 3759 territorium
1751 3711 1938 3756 suum
1982 3699 2357 3775 separatum
2390 3698 2457 3756 et
2490 3691 2654 3758 divi-

420 3833 448 3867 «
485 3829 650 3886 sum,
686 3812 751 3873 in
773 3829 902 3895 quo
928 3829 1058 3875 non
1083 3816 1182 3874 est
1207 3809 1457 3873 licitum
1488 3808 1679 3872 alteri
1706 3805 2025 3890 parochiae
2055 3806 2304 3891 aliquid
2333 3807 2576 3874 facere.
2614 3831 2647 3868 ι)

419 3925 656 4009 (Forum
685 3926 1056 4004 beneficiate,
1092 3929 1278 4008 parte
1317 3927 1373 4001 1,
1407 3941 1471 4007 q.
1514 3921 1692 4007 160.)

501 4040 920 4120 Rmmsrrnu
967 4041 1044 4105 V.
1076 4077 1168 4089 --
1206 4044 1558 4120 Requiritur
1592 4038 1850 4120 capituli
1876 4056 2211 4115 consensus,
2255 4044 2380 4099 tum
2412 4041 2651 4118 quando

413 4161 738 4240 Episcopus
764 4161 1032 4239 procedit
1041 4160 1471 4241 jurisdictione
1491 4158 1809 4218 ordinaria
1820 4177 1850 4232 ,·
1875 4161 2001 4215 tum
2031 4159 2214 4216 etiam
2243 4157 2481 4234 quando
2504 4174 2649 4236 pro-

409 4278 566 4337 cedit
602 4282 884 4355 tanquam
921 4276 1097 4337 Sedis
1130 4276 1482 4354 Apostolicoe
1518 4274 1852 4352 deleamus,
1889 4273 2062 4332 modo
2088 4271 2538 4332 dismoembratio
2565 4276 2645 4332 sit

410 4392 579 4452 cleiis
601 4409 749 4471 quas
765 4397 961 4472 posset
986 4410 1064 4450 ea:
1070 4392 1501 4471 jurisdictione
1522 4391 1838 4451 ordinaria
1867 4389 2084 4466 facere.
2114 4421 2204 4432 —-
2228 4384 2358 4448 Pro
2384 4384 2647 4448 conclu-
