3146 4973
574 393 700 453 130
1241 408 1621 457 ΤΒΑοΤΑΤυε
1667 409 1761 457 m:
1800 409 2126 458 amoeno.

569 551 602 589 «
636 536 737 594 est
784 534 857 594 ut
895 531 961 595 in
996 532 1366 614 primoevam
1396 552 1579 599 suam
1623 531 2062 601 conditionem
2108 538 2600 612 revocarentur,
2635 531 2793 600 dnm

570 665 604 705 α
637 646 848 727 prima
897 645 1216 714 florerent
1257 649 1558 715 Ecclesiae
1610 649 1870 717 saecula.
1914 647 2088 714 Illud
2138 649 2313 715 enim
2364 649 2796 717 invictissimis

564 773 600 817 α
633 751 946 836 praesidiis
1006 754 1534 823 confirmavimus
1609 774 1839 839 supra,
1902 753 2525 823 administrationem
2594 755 2797 839 preni-

560 889 595 929 α
631 868 854 935 tentiae
876 868 1150 951 puhlicae
1173 876 1243 935 et
1268 869 1787 954 jurisdictionem
1810 869 2205 939 exteriorem
2225 888 2428 953 penes
2446 869 2798 953 Episcopus

560 1004 594 1045 α
629 983 851 1050 fuisse.
874 1007 908 1046 υ
950 985 1120 1051 Pace
1175 986 1342 1052 tanti
1403 986 1528 1051 viri
1588 985 1895 1063 dixerim,
1947 984 2265 1069 praedicta
2318 986 2796 1051 canonistarum

555 1099 891 1182 responsio
921 1120 1048 1166 nec
1075 1101 1144 1165 vi
1171 1120 1294 1166 nec
1327 1101 1704 1168 sinceritate
1725 1108 1937 1184 caret3
1973 1107 2170 1185 atque
2198 1119 2343 1166 eam
2371 1107 2553 1166 certe
2583 1100 2794 1165 minus

546 1212 722 1298 justo
774 1214 1224 1299 perpenderat
1261 1215 1713 1283 Thomassinus
1757 1214 2019 1301 quando
2063 1222 2198 1281 tam
2232 1221 2535 1300 prompte
2566 1215 2793 1281 existi-

553 1331 764 1417 mavit
806 1351 952 1398 eam
995 1332 1173 1398 nullo
1216 1333 1480 1416 negotio
1534 1332 1767 1415 repelli
1797 1350 2012 1416 posse.
2051 1328 2215 1397 Tota
2252 1349 2491 1415 nempe
2519 1330 2789 1415 quaestio

555 1447 622 1510 in
654 1445 777 1512 hoc
815 1452 1136 1526 versatur,
1177 1456 1403 1513 utrum
1432 1448 1750 1532 plebanus
1789 1447 1997 1513 sancti
2041 1446 2372 1513 Pancratii
2397 1452 2786 1530 potestatem

549 1562 1152 1629 excommunicandi
1200 1563 1507 1630 habuerit
1544 1571 1828 1645 tanquam
1865 1565 2186 1646 parochus,
2227 1582 2311 1628 an
2359 1582 2523 1629 vero
2565 1580 2645 1627 ex
2690 1559 2789 1627 di-

546 1695 740 1743 verso
770 1678 897 1743 alio
920 1679 1112 1745 titulo
1142 1700 1158 1744 :
1185 1680 1308 1743 nisi
1337 1678 1728 1762 parochistae
1753 1678 2036 1762 probent
2061 1697 2211 1743 eum
2237 1678 2444 1762 egisse
2464 1682 2787 1762 quatenus

546 1801 846 1859 curatum
892 1801 1172 1872 tantum,
1237 1794 1395 1860 nihil
1446 1794 1754 1879 probant.
1814 1795 1905 1859 Ut
1954 1813 2114 1879 ergo
2164 1800 2509 1860 evertatur
2557 1810 2787 1859 eorum

545 1910 1022 1992 argumentatio
1058 1929 1140 1974 ex
1170 1909 1488 1976 decretali
1513 1909 1882 1994 desumpta,
1925 1909 2162 1975 sufficit
2183 1908 2451 1994 probari
2472 1910 2784 1990 possibili-

546 2030 731 2087 tatem
786 2020 1032 2089 diversi
1075 2025 1279 2102 tituli,
1331 2044 1414 2090 ex
1466 2043 1599 2109 quo
1645 2024 1883 2090 dictam
1934 2031 2327 2109 potestatem
2383 2024 2776 2090 exercuerit.

546 2140 756 2205 Porro
775 2141 894 2206 ista
913 2140 1304 2224 possibilitas
1326 2160 1456 2206 non
1480 2144 1822 2219 divinatur,
1850 2139 1970 2206 sed
1985 2140 2191 2206 solide
2217 2139 2606 2219 adstruitur,
2625 2137 2785 2205 dum

542 2253 986 2338 respondetur
1011 2255 1313 2339 possibile
1343 2257 1605 2322 omnino
1632 2255 1830 2321 fuisse
1870 2261 1945 2321 ut
1972 2255 2086 2321 ille
2119 2254 2445 2338 plebanus
2477 2274 2557 2317 ex
2587 2261 2785 2337 privi-

544 2373 698 2452 leqio
724 2369 890 2435 hanc
921 2377 1316 2454 potestatem
1343 2370 1727 2448 obtinuerit,
1758 2371 1929 2436 sicut
1952 2371 2264 2455 possibile
2290 2376 2391 2435 est
2418 2388 2571 2435 eum
2592 2369 2787 2435 simul

542 2483 739 2551 fuisse
789 2485 1096 2552 vicarium
1145 2485 1510 2564 foraneum,
1547 2495 1662 2552 aut
1697 2488 1962 2572 capituli
2013 2486 2382 2571 collegianis
2411 2484 2774 2570 praelatum.

543 2601 674 2666 Ista
703 2620 936 2685 nempe
974 2602 1367 2685 possibilitas
1392 2601 1665 2669 evidens
1692 2611 1813 2682 est,
1849 2622 1971 2669 nec
2006 2603 2349 2687 quisquam
2376 2619 2517 2666 eam
2540 2618 2781 2684 negare

543 2717 854 2801 tentavit3
894 2726 964 2783 et
1013 2716 1246 2783 eadem
1288 2718 1674 2801 possibilitas
1711 2720 1972 2787 omnino
2009 2717 2245 2784 sufficit
2287 2725 2363 2784 ut
2397 2716 2781 2802 parochiatae

544 2851 737 2899 cansa
773 2831 1031 2911 cadant,
1078 2835 1200 2901 nisi
1233 2834 1518 2920 probent
1547 2835 1795 2902 dietum
1830 2836 2183 2920 plebanum
2227 2833 2315 2901 de
2363 2834 2541 2901 facto
2580 2834 2783 2900 fuisse

544 2948 904 3031 simplicem
944 2949 1330 3033 parochum,
1370 2958 1441 3017 et
1472 2971 1556 3017 ex
1601 2951 1741 3018 solo
1764 2949 1914 3036 jure
1961 2950 2309 3035 parochiali
2339 2949 2779 3016 excommuni-

546 3082 723 3130 casse
749 3084 765 3148 ;
790 3062 967 3148 quod
1000 3072 1186 3132 certe
1214 3086 1336 3133 nec
1362 3067 1668 3150 probant,
1699 3087 1820 3134 nec
1848 3067 2130 3151 probare
2157 3074 2457 3151 possunt.
2487 3065 2602 3132 Ast
2622 3064 2779 3132 alibi

545 3178 966 3246 ostendemus
993 3181 1318 3264 quomodo
1364 3182 1429 3247 in
1469 3188 1609 3250 tota
1640 3184 2001 3268 generatim
2036 3184 2309 3248 materia
2338 3181 2652 3265 parochos
2679 3200 2778 3248 re-

543 3295 880 3380 spiciente,
914 3294 1361 3364 'thomassinus
1386 3299 1659 3364 Gersoni
1696 3307 1767 3365 et
1797 3298 2099 3365 Sorbonae
2133 3302 2203 3362 et
2234 3296 2535 3382 parochis
2561 3296 2777 3381 palpa-

545 3414 737 3491 verit,
753 3419 823 3477 et
846 3411 1055 3477 multo
1077 3412 1339 3479 nimium
1365 3412 1448 3480 ad
1463 3414 2064 3498 presbyterianismi
2085 3420 2305 3497 partes
2324 3411 2770 3478 inclinaverit.

545 3529 663 3595 Hic
715 3532 972 3593 tantum
1026 3525 1320 3595 dicemus
1374 3548 1629 3596 errasse
1686 3548 1841 3596 eum
1909 3530 2193 3609 omnino,
2259 3527 2421 3595 dum
2486 3526 2775 3593 adducta

543 3639 895 3709 Alexandri
938 3643 1032 3707 111
1078 3641 1394 3709 decretali
1452 3645 1543 3710 ita
1602 3644 1938 3730 subjunxit
1980 3667 1994 3710 :
2036 3667 2070 3706 α
2111 3646 2300 3728 AEgre
2353 3642 2646 3719 ferebat,
2699 3648 2775 3705 ut

549 3777 583 3817 a
622 3753 937 3836 suspicor,
981 3754 1086 3819 hic
1129 3755 1487 3840 Episcopus
1511 3775 1819 3823 censuras
1855 3777 1891 3823 a
1922 3756 2222 3841 parochis
2260 3756 2615 3821 intentatas
2642 3770 2774 3818 ser-

548 3891 582 3933 «
616 3868 775 3934 vari.
799 3866 900 3933 Ad
919 3866 1220 3936 Pontifex
1249 3890 1378 3936 non
1403 3890 1647 3938 novum
1665 3871 1775 3957 jus
1799 3871 2043 3950 condit,
2060 3870 2179 3938 sed
2201 3868 2381 3957 quod
2396 3871 2465 3935 in
2484 3888 2606 3936 nsu
2631 3875 2777 3934 erat

544 4009 579 4050 α
621 3983 983 4059 confirmat,
1017 3984 1476 4071 labantemque
1504 3987 1725 4052 firmat
1746 3987 2175 4070 parochorum
2205 3986 2692 4053 authoritatem.
2734 4007 2769 4046 n

537 4103 655 4167 Jus
704 4100 1073 4185 parochiale
1120 4100 1740 4179 excommunicandi,
1786 4122 1908 4169 nec
1959 4103 2027 4167 in
2078 4122 2201 4168 usu
2246 4109 2411 4180 erat,
2444 4119 2569 4167 nec
2608 4097 2774 4168 illud

538 4215 824 4282 firmuit
855 4212 1227 4280 Alexander
1258 4215 1354 4279 111
1359 4262 1378 4291 ,
1412 4222 1486 4279 ut
1517 4214 1666 4279 vult
1691 4214 2167 4281 Thomassinus.

624 4332 743 4397 ΠΙ·
792 4346 1187 4396 annaeum.
1238 4365 1332 4378 -
1384 4330 1750 4398 Decretalis
1804 4332 2075 4397 Honorii
2124 4330 2221 4398 111
2272 4334 2390 4395 His
2443 4349 2574 4411 qum
2622 4328 2772 4414 (ca-

533 4452 656 4530 pat
713 4445 818 4524 11,
868 4443 1044 4509 tituli
1079 4444 1187 4522 23,
1236 4442 1390 4508 libri
1445 4447 1466 4507 1
1519 4442 2007 4528 decretalium).
2056 4446 2211 4514 Eam
2259 4445 2418 4512 citat
2469 4443 2773 4512 Thomas-
