3146 4973
1190 353 1348 402 rans
1392 351 1660 413 omma.
2432 343 2559 409 559

331 480 444 540 tem
466 497 582 560 per
610 483 868 561 seipsum
909 480 1182 561 expleant,-
1209 484 1483 560 quamvis
1510 475 1708 540 multa
1748 481 2005 540 vicanis
2028 469 2409 558 adjutorimcs
2429 499 2563 545 exe-

327 596 563 672 quenda
591 596 914 676 relinquat.
956 626 1045 639 -
1078 616 1110 654 <r
1144 591 1473 658 Parochus
1514 612 1645 658 non
1679 590 1989 656 satisfacit
2032 597 2364 676 praecepto
2400 597 2561 660 resi-

336 728 368 766 «
410 705 671 785 dentiae,
700 725 961 793 suaeque
985 707 1413 782 conscientiae,
1433 706 1488 770 si
1516 704 1803 771 resideat
1832 703 2098 789 quidem
2128 708 2561 789 personaliter

336 839 368 878 α
403 820 469 882 in
495 818 867 902 parochiali,
906 818 1025 884 sed
1066 824 1273 884 totam
1301 833 1526 882 curam
1563 816 1892 901 relinquat
1933 817 2340 900 cappellano,
2377 819 2558 884 nulla

335 955 368 993 α
399 951 526 1016 per
580 935 863 1018 seipsum
917 935 1136 999 munia
1187 932 1578 1016 parochialia
1621 929 2013 998 obeundo...
2061 932 2338 998 Parochl
2382 934 2556 998 enim

334 1071 366 1108 «
408 1047 687 1132 cogendi
723 1056 876 1114 sunt
906 1048 990 1113 ad
1022 1046 1360 1114 subeunda
1394 1065 1517 1129 per
1555 1047 1821 1129 seipsos,
1855 1054 1924 1112 et
1950 1065 2078 1114 non
2102 1065 2225 1131 per
2250 1048 2558 1113 substitu-

335 1185 367 1224 α
407 1170 532 1242 toS,
569 1183 647 1230 ea
683 1165 900 1229 munia
953 1163 1036 1229 ad
1079 1183 1222 1248 quae
1271 1168 1606 1228 tenentur.
1653 1161 1997 1228 Tolerandi
2034 1169 2276 1240 autem,
2310 1171 2389 1228 ut
2433 1182 2556 1246 per

336 1303 368 1339 α
417 1280 804 1346 substitutos
857 1281 1205 1365 suppleant
1247 1282 1315 1345 iu
1362 1280 1492 1345 illis
1539 1286 1798 1345 tantum
1850 1278 2133 1356 casibus,
2182 1279 2247 1343 in
2313 1279 2548 1363 quibus

327 1418 360 1456 α
402 1398 720 1479 expressis
744 1396 962 1461 verbis
981 1415 1298 1461 canonum
1321 1403 1391 1460 et
1420 1394 1842 1461 decretorum
1866 1394 2138 1471 concilii,
2166 1396 2551 1478 permissum

327 1532 361 1571 α
403 1518 506 1575 est
556 1510 686 1587 eie,
743 1516 818 1574 ut
873 1527 997 1593 per
1039 1510 1312 1576 vicarios
1374 1508 1792 1594 coadjutores
1855 1510 2101 1591 possint
2158 1507 2365 1574 officio
2433 1529 2550 1576 suo

328 1647 360 1684 (ι
403 1625 609 1707 fungi.
631 1625 732 1689 Sic
763 1626 1014 1690 censuit
1039 1625 1231 1690 Sacra
1268 1626 1696 1709 congregatio
1729 1624 1993 1689 Concilii
2025 1624 2113 1711 (in
2137 1644 2265 1690 una
2291 1628 2547 1704 nullam,

330 1761 361 1799 a
395 1741 432 1804 3
459 1738 602 1823 julii
633 1738 912 1824 1591)...
949 1740 1142 1806 Unde
1174 1742 1238 1804 in
1268 1740 1482 1825 capite
1497 1742 1905 1823 Emirpandoe
1926 1739 2061 1825 (30,
2084 1740 2549 1825 deProebendis)

330 1876 361 1914 a
396 1872 707 1937 expresse
738 1855 829 1921 sic
860 1856 1172 1921 statuitur
1207 1876 1223 1920 ε
1261 1859 1384 1935 Qui
1409 1873 1548 1918 vero
1561 1855 1972 1937 parochialem
2002 1855 2179 1919 habet
2212 1859 2543 1937 eccles-im,

330 1990 362 2028 α
397 1988 518 2034 non
543 1991 659 2053 per
691 1977 985 2035 vicanwn
1021 1969 1493 2057 (cappellanum
1543 1972 1683 2036 sive
1729 1968 2272 2054 cooperatorem),
2305 1975 2412 2037 sed
2438 1992 2555 2054 per

325 2105 358 2144 <c
394 2091 652 2167 seipsum
678 2088 778 2149 illi
811 2090 1138 2165 deserviat,
1179 2092 1244 2148 in
1277 2088 1511 2162 ordine,
1544 2105 1717 2166 quem
1752 2091 1945 2167 ipsius
1976 2088 2234 2149 euclem
2269 2105 2417 2150 eura
2457 2108 2553 2150 re-

326 2223 360 2262 α
393 2207 608 2283 quirit.
650 2202 818 2268 Vide
865 2202 1294 2267 Monacellum
1315 2250 1331 2278 ,
1378 2208 1566 2285 parte
1592 2204 1631 2265 2
1653 2249 1670 2280 ‚
1721 2201 1916 2266 titulo
1974 2202 2086 2277 16,
2140 2202 2422 2268 formula
2469 2204 2545 2279 2,

325 2338 357 2375 a
395 2335 461 2380 n.
498 2319 563 2381 2.
607 2316 837 2383 Potest
876 2323 1094 2383 tamen
1133 2315 1457 2400 parochus
1499 2332 1620 2398 pro
1658 2315 1914 2381 meliori
1957 2333 2116 2381 cura
2161 2317 2545 2394 animarum,

324 2454 354 2493 α
389 2440 588 2519 atque
635 2433 989 2500 officiorum
1031 2431 1496 2518 parochialium
1547 2434 1968 2510 executione,
2014 2439 2082 2498 et
2126 2431 2386 2518 aliquali
2437 2451 2553 2502 sua

320 2570 354 2607 a
389 2550 631 2633 quiete,
677 2566 884 2615 unum
921 2550 1029 2615 vel
1073 2549 1294 2634 plures
1333 2556 1797 2632 cooperatores
1827 2547 2097 2625 habere,
2135 2556 2206 2614 et
2244 2549 2388 2632 ipsi,
2434 2568 2553 2616 seu

320 2686 354 2725 α
388 2666 542 2748 ipsis
572 2665 945 2750 relinquere
975 2683 1246 2731 munera
1270 2666 1471 2749 magis
1506 2663 1733 2741 ardua,
1769 2671 1845 2728 ut
1878 2666 1975 2730 ire
2002 2664 2087 2730 de
2118 2672 2312 2731 nocte
2339 2664 2426 2730 ad
2447 2666 2547 2730 in-

319 2802 352 2839 «
387 2779 629 2858 firmos,
676 2799 991 2865 peragere
1042 2780 1261 2846 divina
1290 2779 1496 2846 officia
1544 2782 1611 2845 in
1643 2780 1927 2846 ecclesiis
1967 2780 2272 2847 filialibus
2302 2780 2547 2848 distan-

315 2916 350 2955 α
381 2893 577 2971 tibus,
616 2894 1046 2960 confessiones
1074 2895 1312 2960 multas
1342 2894 1593 2972 audire,
1625 2900 1695 2960 et
1730 2893 2103 2978 hujusmodi
2143 2917 2157 2960 ε
2192 2894 2546 2961 dummodo

318 3035 343 3067 a
381 3009 574 3073 simul
599 3011 877 3092 ipsemet
905 3008 1251 3093 parochuS,
1276 3018 1575 3075 cessante
1610 3008 1785 3093 justo
1816 3009 2306 3094 impedimento,
2332 3013 2545 3096 aliqua

311 3146 346 3186 a
383 3124 582 3190 etiam
627 3125 843 3187 munia
890 3124 1236 3206 pastoralia
1254 3171 1270 3201 ,
1305 3124 1671 3208 praesertim
1715 3124 2204 3208 principaliora,
2247 3142 2550 3209 persona-

312 3263 347 3302 «
385 3240 543 3305 liter
577 3230 888 3322 praestare
922 3257 1054 3303 non
1085 3240 1511 3324 intermittat3
1545 3249 1615 3305 et
1648 3240 1911 3325 quando
1947 3242 2319 3306 nominatim
2359 3260 2547 3308 voca·

310 3377 347 3418 a
387 3362 502 3420 tur
550 3373 587 3419 a
634 3355 1068 3437 parochianiS,
1114 3353 1198 3420 ad
1250 3357 1456 3437 ipsos,
1493 3355 1860 3439 praesertim
1909 3355 2233 3435 infirmos,
2270 3360 2366 3423 ire
2414 3377 2544 3423 non
2602 3406 2613 3417 .

309 3494 342 3533 c«
380 3478 722 3536 recuset...
759 3471 1097 3554 Docetque
1139 3470 1264 3536 hoc
1299 3478 1568 3555 recepta
1606 3469 2036 3553 consuetudo,
2074 3490 2218 3557 quae
2246 3480 2348 3539 est
2375 3476 2545 3557 opti·

308 3608 343 3646 <c
379 3605 482 3651 ma
527 3587 745 3669 legum
787 3587 1136 3668 interpres.
1170 3607 1203 3647 »
1254 3585 1596 3672 (Ferraria,
1648 3586 1854 3654 verbo
1898 3588 2205 3652 Para-hm
2224 3635 2241 3664 ,
2292 3596 2419 3654 art.
2459 3590 2498 3653 2
2518 3637 2534 3667 ,

298 3720 368 3765 n.
415 3703 498 3766 18
530 3707 600 3765 et
628 3699 798 3784 seq.)

390 3814 558 3881 Vide
588 3815 859 3897 insuper
887 3817 1256 3900 Fagnanum
1281 3816 1374 3902 (in
1395 3824 1595 3899 caput
1612 3819 2035 3899 Exumandoe,
2062 3821 2138 3882 do
2162 3818 2532 3900 Proebendss,

297 3950 368 3996 n.
404 3929 498 4013 4),
544 3932 656 4014 qui
683 3948 869 3996 casus
902 3950 938 3996 a
965 3929 1113 4014 jure
1150 3950 1511 4016 expresso&
1546 3934 1613 3997 in
1648 3931 1889 4017 quibus
1910 3932 2299 4000 vicariorum
2338 3952 2539 4017 opera

297 4045 595 4128 parochis
629 4048 724 4111 uti
753 4048 932 4126 licet,
972 4047 1065 4112 sic
1087 4047 1336 4113 indicat
1378 4069 1393 4113 ε
1433 4071 1465 4108 «
1500 4047 1742 4129 Quales
1786 4057 1938 4113 sunt
1990 4049 2272 4114 sessione
2324 4052 2385 4129 5,
2434 4068 2540 4116 ca-

304 4184 339 4220 «
382 4164 516 4243 pite
555 4163 620 4238 2,
667 4178 864 4227 versu
903 4164 1448 4245 Archipreslmter&
1482 4164 1765 4229 sessione
1806 4166 1871 4241 6,
1922 4166 2133 4247 capite
2176 4168 2239 4243 2,
2267 4166 2333 4229 iu
2360 4165 2533 4249 fine3

303 4297 340 4335 a
373 4276 654 4341 sessione
688 4278 796 4353 21,
828 4278 1039 4360 capite
1069 4280 1135 4355 4,
1172 4279 1238 4343 in
1290 4278 1647 4362 principi03
1698 4281 1979 4344 sessione
2040 4281 2149 4358 23,
2204 4282 2419 4363 capite
2472 4285 2530 4361 1,

301 4412 339 4454 α
375 4406 570 4454 versu
627 4394 851 4456 Eadem
901 4399 1171 4473 συνείπῃ·
1205 4393 1418 4477 capite
1463 4396 1484 4457 1
1535 4396 1611 4457 de
1640 4397 2081 4473 lictor-meteone
2117 4400 2520 4474 merimonii,
