3146 4973
614 391 745 453 ⁴60
1287 404 1665 452 rme-runs
1713 405 1797 451 nn
1844 404 2174 454 rAuocno.

614 532 1145 620 congregationis
1188 529 1451 597 Concilii
1495 528 1938 595 decisionibus
1987 530 2312 597 firmatum
2330 581 2345 608 ,
2406 533 2584 618 apud
2639 537 2848 601 Bene-

611 648 859 715 dictum
895 649 1042 714 ΧΠ
1080 648 1176 733 (de
1203 651 1354 730 Syn.
1387 648 1589 725 dimo„
1625 646 1669 710 l.
1726 652 1788 722 7,
1838 665 1897 711 c.
1933 647 2042 724 42,
2086 666 2151 711 n.
2190 645 2282 730 3).
2324 649 2445 714 Die
2485 657 2703 715 autem
2732 651 2850 715 Pa·

614 762 850 829 schatis
876 768 1214 847 nequeunt
1241 779 1493 825 sacram
1521 760 1989 827 Eucharistiam
2017 763 2381 846 porrigere,
2406 763 2600 829 etiam
2633 765 2713 829 iis
2737 765 2851 849 qui

609 879 739 963 Jam
781 878 848 942 iu
897 897 1009 942 sua
1062 876 1368 962 parochia
1414 876 1731 959 paschalis
1787 878 2250 943 communionis
2295 888 2632 963 praecepto
2675 880 2854 945 satis·

614 994 859 1060 facere.
899 992 975 1058 Id
1023 993 1272 1076 pariter
1319 990 1615 1057 decisum
1649 994 1937 1074 reperies
1975 991 2152 1076 apud
2194 992 2529 1059 laudatum
2578 992 2854 1059 Benedi-

615 1116 795 1174 ctum
826 1107 995 1184 XIV,
1036 1108 1236 1172 citato
1272 1106 1441 1172 loco.

704 1225 845 1290 vll.
884 1224 956 1288 Iu
1001 1223 1302 1290 oratoriis
1337 1241 1496 1288 vero
1552 1222 1839 1304 privatis,
1883 1241 2002 1287 nec
2041 1222 2381 1306 parochuS,
2427 1243 2548 1289 nec
2580 1223 2851 1308 quilibet

615 1342 780 1406 alius
807 1338 1149 1404 celebrans
1194 1355 1443 1402 sacram
1488 1338 1785 1421 synaxim
1818 1338 2110 1421 proebere
2150 1344 2368 1423 potest
2419 1340 2555 1404 siue
2598 1339 2854 1405 licentia

618 1453 933 1538 Episcopi,
974 1453 1270 1537 quamvis
1299 1472 1383 1517 ex
1429 1450 1684 1518 indulto
1722 1453 2092 1536 Apostolico
2112 1454 2180 1518 in
2208 1454 2286 1519 iis
2313 1453 2616 1519 oratoriis
2655 1453 2852 1537 possit

617 1572 805 1634 missa
841 1567 1162 1634 celebrari
1190 1589 1205 1650 3
1241 1574 1315 1632 ut
1344 1565 1706 1633 declaravit
1734 1567 2131 1634 Benedictus
2160 1570 2306 1634 XIV
2337 1571 2405 1633 iu
2435 1569 2631 1634 citata
2662 1587 2855 1652 ency-

619 1687 773 1752 clica
801 1689 1040 1767 Magno,
1079 1688 1118 1748 2
1144 1682 1308 1768 junii
1348 1686 1538 1757 1751,
1589 1689 1657 1762 §S
1687 1685 1767 1749 23
1804 1693 1874 1750 et
1904 1686 1983 1749 24
2024 1684 2132 1770 (de
2161 1705 2290 1770 quo
2324 1684 2478 1751 vide
2509 1687 2705 1750 etiam
2743 1685 2854 1750 Gi·

617 1799 901 1879 raldum,
933 1801 1136 1865 citato
1164 1799 1357 1883 loco).

707 1918 847 1982 vn.
887 1917 979 1981 Au
1005 1915 1113 2000 jus
1140 1916 1379 1982 habeat
1420 1916 1744 2000 parochus
1791 1936 1944 1983 suos
1978 1917 2399 2002 parochianos
2452 1917 2725 2002 cogendi
2770 1917 2854 1984 ad

617 2030 1006 2098 audiendam
1048 2032 1305 2097 missam
1359 2033 1421 2096 iu
1457 2032 1803 2115 parochia?
1835 2069 1926 2080 —-
1947 2030 2502 2116 Respondendum
2528 2034 2849 2116 negative.

620 2145 987 2213 Dicendum
1025 2166 1282 2230 nempe,
1327 2146 1479 2212 olim
1527 2167 1759 2213 revera
1812 2146 1896 2212 de
1943 2147 2090 2232 jure
2143 2149 2467 2213 communi
2509 2145 2857 2213 adstrictos

618 2264 817 2329 fuisse
846 2262 1076 2329 fideles
1103 2263 1187 2328 ad
1218 2262 1738 2329 interessendum
1773 2282 1956 2329 sacro
1984 2264 2052 2327 iu
2082 2264 2214 2328 suis
2238 2263 2479 2349 quique
2508 2262 2849 2349 parochiis.

620 2380 857 2447 Postea
884 2399 1043 2446 vero
1080 2381 1230 2445 huic
1271 2380 1643 2464 obligationi
1688 2379 2073 2464 derogatum
2107 2379 2308 2445 fuisse
2348 2382 2670 2446 contraria
2708 2399 2857 2446 con-

621 2498 987 2565 suetudine.
1015 2500 1176 2563 Tum
1207 2506 1277 2564 et
1305 2517 1617 2582 expresse
1647 2500 1838 2564 variis
1867 2517 2267 2565 summorum
2298 2497 2680 2582 pontificum
2704 2517 2857 2564 cou-

622 2615 1089 2681 stitutionibus.
1126 2617 1223 2680 Ita
1262 2622 1337 2680 ut
1374 2613 1566 2681 hodie
1611 2623 1865 2681 certum
1899 2616 2007 2695 sit,
2030 2633 2219 2698 posse
2253 2614 2486 2680 fideles
2531 2625 2857 2699 praecepto

620 2732 871 2796 missam
931 2729 1238 2796 audiendi
1284 2730 1659 2796 satisfacere
1713 2732 1780 2794 in
1838 2748 2248 2815 quacumque
2298 2730 2573 2796 ecclesia
2596 2777 2611 2808 ,
2663 2730 2858 2797 modo

622 2854 834 2911 tamen
900 2864 1028 2911 non
1097 2848 1182 2911 sit
1243 2847 1539 2929 cappella
1592 2852 1874 2928 privata,
1931 2865 2047 2911 seu
2108 2846 2464 2912 oratorium
2515 2852 2849 2928 privatum.

623 2964 760 3028 Imo
788 2962 1013 3047 nequit
1044 2960 1240 3028 hodie
1272 2962 1629 3047 Episcopus
1667 2964 2024 3045 praecipere
2062 2963 2195 3027 suis
2225 2961 2524 3039 subditiS,
2563 2969 2640 3027 ut
2675 2982 2746 3028 se
2777 2965 2857 3028 si-

621 3085 794 3144 stant
822 3078 1025 3143 missae
1058 3077 1445 3163 parochiali3
1492 3078 1721 3164 nequit
1751 3079 1921 3144 enim
1951 3077 2177 3144 delere
2203 3077 2746 3144 cousuetudinem
2797 3080 2858 3143 in

618 3203 761 3263 toto
790 3195 951 3261 orbe
989 3196 1347 3280 vigentem,
1379 3202 1611 3279 utpote
1645 3214 1786 3281 quae
1820 3195 1986 3280 juris
2029 3196 2388 3260 communis
2431 3204 2730 3261 naturam
2763 3196 2860 3259 in·

621 3313 788 3378 duit.
820 3313 971 3378 Haec
1000 3312 1271 3396 probata
1304 3310 1453 3377 vide
1478 3309 1656 3394 apud
1693 3310 2125 3377 Benedictum
2164 3312 2308 3376 xlv
2344 3311 2440 3395 (de
2473 3316 2623 3394 Syn.
2657 3315 2851 3381 dioec..

620 3429 733 3496 lib.
777 3438 837 3506 7,
875 3448 934 3495 c.
971 3430 1080 3506 64,
1125 3448 1160 3493 a
1209 3448 1272 3493 n.
1318 3435 1350 3492 7
1396 3427 1480 3493 ad
1515 3426 1644 3512 11),
1682 3428 1969 3513 quirem
2016 3435 2219 3493 totam
2268 3427 2502 3492 eximie
2546 3424 2845 3499 discutit,

626 3554 695 3611 et
722 3543 807 3611 ad
838 3542 1038 3610 modo
1064 3543 1425 3627 expositam
1459 3543 1937 3610 conclusionem
1971 3542 2264 3609 deducit.

716 3663 890 3727 vm.
927 3661 1023 3726 An
1056 3661 1255 3745 possit
1280 3661 1602 3744 parochus
1634 3663 1922 3744 exigere,
1957 3668 2032 3727 ut
2061 3660 2435 3744 parochiani
2463 3658 2547 3725 ad
2581 3658 2857 3725 verbum

627 3780 747 3845 Dei
783 3776 1180 3843 audiendum
1228 3777 1598 3861 parochiam
1629 3776 1921 3843 adeant?
1956 3813 2041 3826 -
2081 3774 2637 3861 Respondendum
2664 3794 2860 3860 nega·

625 3896 784 3960 tive.
807 3894 964 3974 Quoe
989 3893 1331 3971 sententia,
1361 3891 1491 3978 jam
1523 3901 1792 3976 recepta
1816 3892 2238 3977 generaliter,
2270 3910 2402 3976 quo
2433 3889 2862 3956 fundamento

626 4012 892 4087 nitatur,
924 4018 993 4076 et
1018 4008 1345 4096 quomodo
1373 4008 1853 4092 respondeatur
1887 4007 2264 4075 Tridentino
2296 4006 2570 4073 decreto
2614 4006 2701 4092 (iu
2731 4024 2859 4091 quo

627 4125 867 4193 dicitur
898 4134 1089 4191 teneri
1120 4145 1587 4207 unumquemque
1608 4126 1912 4207 parockioe
1942 4145 2066 4188 suae
2092 4132 2396 4203 interesse,
2431 4126 2536 4187 ubi
2565 4124 2860 4186 commode

631 4245 695 4306 id
735 4242 874 4319 fieri
911 4250 1131 4325 potest,
1176 4245 1259 4305 acl
1298 4244 1666 4305 audiendum
1711 4244 1950 4305 verbum
1998 4238 2159 4324 Dei),
2199 4237 2350 4305 vide
2385 4237 2561 4324 apud
2593 4233 2860 4303 Benedi-

631 4364 808 4421 ctum
837 4358 985 4421 ΧΠ
1022 4358 1117 4419 (cle
1142 4360 1287 4436 Syn.
1319 4359 1518 4432 clima,
1556 4356 1672 4421 lib.
1716 4365 1776 4431 7,
1809 4376 1868 4421 c.
1895 4358 2004 4432 64,
2043 4375 2108 4419 n.
2154 4358 2232 4420 12
2260 4360 2329 4419 et
2368 4352 2494 4435 13).
