3146 4973
1257 358 1416 408 rsus
1458 358 1686 410 raim.
2462 404 2467 408 .
2502 349 2587 413 85

447 485 569 550 Eos
598 492 816 550 tamen
847 502 1110 552 errores
1139 485 1358 553 nullus
1387 484 1604 554 adhue
1634 487 1893 571 publice
1922 496 1996 555 et
2015 490 2399 558 solemniter
2431 511 2585 576 pro-

349 608 776 684 pugnaverat,
809 608 959 667 ante
988 601 1411 667 Guillelmum
1438 622 1477 667 a
1503 602 2016 670 Sancto-Amore.
2054 606 2139 684 Is,
2174 625 2347 673 unus
2377 627 2415 673 e
2450 609 2583 691 pri·

355 712 478 778 mis
506 714 865 781 sorbonicae
906 715 1142 783 domus
1169 718 1417 796 incolis,
1452 717 1576 784 sibi
1610 719 2008 802 provinciam
2030 722 2375 804 assumpsit
2401 741 2585 806 paro-

353 828 512 895 chos
538 828 932 914 extollendi3
969 838 1167 916 atque
1187 850 1267 897 eo
1295 850 1504 917 usque
1533 833 1876 916 processit,
1900 843 1979 901 ut
2007 842 2236 917 aperte
2266 836 2441 902 inter
2460 836 2583 901 alia

351 965 626 1013 erronea
654 949 1060 1029 sustinuerit,
1095 967 1209 1014 eos
1242 950 1414 1015 solos
1451 950 1818 1016 intellectos
1856 951 2055 1017 fuisse
2101 973 2139 1016 a
2170 952 2441 1017 concilio
2467 953 2583 1017 La-

349 1065 677 1128 teranensi
715 1064 840 1130 sub
876 1067 1136 1131 nomine
1166 1072 1411 1148 proprii
1452 1068 1801 1145 sacerdotis,
1845 1067 1951 1131 cui
1996 1065 2270 1152 jubetur
2306 1069 2580 1153 quisque

344 1176 642 1245 fidelium
673 1180 877 1245 semel
904 1181 971 1245 in
1000 1200 1169 1246 anuo
1210 1180 1507 1247 confiteri
1547 1188 1841 1264 peccata,
1893 1183 2161 1249 excluso
2198 1184 2392 1250 etiam
2432 1182 2581 1266 Epi-

344 1313 542 1379 scopo
588 1301 659 1360 et
693 1295 892 1378 Papa.
938 1297 1065 1378 Qui
1104 1295 1442 1361 malesanae
1491 1296 1731 1362 mentis
1774 1297 2139 1364 sorbonista
2191 1297 2273 1364 ab
2315 1298 2582 1364 Alexan-

341 1410 462 1476 dro
493 1411 590 1475 IV
619 1409 962 1477 damnatus
991 1417 1093 1477 est
1114 1430 1282 1476 anno
1321 1413 1512 1476 1255.
1542 1411 1678 1489 Ast,
1722 1410 2103 1478 damnatum
2126 1412 2301 1492 licet,
2334 1414 2579 1479 erroris

339 1546 568 1593 semen
617 1526 738 1593 sibi
794 1525 1230 1592 evolvendum
1281 1527 1569 1610 suscepit
1626 1528 1796 1593 alter
1860 1527 2238 1594 sorbonicus
2296 1527 2530 1595 doctor
2555 1576 2571 1607 ,

337 1646 626 1709 Ioannes
676 1642 762 1709 de
805 1643 1088 1710 Poliaco.
1132 1645 1372 1709 Docuit
1407 1642 1528 1708 iste
1565 1642 1821 1722 fideles,
1857 1643 2036 1729 apud
2065 1645 2400 1728 regulares
2426 1663 2579 1712 eon-

339 1761 552 1825 fessos
582 1766 653 1824 et
678 1758 1031 1847 absolutos,
1061 1760 1275 1825 teneri
1309 1758 1723 1824 nihilominus
1756 1758 1823 1823 in
1851 1759 2155 1843 paschate
2179 1765 2444 1843 peccata
2462 1778 2577 1824 sua

338 1875 586 1941 iterum
619 1892 735 1939 suo
770 1874 1041 1959 quisque
1089 1872 1372 1956 parocho
1410 1872 1744 1957 confiteri3
1795 1872 2046 1939 addens
2075 1893 2158 1938 ne
2190 1872 2401 1938 Deum
2427 1875 2577 1958 qui-

337 1988 486 2055 dem
555 2007 743 2071 posse
782 2008 821 2053 a
863 1989 981 2053 tali
1025 1988 1420 2072 obligatione
1472 1985 1849 2071 dispensare
1894 2009 1911 2054 ε
1964 2006 2106 2073 quae
2150 1988 2574 2054 deliramenta

335 2106 678 2173 damnavit
712 2107 988 2171 Ioannes
1016 2106 1195 2170 XXII
1244 2105 1731 2191 (extravagante
1760 2108 1837 2169 de
1871 2108 2212 2181 Hoereticis,
2255 2122 2397 2186 cap.
2437 2102 2567 2187 11).

340 2222 693 2288 Efformato
724 2219 1109 2304 parochismi
1135 2220 1335 2285 fluvio
1369 2240 1537 2287 nova
1570 2227 1720 2303 post
1745 2218 2011 2286 modum
2042 2220 2443 2285 incrementa
2469 2239 2575 2283 ac-

339 2356 620 2403 cessere.
657 2335 971 2402 Bicardus
1016 2334 1099 2402 de
1131 2334 1509 2412 Armacano,
1547 2335 1660 2419 qui
1681 2334 2036 2417 Regulares
2071 2334 2138 2398 in
2169 2333 2393 2417 Anglia
2426 2353 2576 2416 per-

338 2454 676 2520 secutione
709 2450 1099 2537 exagitabat,
1131 2453 1372 2537 quique
1392 2450 1701 2518 haeretico
1724 2449 1997 2517 Wiclefo
2020 2457 2250 2534 aperte
2278 2448 2567 2528 favebat,

339 2568 732 2653 parochismi
803 2567 1162 2633 machinam
1227 2568 1470 2631 iterum
1540 2568 1790 2650 aptavit
1852 2575 1922 2632 et
1979 2565 2294 2632 roborare
2357 2573 2573 2631 tenta-

339 2686 459 2763 vit,
495 2687 676 2750 circa
701 2702 941 2749 aunum
982 2686 1151 2748 1350
1172 2731 1191 2762 ,
1224 2680 1480 2748 duobus
1510 2680 1704 2747 editis
1727 2681 1946 2759 libris,
1982 2680 2097 2764 qui
2125 2679 2574 2745 inscribuntur

337 2804 614 2882 Defensio
639 2809 982 2866 curatomm
1004 2803 1294 2864 adversus
1324 2803 1753 2878 mendicantes,
1787 2806 1858 2863 et
1882 2802 1958 2862 de
1987 2801 2314 2863 Audientia
2343 2800 2573 2876 conses-

335 2924 589 2982 nonum.
632 2916 832 3002 Cujus
877 2915 1218 2982 damnatos
1262 2916 1569 2981 articulos
1611 2912 1838 2981 videre
1870 2921 1974 2981 est
2006 2914 2076 2979 in
2108 2912 2569 2979 constitutione

335 3039 613 3116 Reqnans
653 3040 721 3096 iu
755 3036 917 3097 omlis
953 3030 1300 3098 Alexandri
1332 3033 1411 3110 V,
1455 3032 1607 3097 anni
1645 3031 1834 3098 1409.

424 3173 457 3212 α
491 3149 764 3216 Praefati
793 3165 1053 3214 errores
1085 3147 1198 3234 (ait
1227 3146 1451 3225 Nardi,
1493 3154 1656 3211 tom.
1705 3149 1762 3225 1,
1808 3164 1957 3229 pag.
1998 3141 2152 3228 356)
2185 3145 2268 3209 ab
2303 3146 2564 3208 incuna-

344 3291 374 3330 α
405 3266 578 3334 bulis
615 3264 910 3332 suffocati
955 3264 1128 3331 forte
1158 3262 1580 3340 interiissent,
1626 3262 1749 3328 nisi
1794 3281 1876 3328 eo
1911 3262 2053 3347 ipso
2080 3267 2402 3346 tempore,
2435 3277 2568 3344 quo

342 3625 361 3644 ι
389 3606 597 3653 ehieli...
623 3603 844 3666 Episcopi
881 3615 972 3651 non
1003 3602 1176 3651 bahent
1215 3614 1267 3650 se
1303 3601 1500 3651 ulterius
1541 3600 1852 3650 intromittere
1890 3600 1951 3650 de
1994 3600 2211 3662 plebibus
2249 3613 2368 3663 quas
2408 3613 2569 3650 sacer-

345 3716 364 3736 «
392 3696 581 3746 dotibus
618 3696 967 3746 commiserunt.
999 3696 1115 3743 item
1149 3710 1162 3742 ε
1197 3694 1327 3743 Sicut
1365 3695 1626 3756 Episcopus
1657 3694 1875 3743 subditur
1907 3694 2292 3755 archiepiscopo,
2321 3693 2386 3741 ita
2411 3707 2569 3741 sacer-

344 3809 363 3828 ·
392 3788 524 3837 dotes
566 3787 832 3839 subduntur
873 3787 1137 3849 Episcopis.
1178 3784 1267 3834 Sed
1311 3786 1667 3847 Archiepiscopi
1708 3800 1801 3834 uon
1839 3792 2038 3847 possunt
2077 3799 2129 3834 se
2166 3785 2473 3834 intromittere
2509 3785 2569 3835 de

347 3897 366 3924 ι
395 3881 487 3930 illis
525 3882 609 3945 qui
649 3880 914 3930 subduntur
953 3879 1217 3941 Episcopis,
1247 3878 1337 3927 nisi
1366 3879 1483 3927 forte
1515 3885 1705 3940 propter
1736 3878 2065 3940 negligentiam
2102 3879 2465 3940 Episcoporum.
2487 3912 2500 3925 .
2520 3897 2562 3938 .;

346 3994 366 4014 ι
396 3988 504 4037 ergo
530 3988 617 4024 nec
639 3973 859 4037 Episcopi
886 3979 1083 4035 possunt
1104 3971 1282 4035 aliquid
1305 3972 1354 4020 in
1381 3972 1601 4034 plebibus
1624 3973 1849 4033 subjectis
1873 3970 2199 4020 sacerdotibus
2220 3970 2568 4033 parochialibus

348 4085 368 4107 ι
396 4068 569 4130 absque
598 4067 786 4116 illorum
819 4077 1070 4126 consensu,
1107 4065 1197 4113 nisi
1226 4071 1418 4126 propter
1441 4064 1631 4113 illorum
1658 4063 2004 4125 negligentiam,
2043 4062 2115 4111 vel
2153 4061 2401 4112 defectum.
2451 4063 2566 4111 Item

350 4177 369 4198 ·
401 4159 655 4223 presbyteri
681 4160 974 4224 parochiales
1009 4164 1117 4208 sunt
1153 4158 1312 4220 spousi
1349 4159 1652 4207 ecclesiarum
1689 4157 1779 4206 sibi
1810 4157 2189 4205 commissarum.
2211 4190 2222 4203 .
2244 4191 2256 4204 .
2294 4154 2423 4203 Ordo
2452 4154 2565 4203 reli-

350 4273 368 4292 ·
397 4253 626 4313 giosorum
653 4254 733 4315 qui
757 4251 1028 4315 praedicant,
1055 4259 1101 4301 et
1126 4265 1218 4300 non
1243 4258 1352 4301 sunt
1370 4251 1589 4314 Episcopi
1608 4251 1708 4313 (qui
1730 4256 1837 4298 sunt
1862 4262 2161 4298 successores
2183 4247 2562 4309 Apostolorum),

351 4364 369 4384 ι
396 4345 464 4393 vel
480 4345 738 4409 presbyteri
759 4346 1054 4409 parochiales
1076 4345 1177 4409 (qui
1197 4351 1307 4394 sunt
1327 4356 1629 4394 successores
1649 4343 1939 4406 septuaginta
1958 4341 2161 4393 duorum
2179 4337 2562 4404 discipulorum),

357 4458 376 4478 ι
403 4437 568 4489 debent
590 4440 829 4504 extirpari.
873 4459 893 4482 ι
