3146 4973
1159 333 1317 380 rans
1357 333 1675 382 saeuum.
2400 321 2523 384 257

312 476 341 512 a
374 454 702 538 suppressi
725 462 901 531 sunt,
934 453 1290 538 confugere
1321 474 1450 520 non
1475 454 1833 520 valebunt?
1856 477 1888 515 »
1926 452 2057 520 Nec
2087 455 2348 523 dicatur
2371 477 2536 542 que-

303 577 474 634 stum
523 589 665 635 esse
721 568 1057 636 laudatum
1105 569 1488 636 Pontificem
1507 619 1524 648 ‚
1575 570 1752 656 quod
1797 571 1971 637 solus
2023 575 2241 652 absque
2282 580 2533 637 vicariis

307 685 625 768 parochus
676 706 789 752 sex
843 686 1043 751 millia
1079 685 1618 769 parochianorum
1667 707 1897 753 curare
1944 686 2222 754 deberet
2266 712 2279 753 :
2319 710 2533 775 neque

307 805 474 868 enim
516 810 963 867 constitutionis
1003 807 1205 866 civilis
1238 801 1581 869 decretum
1627 804 1903 869 vicarios
1946 804 2361 871 excludebat.
2399 809 2536 873 Imo

306 920 645 1002 ipsammet
672 938 786 985 sex
818 919 1086 984 millium
1118 920 1480 984 animarum
1515 920 1582 984 in
1623 921 1811 985 unica
1848 921 2152 1004 parochia
2190 941 2538 989 coacerva-

307 1035 548 1100 tionem
591 1033 1151 1118 reprehendebat,
1190 1042 1386 1117 prout
1414 1042 1593 1101 totus
1624 1043 1970 1102 contextus
2001 1045 2228 1119 aperte
2265 1037 2532 1105 indicat.

309 1151 446 1214 Jam
475 1169 634 1216 vero
661 1149 818 1234 quid
848 1148 1147 1216 dicturus
1176 1149 1407 1215 fuisset
1438 1150 1597 1215 Pius
1628 1151 1717 1216 vl
1746 1149 1829 1216 de
1861 1149 2194 1217 hodiernis
2237 1154 2541 1220 Parisinis

313 1265 633 1348 parochiis
656 1312 673 1343 ‚
715 1267 979 1348 triginta
1024 1271 1093 1330 et
1130 1262 1422 1349 amplius‘
1459 1266 1816 1330 animarum
1863 1265 2059 1330 millia
2101 1267 2539 1351 complecten-

312 1381 534 1446 tibus?
571 1383 653 1446 Et
700 1399 841 1465 quae
879 1382 1079 1463 ipsius
1125 1398 1307 1446 mens
1355 1380 1439 1446 de
1490 1382 1791 1464 parochis
1841 1382 2000 1458 illis,
2055 1382 2197 1466 qui,
2242 1380 2545 1448 dismem-

311 1496 572 1561 brandis
614 1496 787 1561 hisce
837 1495 1156 1580 parochiis
1198 1513 1317 1579 pro
1362 1498 1673 1579 pastorali
1732 1517 1850 1564 suo
1897 1496 2107 1563 officio
2160 1495 2545 1565 adlaboran-

309 1612 485 1677 tibus
516 1611 922 1696 praesulibuS,
959 1613 1286 1696 omniqua
1318 1622 1590 1695 possunt
1619 1621 1760 1678 arte
1791 1614 2226 1680 obnituntur?

400 1729 797 1794 Pnoposmo
824 1729 963 1793 111·.
1000 1765 1088 1775 —
1112 1733 1423 1792 Distantia
1455 1736 1514 1792 et
1549 1729 1882 1808 difficultas
1917 1733 2235 1794 accedendi
2265 1751 2384 1794 non
2407 1742 2551 1796 sunt

315 1866 490 1909 causa
508 1851 685 1929 justa
709 1848 1279 1923 dismembrationis‚
1314 1851 1438 1907 nisi
1465 1847 1705 1925 quando
1740 1865 1819 1906 cx
1849 1850 1998 1926 ipsis
2036 1852 2237 1910 oritur
2267 1868 2550 1928 maynum

316 1964 767 2024 incommodum.
799 1998 890 2009 —-
918 1960 1245 2025 Probatur
1279 1980 1360 2024 ex
1401 1960 1595 2025 toties
1628 1961 1828 2025 citato
1864 1958 2245 2025 Tridentino
2278 1960 2552 2028 decreto

324 2076 495 2161 (sess.
532 2079 640 2155 21,
670 2097 813 2160 cap.
843 2075 934 2161 4).
973 2080 1133 2142 Nam
1159 2076 1250 2142 ibi
1278 2096 1400 2160 pro
1428 2097 1620 2143 causa
1646 2077 1934 2160 legitima
1960 2076 2555 2144 dismembrationis

322 2196 700 2279 assignatur,
754 2214 883 2260 non
931 2193 1241 2278 quaelibet
1281 2192 1607 2270 distantia,
1668 2200 1783 2258 aut
1830 2194 2141 2276 quaelibet
2195 2193 2551 2260 accedendi

323 2309 679 2388 difficultas,
717 2309 835 2375 sed
866 2329 943 2375 ea
977 2307 1316 2374 dumtaxat
1354 2327 1495 2392 quae
1532 2308 1680 2373 talis
1707 2315 1828 2385 est,
1867 2315 1943 2372 ut
1972 2307 2350 2392 parochiani
2381 2330 2557 2376 acce-

325 2426 480 2494 dere
515 2433 845 2513 nequeant
869 2434 998 2492 sine
1030 2447 1245 2508 maqno
1282 2429 1669 2492 incommodo.
1707 2426 1738 2490 Ι
1742 2431 1876 2491 tem
1911 2424 1979 2489 in
2007 2427 2204 2492 citata
2236 2425 2557 2494 decretali

328 2547 417 2608 Ad
438 2548 835 2625 audientiam,
871 2563 1001 2609 non
1031 2542 1116 2608 de
1142 2542 1453 2626 qualibet,
1490 2540 1608 2606 sed
1636 2540 1977 2605 dumtaxat
2009 2540 2094 2606 de
2125 2564 2347 2624 vzayna
2385 2562 2561 2609 acce-

328 2657 527 2725 dendi
550 2662 911 2740 difficultate
939 2639 1173 2742 agitur.
1207 2661 1378 2743 Ergo
1415 2676 1647 2723 revera
1678 2657 1798 2721 nisi
1822 2654 2169 2722 difficultas
2201 2657 2560 2724 accedendi

329 2792 556 2857 magna
595 2775 699 2853 sit,
743 2794 861 2839 seu
893 2773 1097 2860 (quod
1130 2772 1304 2839 idem
1342 2771 1464 2856 est)
1507 2791 1815 2856 magnum
1858 2791 2181 2856 generans
2212 2776 2567 2840 incommo-

329 2888 519 2973 dum;
570 2896 640 2955 et
692 2890 939 2974 pariter
984 2889 1106 2953 nisi
1151 2886 1457 2954 distantia
1507 2890 1654 2964 talis
1693 2889 1781 2952 sit
1824 2909 1907 2953 ex
1950 2909 2077 2972 qua
2132 2908 2437 2972 magnum
2468 2892 2567 2953 iu-

331 3003 738 3070 commodum
767 3005 1040 3081 oriatur,
1083 3023 1214 3070 non
1244 3003 1458 3069 aderit
1496 3003 1672 3086 justa
1709 3002 2305 3069 dismembrationis
2344 3023 2562 3070 causa.

420 3118 626 3184 Valde
656 3126 878 3185 autem
908 3115 1194 3184 notanda
1232 3125 1382 3181 sunt
1414 3116 1617 3181 verba
1649 3117 1758 3180 illa
1790 3124 1919 3180 sine
1953 3137 2169 3196 maqno
2201 3123 2568 3183 incommodo

340 3239 423 3322 (in
451 3234 830 3303 Tridentino
852 3234 1092 3318 textu),
1131 3240 1262 3297 sine
1296 3254 1518 3315 magma
1557 3236 1919 3313 difficultate
1955 3234 2044 3319 (in
2074 3235 2288 3315 capite
2330 3238 2426 3298 Ad
2464 3256 2574 3298 afu-

335 3353 647 3438 dientiam)
691 3377 704 3419 :
742 3373 895 3418 nam
949 3373 1031 3417 ex
1092 3352 1169 3416 iis
1227 3347 1751 3415 concludendum
1817 3350 2029 3426 venit,
2095 3368 2223 3413 non
2274 3348 2570 3416 sufficere

336 3467 708 3535 distantiam
738 3470 848 3534 vel
876 3468 1064 3533 aliam
1111 3465 1558 3531 difficultatem
1603 3482 1745 3549 quae
1777 3467 2070 3527 mediocre
2105 3463 2447 3530 dumtaxat
2476 3466 2572 3529 in·-

337 3583 749 3651 commodum
785 3589 1087 3667 generet3
1122 3580 1240 3647 sed
1285 3582 1483 3646 talem
1523 3581 1773 3665 requiri
1814 3601 1898 3646 ex
1928 3598 2059 3663 qua
2094 3602 2376 3661 maqnum
2405 3583 2573 3646 oria-

340 3711 471 3766 tur.
529 3726 562 3762 α
603 3701 814 3783 Caput
853 3701 1122 3763 citatum
1156 3702 1253 3762 Ad
1298 3702 1701 3774 audientiam,
1745 3699 1954 3782 inquit
2014 3699 2404 3775 LeureniuS‚
2442 3719 2573 3765 non

347 3841 377 3878 α
411 3835 888 3901 quamcumque
932 3812 1323 3892 distantiam,
1357 3810 1473 3878 sed
1501 3813 1704 3877 talem
1734 3831 1878 3896 quae
1907 3821 2007 3879 est
2041 3835 2190 3879 cum
2215 3833 2448 3899 magno
2479 3818 2577 3882 in-

352 3957 380 3991 «
415 3931 797 4016 commod03
838 3934 996 3997 item
1048 3930 1493 3996 necessitatem
1540 3948 1671 3992 non
1717 3930 2094 4012 quamlibet,
2139 3931 2259 3997 scd
2309 3932 2578 3999 eviden-

352 4072 380 4107 «
414 4057 545 4114 tem
571 4049 734 4135 (quae
761 4056 862 4112 est
888 4047 1055 4125 talis,
1088 4054 1161 4110 ut
1192 4045 1253 4109 ei
1276 4042 1450 4109 aliud
1479 4042 1845 4108 remedium
1872 4047 2083 4127 aptari
2104 4045 2432 4132 nequeat),
2456 4068 2576 4132 pro

353 4186 382 4222 a
413 4183 606 4229 causa
646 4163 999 4229 sufficiente
1038 4163 1181 4227 talis
1210 4159 1795 4226 dismembrationis
1850 4169 1919 4225 et
1963 4180 2143 4226 novae
2198 4163 2584 4245 parochialis

353 4305 382 4339 a
417 4281 881 4345 constitutione
917 4279 1272 4363 requisivit.
1325 4303 1351 4337 υ
1396 4277 1638 4364 (Forum
1668 4278 2031 4356 beneficiate,
2071 4286 2258 4361 parte
2304 4284 2361 4358 1,
2406 4299 2582 4365 quae-

349 4396 557 4464 stione
602 4393 779 4478 154.)

2313 4509 2377 4564 17
