3146 4973
1196 405 1354 452 mus
1400 407 1684 464 onaan.
2419 396 2543 461 ⁴93

318 553 348 589 ι
390 530 539 613 prioe
571 527 802 594 domus
839 528 1188 611 regularis3
1236 528 1351 595 sed
1382 530 1496 595 tali
1533 549 1687 596 casu
1721 530 2047 596 subintrat
2083 534 2425 616 parochus,
2459 540 2548 601 ni·

316 669 347 704 οι
385 645 619 709 mirum
657 643 960 727 proprius
1000 641 1318 721 defuncti,
1356 644 1479 709 sub
1522 643 1710 730 cujus
1757 644 2057 729 parochia
2098 647 2202 712 hic
2247 649 2539 734 vivebat;

316 783 347 818 «ι
382 767 451 825 et
498 778 629 824 non
663 760 772 824 ille
816 758 988 822 intra
1032 757 1217 843 cujus
1263 760 1631 841 parochiam
1669 762 1863 826 situm
1907 768 2006 827 est
2053 762 2391 848 hospitale,
2427 767 2545 830 nisi

314 898 345 933 α
385 875 557 940 forte
595 894 675 942 ex
716 876 1055 960 privilegio
1097 882 1166 941 et
1210 875 1704 941 consuetudine.
1737 899 1770 937 υ
2512 956 2518 962 ὑ

403 1019 425 1046 α
468 992 675 1055 Porro
713 989 958 1055 debent
989 992 1327 1074 regulares
1367 992 1580 1056 vocati
1607 992 1693 1057 ad
1731 991 1929 1057 funus
1958 993 2407 1059 associandum
2435 1014 2543 1060 ac-

308 1130 340 1166 α
374 1104 613 1172 cedere
643 1104 730 1170 ad
757 1107 1095 1171 ecclesiam
1119 1106 1573 1190 parochialem,
1601 1114 1670 1170 et
1698 1108 1935 1173 exinde
1969 1126 2118 1173 cum
2153 1109 2435 1191 parocho
2454 1109 2536 1176 ad

308 1246 338 1282 a
377 1222 665 1298 domum,
702 1242 781 1287 ex
816 1242 942 1305 qua
973 1220 1452 1305 exportandum
1480 1221 1786 1300 cadaver,
1832 1241 1903 1288 se
1936 1224 2262 1291 conferre.
2302 1226 2538 1307 Quam·

307 1360 337 1396 α
382 1336 477 1401 vis
507 1337 573 1401 in
610 1336 731 1402 hoc
767 1337 944 1422 (num
981 1336 1251 1402 sufficiat
1285 1337 1617 1420 regulares
1655 1337 1958 1404 invitatos
1995 1340 2272 1421 reperiri
2300 1340 2364 1404 in
2393 1340 2535 1407 loco

306 1476 339 1514 α
376 1453 441 1517 in
469 1472 598 1537 quo
638 1452 920 1518 cadaver
956 1460 1076 1529 est,
1106 1459 1175 1518 et
1213 1451 1448 1518 exinde
1484 1459 1740 1516 tantum
1771 1459 2211 1536 perrecturos,
2244 1473 2328 1518 an
2371 1475 2527 1521 vero

306 1593 336 1628 α
374 1568 660 1634 debeant
696 1568 1014 1633 accedere
1049 1567 1134 1632 ad
1171 1568 1507 1633 eeclesiam
1555 1568 2018 1651 parochialem,
2064 1587 2145 1634 ex
2194 1587 2323 1654 qua
2369 1570 2527 1635 diri·

305 1709 333 1742 a
370 1682 577 1767 genda
611 1681 940 1766 processio
987 1681 1075 1747 ad
1110 1681 1559 1766 accipiendum
1612 1702 1848 1767 corpus
1900 1684 1966 1747 in
2011 1686 2272 1767 propria
2312 1683 2524 1768 domo)

306 1824 335 1857 α
374 1798 805 1864 deferendum
839 1817 980 1863 esse
1019 1797 1508 1881 cousuetudini;
1552 1807 1623 1863 et
1665 1799 1977 1884 (cessante
2023 1799 2522 1882 consuetudine)

304 1939 334 1974 a
373 1912 763 1980 servandum
793 1912 1202 1997 regularibus
1224 1913 1402 1997 quod
1433 1913 1561 1997 jam
1593 1912 1865 1991 dictum,
1903 1921 2134 1996 utpote
2159 1922 2386 1979 contra
2418 1934 2530 1982 eos

304 2059 328 2088 ι
368 2028 679 2108 decisum,
722 2038 962 2095 asserat
1003 2028 1362 2095 Cardinalis
1390 2027 1475 2094 de
1511 2031 1678 2095 Luca
1712 2031 1809 2116 (de
1849 2033 2088 2111 Reque„
2128 2029 2424 2097 discursu
2464 2037 2519 2108 1,

304 2172 334 2206 a
369 2166 436 2211 n.
481 2145 617 2229 61).

394 2285 425 2321 «
469 2262 707 2326 Verum
754 2263 820 2326 in
846 2263 1140 2344 ingressu
1173 2266 1375 2345 portae
1416 2260 1517 2325 vel
1546 2260 1696 2324 atrii
1723 2261 2008 2326 ecclesiae
2043 2262 2381 2345 regularis,
2411 2271 2525 2328 aut

306 2402 336 2437 κ
376 2378 671 2455 alterius,
724 2380 787 2442 in
843 2397 972 2462 qua
1028 2375 1446 2461 sepeliendus
1503 2375 1887 2455 defunctus,
1947 2376 2269 2460 parochus
2337 2398 2524 2444 suum

306 2520 333 2551 «ι
378 2512 611 2558 munus
658 2493 944 2569 dimittit,
987 2492 1280 2576 illudque
1322 2493 1667 2557 reassumit
1707 2492 2024 2557 Proelatus
2065 2493 2250 2558 istius
2295 2493 2526 2561 domus

301 2634 334 2672 a
371 2610 687 2694 regularis
727 2610 855 2695 (vel
900 2610 1060 2675 alius
1105 2608 1421 2692 regularis
1471 2607 1555 2672 de
1602 2608 1744 2692 ejus
1794 2606 2146 2692 mandato),
2187 2609 2293 2676 vel
2355 2610 2525 2677 alter

299 2750 331 2787 α
372 2725 689 2809 parochus
718 2726 1062 2805 saeculariS‚
1102 2726 1157 2790 si
1187 2725 1457 2790 ecclesia
1491 2725 1702 2790 electa
1745 2744 1864 2807 pro
1899 2724 2237 2807 sepultura
2275 2726 2361 2791 sit
2401 2726 2524 2791 alia

302 2864 332 2900 ι
371 2841 771 2924 parochialis,
801 2864 833 2901 »

385 2956 454 3019 4ο
481 2958 709 3021 Potest
741 2956 1062 3040 parochus
1090 2953 1437 3039 prohibere
1470 2954 1877 3037 regularibus
1905 2973 1988 3019 ne
2017 2958 2344 3038 propriam
2384 2977 2528 3021 cru-

291 3092 438 3139 cem
468 3074 719 3157 erigant
749 3075 815 3137 in
844 3072 1271 3150 funeralibus,
1319 3070 1581 3156 quando
1614 3070 1934 3136 cadavera
1965 3090 2094 3135 non
2134 3071 2524 3140 deferuntur

289 3187 374 3255 ad
402 3208 628 3256 eorum
662 3189 990 3254 ecclesias.
1021 3189 1236 3275 (Sacra
1262 3187 1692 3271 Congregatio
1731 3187 2016 3261 Rituum,
2044 3186 2222 3270 apud
2245 3187 2520 3254 Gardel-

288 3306 421 3384 lini,
459 3327 526 3373 n.
565 3308 713 3383 570,
759 3305 844 3370 ad
874 3304 968 3390 4.)

383 3426 450 3485 5⁰
497 3418 868 3487 Dummodo
921 3427 1139 3485 autem
1188 3418 1499 3484 incedant
1546 3420 1684 3484 sine
1735 3436 1930 3483 cruce
1954 3465 1970 3495 ,
2029 3417 2363 3499 prohiberi
2411 3440 2524 3485 ue-

288 3546 539 3621 queunt
567 3558 604 3602 a
650 3535 931 3620 parocho
978 3535 1310 3616 regulares
1358 3554 1439 3600 ne
1468 3533 1555 3598 ad
1593 3531 1787 3598 funus
1817 3535 2049 3612 vocati,
2089 3552 2326 3618 corpus
2352 3554 2525 3600 asso-

291 3655 465 3718 cient
493 3654 773 3736 psalmos
813 3652 898 3718 de
930 3671 1112 3718 more
1143 3651 1459 3717 canendo.
1513 3652 1722 3736 (Sacra
1761 3650 2190 3734 Congregatio
2229 3650 2516 3730 Rituum,

288 3767 466 3852 apud
494 3767 870 3846 Gardelliui,
911 3789 975 3832 n.
1016 3765 1201 3849 684.)

374 3888 444 3951 6⁰
504 3883 834 3950 Parochus
888 3881 1205 3968 impedire
1277 3883 1501 3965 nequit
1567 3884 1720 3965 quin
1790 3882 2357 3949 confraternitates
2421 3884 2523 3949 fu-

286 4018 408 4065 nus
454 4001 793 4067 associent.
847 4000 1059 4083 (Sacra
1106 3998 1532 4082 Congregatio
1589 3997 1876 4075 Rituum,
1912 3997 2088 4081 apud
2136 3996 2514 4077 Gardellini,

288 4132 354 4179 n.
380 4112 564 4190 685.)

378 4238 449 4296 7⁰
479 4229 809 4294 Parochus
831 4247 952 4311 per
974 4227 1158 4313 cujus
1190 4227 1507 4312 paroehioe
1546 4227 1711 4292 fines
1747 4228 1978 4293 transit
2006 4229 2224 4307 funuS,
2270 4229 2520 4295 nullum

276 4347 388 4433 Jus
414 4346 715 4431 acquirit,
743 4364 863 4410 nec
892 4345 1234 4411 transitum
1272 4342 1593 4428 impedire
1623 4350 1860 4426 potest,
1886 4351 1998 4411 aut
2019 4343 2374 4428 quidquam
2409 4347 2521 4409 sti·

282 4462 505 4550 pendii
535 4470 784 4548 petere.
844 4462 1055 4550 (Sacra
1084 4462 1509 4544 congregatio
1548 4460 1837 4536 Rituum,
1870 4460 1935 4524 in
1969 4459 2236 4526 Fanensi
2296 4460 2369 4524 14
2423 4459 2520 4524 fe·
