3146 4973
559 339 682 404 344
1232 352 1607 399 rnacn'rus
1655 352 1742 398 nc
1784 352 2112 400 rAnocno.

654 502 689 541 α
717 482 993 545 Peracto
1030 476 1391 543 secundum
1439 477 1610 542 hanc
1649 478 1993 543 formulam
2038 497 2383 559 concursu,
2421 480 2784 567 collataque

564 616 598 657 «ι
632 596 692 660 ei
722 596 837 679 qui
886 593 1093 676 magis
1133 592 1408 658 idoneus
1448 611 1525 657 ac
1580 591 1837 675 dignior
1870 591 2202 675 judicatus
2251 593 2476 672 fuerit,
2521 596 2788 661 ecclesia

563 694 599 772 οὲε
630 708 1011 793 parochiali,
1046 727 1177 774 non
1204 706 1593 772 admittatur
1628 706 2002 790 appellatio,
2046 714 2159 771 aut
2201 727 2238 772 a
2276 708 2447 772 mala
2475 710 2788 776 relatione

564 848 600 887 «
631 826 1165 902 examinatorum,
1192 831 1305 888 aut
1340 823 1421 889 ab
1453 822 1879 888 irrationabili
1900 819 2146 907 judicio
2176 823 2493 907 Episcopi,
2542 825 2661 888 nisi
2701 826 2793 888 in-

563 964 599 1002 «
632 950 734 1007 tra
765 941 997 1006 decem
1030 939 1174 1005 dies
1204 959 1241 1004 a
1271 939 1378 1004 die
1410 938 1773 1004 collationis
1806 937 2285 1020 interponatur.

651 1079 686 1118 α
720 1056 785 1120 Si
810 1056 954 1138 quis
974 1061 1195 1121 autem
1226 1055 1349 1120 hoc
1365 1056 1535 1118 intra
1553 1055 1838 1136 spatium
1861 1054 2314 1138 appellaverit,
2345 1062 2619 1140 actaque
2643 1074 2795 1121 con·

565 1194 600 1233 α
636 1190 864 1237 cursus
893 1176 1079 1254 petat
1109 1169 1194 1234 ad
1219 1168 1511 1254 judicem
1546 1169 1996 1251 appellationis
2028 1167 2508 1247 transferenda,
2540 1171 2794 1235 mittan-

566 1311 598 1347 «
642 1295 755 1354 tur
793 1285 900 1350 vel
927 1292 1073 1349 acta
1110 1285 1249 1368 ipsa
1291 1284 1626 1367 originalia
1666 1301 2018 1348 concursus
2058 1283 2294 1360 clausa,
2324 1292 2392 1349 et
2433 1284 2787 1368 obsignata,

565 1424 600 1462 «r
639 1402 747 1466 vel
781 1408 966 1465 certe
1016 1417 1218 1464 unum
1268 1397 1532 1482 aliquod
1585 1398 2035 1463 authenticum
2065 1417 2289 1465 eorum
2322 1401 2720 1484 exemplum,
2756 1421 2793 1465 a

569 1538 603 1575 «
636 1535 833 1581 cauce
846 1515 1034 1581 llario
1058 1532 1440 1591 concursus,
1475 1520 1671 1597 atque
1702 1513 1910 1578 altero
1937 1514 2189 1579 notario
2220 1513 2650 1592 collatum,.et
2688 1535 2797 1580 au-

569 1653 603 1693 «
639 1631 995 1695 scultatum
1035 1647 1250 1694 coram
1279 1628 1544 1704 vicario,
1581 1628 1687 1692 vel
1740 1628 1864 1692 alio
1900 1629 1965 1691 in
2011 1629 2449 1693 ecclesiastica
2488 1628 2804 1714 dignitate

570 1767 606 1805 ι(
642 1746 1025 1822 constituto,
1075 1761 1272 1828 quem
1307 1743 1502 1826 eligat
1545 1740 1953 1820 ordinarius,
1987 1740 2073 1806 ad
2099 1762 2294 1829 quem
2334 1745 2531 1808 etiam
2563 1746 2798 1810 notarii

572 1881 607 1920 «
645 1859 1033 1925 cancellario
1060 1855 1459 1942 adjungendi
1507 1857 1743 1922 electio
1789 1857 2183 1941 pertinebit3
2232 1878 2485 1924 necnon
2527 1859 2608 1924 ab
2653 1879 2802 1925 exa·

574 1996 608 2035 «
650 1974 1074 2040 minatoribus
1108 1970 1559 2056 synodalibuS,
1594 1972 1704 2055 qui
1756 1974 2100 2038 concursui
2146 1973 2609 2049 interfuerunt,
2650 1974 2807 2038 suh-

575 2113 609 2152 «
641 2090 975 2172 scriptum.

667 2230 699 2265 «
734 2207 828 2271 Ex
856 2205 1092 2290 quibus
1123 2205 1305 2284 actis,
1341 2205 1447 2269 vel
1475 2203 1851 2269 authentico
1885 2222 2112 2269 eorum
2145 2206 2468 2288 exemplo,
2505 2207 2622 2270 nisi
2659 2225 2806 2290 gra-

575 2304 609 2382 ‹'‹
651 2339 883 2385 vamen
922 2317 1140 2404 quoad
1171 2317 1534 2384 doctrinam
1566 2319 1804 2403 probet
1846 2320 1920 2396 ia,
1955 2319 2070 2402 qui
2094 2319 2207 2395 sic,
2245 2326 2319 2384 ut
2357 2321 2798 2402 praemittitur,

578 2458 612 2495 α
645 2435 1065 2513 examinum,
1093 2440 1209 2498 aut
1230 2451 1267 2497 a
1294 2433 1461 2501 mala
1493 2434 1811 2499 relatione
1839 2435 2377 2513 examinatorum,
2411 2444 2524 2504 aut
2551 2435 2812 2503 ahirra·

582 2573 615 2609 α
649 2549 941 2615 tionabili
997 2550 1244 2635 judicio
1293 2550 1595 2633 Episcopi
1639 2549 2088 2633 appellaverit,
2127 2570 2366 2615 novum
2398 2551 2483 2617 ad
2532 2571 2810 2618 examen

580 2689 612 2726 «
655 2665 1058 2750 provocandi
1104 2666 1486 2731 facultatem
1527 2685 1563 2728 a
1610 2666 1801 2730 Sacra
1846 2665 2357 2750 congregatione
2404 2668 2645 2735 frustra
2695 2687 2812 2752 po·

582 2803 616 2840 «
651 2780 946 2846 stulabit.

672 2892 1302 2975 «Quemadmodum
1356 2901 1427 2961 et
1475 2898 1540 2959 in
1588 2894 1831 2980 judicio
1882 2896 2334 2979 appellationis
2370 2899 2668 2981 persequi
2707 2897 2813 2983 jus

584 3033 616 3071 α
649 3028 836 3075 suum
869 3010 1115 3075 frustra
1140 3010 1424 3076 tentabit
1455 3011 1528 3088 ia,
1565 3011 1678 3095 qui
1701 3010 1877 3075 forte
1898 3029 1966 3075 se
1991 3018 2328 3093 gravatum
2359 3010 2577 3078 doleat
2597 3012 2812 3097 quoad

584 3149 617 3184 a
654 3125 925 3211 reliqua,
964 3126 1105 3202 nisi,
1129 3125 1513 3209 interposita
1544 3134 1826 3202 mature,
1856 3133 1931 3190 ut
1962 3123 2210 3191 dictum
2231 3132 2353 3204 est,
2382 3126 2810 3210 appellatione

586 3265 619 3300 α
662 3240 746 3306 ab
774 3241 1198 3307 irrationabili
1229 3240 1473 3325 judicio
1504 3241 1825 3325 Episcopi,
1848 3259 2198 3323 gravamen
2228 3241 2445 3326 quoad
2471 3241 2578 3307 illa
2599 3248 2815 3308 osten-

595 3381 628 3417 «
664 3356 862 3435 derit,
903 3357 1011 3421 vel
1052 3375 1134 3422 ex
1174 3356 1333 3421 actis
1379 3355 1573 3440 primi
1614 3374 1990 3433 concursus,
2025 3356 2132 3421 vel
2164 3356 2395 3423 saltem
2432 3376 2514 3421 ex
2549 3363 2816 3422 attesta-

587 3453 620 3530 ἑ(
656 3473 940 3538 tionibus
991 3477 1060 3536 et
1096 3470 1527 3549 documentiS,
1575 3471 2180 3555 extrajudicialibus
2240 3474 2459 3551 etiam,
2511 3472 2629 3538 sed
2683 3491 2814 3539 non

590 3613 621 3647 «
653 3586 933 3653 levibuS.
954 3585 1165 3669 Atque
1198 3586 1288 3651 ita
1326 3585 1595 3670 quidem
1636 3586 1833 3650 sensit
1864 3587 2051 3652 Sacra
2080 3588 2529 3671 Congregatio,
2559 3595 2626 3653 et
2653 3588 2814 3653 San·

592 3723 623 3760 a
666 3701 987 3766 ctissimus
1017 3701 1311 3765 assensit.

679 3837 712 3873 α
739 3813 820 3881 At
848 3815 903 3879 si
930 3814 1073 3900 quis
1094 3822 1314 3879 tamen
1339 3813 1839 3882 Ordinariorum
1867 3817 2080 3894 aliter,
2096 3837 2169 3883 ac
2193 3831 2388 3900 supra
2412 3816 2814 3901 descriptum

592 3951 625 3988 «
657 3936 779 4006 est,
811 3932 1341 3995 concurrentium
1373 3933 1665 3997 examina
1699 3931 2039 3997 instituere
2063 3934 2452 4015 perrexerit,
2486 3938 2721 4016 perget
2749 3938 2819 3996 et

592 4069 621 4103 α
658 4046 848 4110 Sacra
878 4048 1017 4131 ipsa
1060 4046 1491 4131 congregatio
1534 4065 1717 4112 more
1755 4048 2029 4132 pristino
2062 4047 2559 4131 appellantibuS,
2599 4047 2708 4131 qui
2747 4066 2818 4113 se

590 4183 622 4219 «ι
667 4168 970 4242 gravatos
997 4158 1309 4238 dixerint,
1354 4163 1885 4245 provocationem
1918 4162 2002 4229 ad
2045 4181 2278 4228 novum
2308 4181 2602 4240 examen,
2640 4161 2820 4227 nulla

591 4298 622 4334 «
659 4274 1040 4359 gravaminis
1092 4275 1333 4359 praevia
1379 4275 1786 4360 probatione,
1830 4274 2199 4362 indulgere.
2244 4277 2511 4344 Interim
2566 4284 2810 4350 tamen,

595 4417 621 4446 α
662 4410 743 4455 ne
773 4389 1003 4455 harum
1041 4389 1410 4457 litterarum
1450 4392 1762 4455 memoria
1793 4390 2141 4468 dilabatur,
2183 4394 2326 4459 vult
2358 4392 2588 4459 eadem
2619 4392 2811 4456 Sacra
