3146 4973
1255 362 1413 411 uns
1454 364 1714 412 ‘run-u.
2463 355 2591 419 413

372 510 403 546 «
435 486 591 554 inde
642 496 861 554 tamen
897 483 1144 572 aliquid
1171 494 1399 552 contra
1451 488 1932 556 conclusionem
1981 491 2046 556 in
2088 496 2396 576 praesenti
2445 515 2598 562 casu

362 626 403 663 α
440 601 764 669 firmatam
794 603 1026 669 inferri
1062 610 1280 687 potest
1323 623 1338 668 ε
1372 604 1543 688 quia,
1576 603 1753 671 ultra
1783 605 1962 690 quod
1997 608 2138 691 ipsa
2169 609 2597 695 congregatio

370 742 404 777 a
440 715 511 783 id
544 726 761 785 totum
798 718 1065 785 arbitrio
1107 725 1178 785 et
1212 716 1581 801 prudentiae
1629 719 1957 786 Ordinarii
2002 723 2305 804 remittit,
2333 727 2598 792 termini

368 857 404 896 α
436 843 591 901 sunt
614 837 807 921 longe
840 835 1169 920 dispares:
1206 852 1354 899 nam
1388 834 1480 899 ibi
1508 854 1641 903 non
1672 836 2010 904 constabat
2046 838 2227 924 quod
2259 839 2308 905 ii
2337 841 2598 924 cappel-

368 973 403 1012 «
437 951 568 1015 lani
598 958 815 1017 essent
845 949 1219 1017 amoribiles
1244 946 1332 1014 ad
1372 956 1603 1016 nutum
1633 957 1828 1034 ipsius
1857 956 2220 1036 Episcopi...
2257 955 2486 1039 Neque
2515 972 2598 1020 eo

374 1089 407 1127 a
448 1084 601 1131 casu
636 1064 1002 1132 docebatur
1036 1063 1121 1132 de
1148 1070 1331 1152 quasi
1368 1067 1773 1149 possessione
1806 1067 2189 1136 removendi
2233 1068 2319 1135 ad
2363 1077 2596 1136 nutum

371 1204 404 1243 α
448 1182 584 1246 sine
620 1200 835 1261 causa,
870 1190 1069 1266 prout
1089 1181 1169 1248 fit
1198 1185 1267 1248 in
1291 1185 1598 1269 proesenti
1620 1202 1855 1250 casu...

463 1325 491 1355 a
536 1298 738 1363 Sicuti
796 1300 993 1364 etiam
1060 1299 1267 1366 altera
1338 1300 1697 1367 declaratio
1753 1300 1844 1386 (in
1903 1319 2033 1365 una
2100 1303 2454 1383 Hispalam
2511 1300 2598 1369 de

373 1439 405 1476 α
445 1432 612 1479 anno
667 1411 859 1498 1626)
891 1415 1135 1480 nonita
1170 1418 1632 1483 universaliter
1659 1412 1980 1499 procedit,
2013 1412 2139 1479 sed
2169 1417 2238 1480 in
2273 1433 2429 1482 casn
2454 1431 2599 1501 spe-

370 1553 404 1592 «
448 1530 592 1596 ciali
623 1530 1016 1596 monialium.
1060 1532 1262 1598 Multa
1312 1533 1484 1598 enim
1549 1530 1949 1598 considerari
1982 1538 2256 1614 possunt
2287 1530 2599 1598 inconve-

372 1669 405 1706 α
440 1647 704 1724 nientia,
751 1646 805 1709 si
848 1647 1267 1729 permittatur
1302 1647 1692 1714 monialibus
1734 1645 2010 1713 remotio
2055 1646 2599 1740 confeaeariorum

378 1790 407 1821 ιι
440 1780 556 1828 seu
584 1769 963 1828 curatorum
992 1762 1077 1829 ad
1101 1783 1326 1831 earum
1350 1762 1633 1840 libitum,
1659 1780 1806 1847 quoe
1828 1762 2090 1828 minime
2113 1764 2332 1829 locum
2354 1761 2602 1828 hahent

378 1901 410 1937 a
448 1877 514 1941 in
552 1875 1053 1962 Archiepiscopo
1075 1927 1091 1956 ,
1139 1879 1246 1944 cui
1297 1897 1456 1944 cura
1497 1877 1946 1963 principaliter
1983 1877 2315 1944 incumbat
2360 1878 2600 1943 anima-

376 2016 410 2054 «
443 2009 614 2058 rum.

464 2133 499 2169 α
534 2110 812 2176 Demum
828 2127 958 2175 non
979 2109 1196 2177 obstat
1213 2118 1575 2194 praetextus
1603 2107 2143 2192 indignationis...
2168 2108 2334 2175 Satis
2357 2107 2599 2192 justam

373 2246 407 2284 κ
442 2222 635 2290 reddi
661 2224 837 2290 illius
861 2222 1372 2310 indignationem
1403 2222 1712 2292 dicebant
1749 2224 2094 2289 Domini...

462 2363 495 2400 α
529 2340 612 2404 Et
639 2337 790 2406 ideo
820 2341 1054 2406 merito
1088 2340 1399 2408 standum
1423 2357 1565 2406 esse
1599 2338 1667 2402 in
1696 2337 1950 2416 decide,
1978 2346 2259 2422 utraque
2287 2346 2473 2423 parte
2504 2338 2600 2401 in-

371 2476 405 2515 «
448 2452 847 2519 formante.»
884 2453 1102 2540 (Tomo
1142 2457 1201 2533 l,
1227 2456 1430 2539 partis
1457 2458 1498 2522 9
1534 2458 1970 2535 uenenum-um,
2011 2471 2156 2539 pag.
2186 2454 2369 2539 240.)

1382 2731 1412 2802 5
1462 2724 1578 2787 ΙΙΙ.

369 2947 608 3005 Quomodo
635 2947 907 2997 resolvenda
934 2944 1146 2996 videatur
1172 2948 1386 3009 quaestio,
1410 2961 1468 2995 an
1492 2947 1683 3008 parochi
1714 2946 1771 2993 ad
1801 2952 1965 2994 nutum
1996 2946 2268 2995 amoribiles
2296 2947 2479 3008 possint
2497 2947 2599 2995 sinc

1292 3052 1435 3088 causa
1454 3052 1680 3089 revocari.

458 3270 854 3336 Pnorosl'rlo
881 3270 961 3335 1⁸.
992 3305 1085 3316 —
1108 3272 1219 3334 Est
1250 3271 1326 3331 de
1352 3274 1610 3331 essentia
1645 3268 2098 3347 manuamatis,
2128 3275 2198 3330 ut
2218 3269 2411 3348 possit
2441 3269 2603 3331 hmo-

370 3385 611 3461 fioiatus
643 3389 907 3467 leqv'time
934 3390 1204 3449 revocari
1223 3390 1352 3447 sine
1377 3404 1581 3447 causa.
1608 3420 1699 3432 -—
1726 3382 2125 3449 Beneficium
2157 3381 2456 3447 manuale
2485 3379 2604 3447 de·-

366 3498 514 3564 finit
545 3499 870 3568 Gonzalez
906 3522 921 3565 t
963 3526 991 3561 α
1038 3499 1213 3567 Illud
1250 3498 1431 3585 quod
1471 3516 1602 3566 non
1646 3498 1987 3565 confertur
2027 3498 2219 3564 alicui
2255 3494 2324 3562 in
2363 3516 2602 3582 perpe-

375 3637 408 3673 α
442 3622 655 3694 tuum,
690 3615 811 3682 sed
841 3620 925 3681 ad
955 3625 1169 3681 nutum
1220 3616 1622 3683 conferentis
1672 3616 1780 3681 vel
1824 3615 2130 3698 alterius3
2171 3621 2250 3678 ut
2280 3634 2394 3696 pro
2430 3616 2603 3677 libito

375 3752 407 3787 a
442 3727 609 3794 illius
626 3733 915 3798 amoveri
934 3732 1136 3816 possit
1168 3728 1718 3817 quandocumque
1748 3737 1820 3795 et
1847 3726 2456 3814 quomodocumque
2487 3748 2602 3794 vo-

374 3867 407 3905 «
441 3843 661 3910 luerit.
702 3868 734 3907 ι
774 3847 874 3933 (In
915 3847 1211 3931 regulam
1265 3850 1305 3911 8
1346 3845 1769 3920 cancellum,
1829 3844 2040 3928 glossa
2096 3847 2156 3921 5,
2214 3849 2245 3922 5
2284 3847 2350 3921 6,
2397 3864 2464 3908 n.
2501 3844 2596 3929 2.)

376 3984 411 4021 α
442 3962 844 4040 Manualitas‚
878 3963 1090 4049 inquit
1119 3962 1443 4039 Lotterus,
1479 3979 1623 4047 quoe
1651 3958 2123 4043 jurisconsultis
2143 3957 2319 4024 dicta
2349 3967 2452 4025 est
2477 3980 2603 4024 nm·

375 4100 407 4139 c<
442 4098 624 4141 nuum
670 4084 932 4162 injectio,
970 4078 1133 4143 nihil
1178 4084 1279 4143 est
1309 4074 1492 4144 aliud
1527 4095 1722 4162 quam
1770 4076 1892 4152 rei,
1927 4082 2003 4140 ut
2023 4072 2190 4158 juris
2223 4075 2453 4153 nostri,
2494 4094 2601 4159 ap·

374 4218 405 4255 α
442 4192 926 4278 prehendendae
964 4193 1496 4280 abducendaeque
1527 4193 1887 4260 facultas...
1926 4192 2022 4257 Ex
2052 4210 2184 4276 quo
2214 4191 2601 4277 intelligitur

373 4333 406 4371 a
440 4309 606 4376 illud
657 4329 798 4378 esse
845 4311 1235 4379 beneficium
1284 4311 1607 4388 manuale,
1668 4307 1846 4395 quod
1896 4309 2198 4392 superior
2211 4355 2229 4386 ,
2283 4310 2394 4394 qui
2435 4306 2600 4373 illud

374 4449 407 4489 c«
440 4426 738 4505 contulit,
781 4444 893 4508 pro
937 4429 1108 4491 libito
1152 4426 1234 4494 ad
1283 4444 1542 4494 manum
1572 4442 1752 4492 suam
1783 4431 1999 4508 potest
2035 4441 2372 4490 revocure.
2408 4445 2442 4485 n
2488 4423 2599 4509 (De
