3146 4973
1247 348 1405 399 rans
1450 349 1710 399 mam.
2462 335 2588 399 343

363 496 396 534 α
429 474 564 540 sive
607 492 756 540 cum
800 478 986 538 vacat
1025 472 1411 556 parochialis
1455 474 1691 561 aliqua,
1746 481 1819 538 ut
1866 471 2129 553 dicitur,
2154 475 2341 563 juxta
2370 473 2597 543 decre-

362 610 395 649 «
432 595 597 665 tum,
633 588 769 653 sive
809 585 1101 665 demum,
1140 606 1313 664 cum,
1359 596 1634 657 vacante
1671 590 1741 655 in
1797 589 2173 675 collegiatis,
2216 597 2331 655 aut
2381 588 2593 657 cathe-

361 726 394 766 α
426 702 720 769 dralibus
745 703 1030 769 ecclesiis
1062 702 1375 788 dignitate
1410 704 1626 789 aliqua
1666 704 1918 789 majori,
1960 723 2277 770 annexam
2307 702 2590 773 habente

360 841 395 880 a
435 836 660 884 curam
683 820 1062 895 animarum,
1089 817 1427 885 faciendus
1463 826 1566 884 est
1596 838 1968 896 concursuS,
2004 823 2199 904 atque
2227 817 2314 883 ad
2332 817 2594 903 Aposto-

362 955 394 995 α
428 933 614 998 licam
666 930 980 998 datariam
1014 933 1580 1015 transmittendus,
1629 943 1707 999 ut
1749 942 1976 1001 notum
2009 940 2130 1013 est,
2173 942 2369 1018 atque
2402 933 2471 998 in
2493 932 2593 998 lit-

362 1069 395 1108 «
429 1048 609 1125 teriS‚
653 1066 795 1133 quae
832 1047 915 1113 de
961 1047 1189 1114 ordine
1233 1050 1624 1119 sanctissimi
1667 1058 1825 1116 tunc
1866 1070 1903 1115 e
1946 1049 2192 1117 dataria
2228 1048 2582 1134 prodeunt,

363 1182 397 1221 «
433 1162 602 1229 clare
630 1162 1102 1247 praescribitur.

451 1299 484 1337 α
521 1279 803 1347 Vacante
859 1278 1077 1363 itaque
1126 1279 1396 1345 ecclesia
1433 1280 1817 1362 parochiali,
1868 1298 2009 1365 quae
2051 1277 2449 1346 conferenda
2508 1280 2590 1343 sit

360 1413 396 1451 α
428 1411 551 1476 per
577 1411 986 1471 concursum,
1016 1401 1213 1479 atque
1248 1392 1372 1460 hoc
1400 1394 1605 1461 solitis
1634 1395 1932 1461 formulis
1963 1394 2228 1472 indicto,
2269 1392 2406 1460 haec
2443 1411 2586 1478 quae

360 1530 395 1567 «
426 1516 812 1593 sequuntur,
886 1526 970 1573 ex
1034 1509 1242 1575 Sacrae
1309 1509 1839 1594 congregationis
1902 1511 2244 1586 sententia,
2296 1506 2582 1585 oonsilio,

361 1644 393 1683 «
425 1624 740 1703 suasione,
787 1622 1110 1691 servanda
1142 1632 1601 1707 proponuntur
1644 1647 1656 1690 :

449 1758 482 1798 c<
512 1735 802 1802 Primum
834 1756 1095 1822 nempe,
1132 1746 1208 1802 ut
1244 1740 1654 1821 assignentur
1694 1729 2275 1805 eaedem‘omuihus
2316 1757 2588 1807 concur-

359 1877 387 1909 «
423 1851 718 1919 rentibus
744 1853 1154 1937 quaestiones,
1198 1851 1396 1919 iidem
1427 1872 1635 1930 casus,
1670 1852 1998 1939 iidemque
2044 1859 2266 1920 textus
2296 1853 2587 1937 Evange-

354 1990 389 2029 «
421 1968 509 2045 lii,
556 1986 756 2052 super
791 1988 921 2054 quo
959 1970 1276 2035 sermonis
1316 1967 1560 2054 aliquid
1596 1968 2027 2052 perscribant,
2057 1968 2142 2034 ad
2179 1966 2585 2053 probandam

358 2108 388 2143 α
426 2082 686 2150 dicendi
722 2103 843 2168 pro
874 2087 1182 2152 concione
1216 2086 1622 2151 facultatem.

446 2222 481 2263 c<
516 2200 832 2280 Alterum,
872 2209 947 2267 ut
990 2221 1175 2269 casus
1232 2209 1302 2267 et
1354 2202 1744 2287 quaestiones
1783 2198 2188 2267 resolvendas
2250 2199 2586 2267 dictentur

356 2338 389 2377 a
425 2316 721 2384 omnibus
772 2316 1007 2389 eodem
1054 2322 1376 2400 tempore,
1427 2322 1623 2400 atque
1690 2316 1987 2383 omnibus
2044 2316 2294 2400 pariter
2349 2314 2583 2383 eodem

354 2454 387 2494 «
421 2437 718 2516 tempore
761 2437 980 2502 textus
1013 2431 1345 2516 Evangelii
1371 2430 1696 2500 tradatur.

444 2572 472 2604 «ι
512 2548 831 2626 Tertium,
874 2555 950 2612 ut
981 2553 1237 2613 certum
1270 2547 1577 2633 idemque
1615 2547 1916 2614 omnibus
1960 2546 2237 2632 spatium
2272 2547 2583 2631 temporis

351 2688 385 2725 α
422 2665 875 2742 constituatur,
922 2663 1093 2728 intra
1132 2661 1310 2750 quod
1349 2681 1533 2730 casus
1570 2663 1922 2740 resolvant,
1980 2661 2442 2748 quaestionibus
2479 2681 2582 2727 re·

350 2801 387 2841 α
418 2776 806 2862 spondeant,
852 2778 1337 2844 conciunculam
1382 2784 1797 2860 componant.

439 2917 471 2954 «
507 2893 848 2974 Quartum,
915 2899 990 2957 ut
1054 2890 1290 2957 eodem
1364 2897 1833 2960 concurrentes
1882 2907 2106 2957 omnes
2155 2889 2219 2954 in
2289 2889 2580 2956 conclavi

347 3031 381 3072 α
418 3008 833 3084 claudantur,
875 3005 1051 3073 unde
1089 3004 1401 3092 quamdiu
1430 3004 1721 3072 scribent
1761 3003 2049 3091 (dabitur
2079 3004 2251 3069 enim
2283 3004 2580 3070 omnibus

348 3145 382 3184 α
414 3120 745 3189 scribendi
772 3119 978 3207 copia)
1011 3140 1204 3188 nemo
1249 3139 1475 3186 eorum
1509 3117 1757 3205 egredi,
1818 3137 2029 3204 neque
2066 3119 2231 3184 alius
2262 3120 2575 3203 quispiam

349 3261 384 3301 α
418 3258 498 3305 eo
534 3237 792 3323 ingredi
820 3240 1047 3324 possit,
1079 3239 1198 3304 nisi
1227 3243 1570 3320 postquam
1589 3235 1829 3318 scripta
1855 3234 2278 3312 confecerint,
2310 3241 2380 3300 et
2409 3234 2576 3298 exhi-

347 3375 381 3416 «
413 3353 697 3421 buerint.

442 3492 476 3529 «
507 3470 841 3553 Quintum,
886 3477 960 3535 ut
989 3487 1213 3536 omnes
1248 3487 1363 3533 sua
1390 3469 1666 3554 quisque
1694 3485 1889 3532 manu
1920 3473 2065 3533 tum
2088 3482 2417 3551 responsa,
2440 3471 2578 3529 tum

352 3611 384 3647 «
429 3605 793 3654 sermonem
821 3586 1113 3652 scribant
1139 3583 1702 3669 subscribantque.

445 3724 480 3761 «
509 3702 801 3778 Sextum,
835 3708 911 3764 ut
934 3718 1240 3784 responsa
1273 3697 1537 3783 quidem
1565 3699 1788 3777 latine,
1823 3717 2036 3765 sermo
2064 3703 2282 3764 autem
2329 3715 2405 3762 ea
2450 3715 2576 3782 qua

356 3839 390 3876 «
424 3815 509 3882 ad
536 3816 849 3902 populum
870 3814 1097 3882 baberi
1123 3815 1292 3880 solet
1317 3815 1537 3897 lingua
1564 3813 1909 3878 scribatur.

444 3955 478 3992 a
513 3934 945 4010 Postremum,
972 3938 1047 3996 ut
1068 3927 1578 4014 unumquodque
1608 3946 2011 4011 responsum,
2041 3934 2110 3993 et
2137 3928 2576 4011 unusquisque

354 4071 388 4107 «
427 4065 662 4126 sermo,
701 4066 850 4114 cum
881 4047 963 4116 ab
988 4063 1378 4131 unoquoque
1414 4043 1946 4112 concurrentium
1976 4039 2415 4120 exhibebitur,
2451 4060 2578 4106 non

328 4187 390 4223 -«
426 4163 636 4232 solum
662 4164 744 4230 ab
777 4182 855 4230 eo
884 4163 995 4250 qui
1028 4162 1308 4248 scripsit,
1341 4167 1534 4245 atque
1568 4180 1605 4225 a
1635 4158 2021 4225 cancellario
2057 4176 2431 4235 concursus,
2469 4178 2581 4222 ve·-

355 4301 389 4340 «
432 4298 580 4347 rum
609 4280 806 4346 etiam
835 4278 918 4345 ab
946 4276 1514 4352 examinatoribuS,
1544 4283 1613 4342 et
1652 4274 1735 4342 ab
1767 4272 2132 4350 Ordinatio,
2172 4276 2276 4341 vel
2313 4272 2453 4358 ejus
2484 4275 2581 4337 vi-

357 4419 391 4455 «
429 4396 622 4474 cario,
657 4396 767 4482 qui
800 4395 1145 4463 concursui
1176 4392 1644 4470 interfuerunt,
1683 4390 2148 4457 subscribatur.
