3146 4973
1264 414 1418 463 rsus
1455 416 1715 463 Tanna.
2478 402 2605 468 439

466 538 574 602 IV.
612 535 941 620 Impedito
986 537 1295 621 parocho,
1329 544 1601 604 tenetur
1654 535 2001 622 coadjutor
2040 540 2372 623 supplere,
2412 549 2608 625 prout

375 652 650 737 requirit
686 649 910 717 dehita
947 654 1309 718 animarum
1356 672 1537 718 cura.
1593 650 1780 738 (Vide
1829 651 2246 732 Leurenium‚
2290 660 2606 723 tractatus

371 771 446 830 de
474 770 905 850 emmonis,
942 786 1006 851 q.
1039 770 1194 846 380,
1236 788 1302 833 n.
1339 766 1434 852 2.)

462 885 538 946 V.
582 880 935 967 coadjutor
964 885 1315 968 requisitus
1351 904 1389 948 a
1436 883 1767 969 coadjuto,
1814 892 1888 951 ut
1928 884 2194 970 aliquod
2231 904 2466 953 munus
2493 906 2606 971 pa-

372 997 653 1064 rochiale
693 998 909 1074 obeat,
945 1005 1217 1063 tenetur
1244 998 1314 1063 id
1344 1008 1697 1082 praestare3
1746 1000 2044 1084 quamvis
2081 998 2458 1084 coadjutum
2498 1018 2607 1067 ne-

369 1131 693 1199 quaquam
730 1111 1103 1196 impeditae,
1146 1112 1307 1178 illud
1352 1114 1562 1197 ipsum
1613 1114 1815 1197 possit
1863 1115 2001 1198 ipse
2049 1132 2392 1200 peragere.
2439 1113 2603 1181 Vide

367 1229 780 1305 Leurenium‚
809 1229 954 1293 loco
987 1228 1204 1306 citato,
1235 1248 1302 1291 n.
1335 1231 1401 1293 3.

458 1344 567 1408 vl.
604 1347 747 1407 Tam
770 1347 1102 1425 coadjutor,
1122 1362 1297 1423 quam
1328 1345 1643 1424 coadjutus
1659 1345 1961 1423 parochus
1990 1347 2074 1406 ad
2103 1347 2491 1408 residentiam
2522 1353 2602 1409 tc·

369 1469 606 1524 nentur.
640 1497 727 1507 --
746 1458 826 1523 Id
854 1456 1146 1523 traditur
1177 1459 1570 1523 unanimiter
1596 1478 1634 1522 a
1660 1459 2005 1523 canonistis
2032 1481 2048 1543 3
2080 1466 2150 1524 et
2179 1459 2304 1524 fuit
2341 1478 2378 1524 a
2405 1460 2602 1527 Sacra

369 1575 882 1659 congregatione
932 1573 1197 1639 Concilii
1248 1571 1572 1655 decisum3
1625 1580 1822 1655 prout
1886 1574 2062 1639 inter
2118 1574 2274 1640 alios
2320 1580 2601 1642 testatur

368 1690 653 1755 Barbosa
676 1690 743 1753 in
772 1689 945 1754 hunc
977 1686 1244 1752 modum
1282 1709 1294 1751 ε
1338 1710 1369 1748 α
1404 1689 1737 1753 Tenentur
1779 1686 2191 1772 coadjutores
2225 1685 2600 1774 hujusmodi

378 1829 408 1862 t<
439 1802 525 1871 ad
556 1804 960 1887 personalem
1002 1802 1440 1880 residentiam,
1485 1804 1654 1867 sicut
1703 1810 1995 1869 rectores
2041 1805 2182 1886 ipsi,
2232 1811 2309 1869 ut
2344 1804 2597 1870 censuit

375 1944 406 1980 α
440 1919 629 1983 Sacra
669 1917 1095 2001 congregatio
1129 1917 1478 1983 Concilii...
1513 1919 1847 1981 Tenentur
1882 1918 2080 1983 etiam
2122 1917 2409 2003 coadjuti
2446 1920 2596 1984 resi·

371 2057 403 2090 «
437 2031 620 2098 dere.
661 2032 847 2097 Licet
894 2032 1064 2098 enim
1120 2029 1462 2115 coadjutor
1521 2033 1775 2096 ratione
1817 2031 2205 2098 infirmitatis
2233 2031 2499 2116 parochi
2535 2032 2594 2098 ei
2713 2033 2720 2040 '

371 2172 401 2204 κ
443 2146 634 2212 datus
651 2146 906 2223 fuisset,
932 2144 1341 2211 nihilominus
1368 2144 1692 2228 parochus
1716 2144 2063 2231 coadjutus
2078 2146 2280 2213 dehet
2301 2145 2592 2213 residere

371 2289 401 2320 α
434 2264 502 2327 in
538 2263 704 2338 1000,
752 2263 865 2328 ubi
914 2262 1035 2326 sita
1076 2269 1177 2326 est
1213 2260 1488 2326 ecclesia
1537 2261 1960 2346 parochialis3
2015 2264 2182 2327 sicut
2232 2262 2593 2329 declaravit

373 2405 403 2437 «
445 2377 673 2445 eadem
708 2380 897 2445 Sacra
926 2376 1354 2460 congregatio
1383 2374 1731 2439 Concilii...
1780 2376 1880 2441 Sic
1927 2377 2123 2442 etiam
2158 2378 2210 2442 si
2252 2375 2592 2463 coadjutor

371 2522 401 2555 α
437 2495 636 2563 detur
674 2496 939 2562 inhabili
989 2503 1058 2561 et
1104 2495 1458 2570 illitterato,
1491 2491 1838 2578 coadjutus
1880 2513 2001 2579 per
2035 2494 2158 2561 hoc
2197 2496 2425 2561 abesse
2460 2512 2590 2562 non

368 2640 395 2669 a
432 2614 701 2696 poterit,
738 2633 821 2678 ne
851 2614 934 2678 sit
969 2612 1253 2678 melioris
1282 2608 1675 2675 conditionis
1703 2611 1944 2677 stultus
1980 2631 2176 2698 quam
2208 2612 2537 2677 litteratus
2568 2633 2582 2676 :

368 2754 399 2789 α
437 2728 667 2795 eadem
703 2730 893 2794 Sacra
925 2728 1381 2812 Congregatio.
1404 2748 1437 2788 n
1485 2727 1815 2813 (Barbosa,
1853 2731 1929 2792 cle
1959 2730 2251 2807 Parocho,
2286 2745 2434 2793 cum
2467 2730 2588 2791 Ad-

362 2847 480 2909 dit.
511 2843 783 2925 Giraldi‚
824 2863 965 2928 cap.
1001 2847 1109 2922 22,
1154 2861 1218 2907 n.
1260 2845 1333 2909 14
1376 2849 1445 2908 et
1477 2839 1611 2926 15.)

449 2959 736 3025 Ferraria
789 2961 969 3046 (voce
1021 2962 1373 3041 coadjutor,
1418 2977 1484 3020 n.
1527 2955 1637 3041 37)
1680 2957 1890 3024 refert
1939 2959 2392 3043 obligationem
2423 2959 2584 3026 resi-

361 3074 562 3142 dendi
593 3074 807 3161 quoad
832 3074 1184 3160 parochum
1219 3071 1597 3159 coadjutum
1626 3071 1909 3139 decisam
1946 3074 2143 3141 fuisse
2180 3075 2279 3141 his
2308 3074 2525 3141 verbis
2562 3097 2575 3138 ε

362 3194 619 3271 Propter
647 3194 1087 3274 deputationem
1122 3192 1512 3271 coadjutoris,
1546 3188 1865 3268 parochus,
1905 3193 2004 3250 cui
2032 3192 2238 3265 datter,
2279 3208 2398 3252 non
2417 3194 2583 3269 poto-

364 3311 449 3367 rit
475 3307 671 3368 abesse
704 3327 743 3369 a
775 3309 1124 3370 residentia.
