3146 4973
633 327 758 388 592
1308 338 1684 386 'rualem-rus
1733 339 1817 384 ot:
1862 337 2188 385 minoem.

628 485 818 553 quam
861 464 1118 532 addunt
1143 464 1227 530 de
1263 466 1649 531 necessitate
1681 462 2080 541 celebrandi,
2120 463 2226 529 vel
2254 482 2401 529 eum
2435 472 2615 530 certa
2645 464 2853 549 aliqua

630 584 1062 662 solemnitate,
1099 581 1207 647 vel
1259 581 1474 665 aliqua
1512 589 1696 646 certa
1737 582 1917 647 hora.
1967 582 2138 664 Ergo
2181 578 2707 647 concludendum
2757 591 2857 646 est

627 700 841 766 teneri
876 697 1135 783 quidem
1177 696 1531 781 parochum
1567 696 1802 764 diebus
1848 696 2032 763 festis
2070 694 2307 762 offerre
2332 716 2451 781 pro
2478 696 2745 780 populo,
2788 705 2856 761 et

629 812 891 899 quidem
910 832 1030 896 per
1050 814 1354 897 seipsum,
1386 819 1455 876 et
1475 814 1540 877 in
1559 813 1913 897 parochiali
1931 813 2239 896 ecclesia;
2267 831 2675 898 nequaquam
2701 831 2857 877 vero

630 928 715 994 de
736 928 883 1013 jure
906 927 1232 992 communi
1261 928 1468 993 teneri
1488 946 1638 993 enm
1662 926 1744 992 ad
1762 945 1904 993 eam
1924 927 2380 992 solemniorem
2401 929 2682 1004 missam,
2712 946 2854 1013 quar⁵

630 1062 952 1109 summum
977 1060 1229 1108 sacrum
1262 1041 1390 1108 dici
1414 1042 1603 1119 solet,
1648 1042 2105 1108 celebrandam
2140 1050 2208 1107 et
2247 1040 2699 1126 applicandam
2739 1060 2859 1126 pro

629 1158 897 1243 populo.

718 1273 1005 1339 Dicimus
1052 1279 1269 1338 autem
1320 1275 1395 1336 de
1439 1279 1586 1355 jure
1634 1280 1951 1336 communi.
2008 1275 2163 1338 Nam
2222 1292 2406 1356 posse
2470 1275 2854 1357 Episcopum

626 1388 1070 1473 praescribere,
1098 1396 1173 1452 ut
1206 1387 1464 1473 parochi
1499 1406 1623 1470 per
1646 1388 1892 1471 seipsos
1920 1386 2081 1452 hanc
2122 1385 2360 1452 dictam
2403 1387 2853 1454 solemniorem

629 1504 888 1569 missam
916 1501 1149 1569 diebus
1179 1503 1362 1570 festis
1389 1504 1747 1581 celebrent,
1778 1502 2050 1569 dubium
2088 1523 2216 1568 non
2257 1511 2378 1569 est.
2414 1504 2489 1568 In
2519 1521 2650 1587 quo
2677 1523 2848 1583 casu,

628 1620 681 1684 si
705 1618 988 1701 legitime
1018 1617 1411 1702 impediatur
1443 1618 1763 1703 parochus
1787 1637 1868 1682 ne
1910 1618 2165 1684 missam
2194 1619 2368 1684 illam
2405 1618 2856 1683 solemniorem

628 1740 870 1809 cantet,
906 1741 977 1798 et
1011 1734 1215 1817 possit
1271 1742 1489 1798 tamen
1540 1734 1727 1799 aliam
1765 1735 2019 1798 missam
2080 1735 2145 1798 in
2193 1732 2542 1818 parochiali
2585 1732 2856 1798 ecclesia

627 1847 986 1927 celebrare,
1036 1846 1306 1913 debebit
1350 1847 1617 1933 quidem
1658 1850 1850 1914 alteri
1882 1848 2265 1914 cantandam
2304 1848 2556 1913 missam
2594 1846 2858 1913 deman-

629 1960 827 2045 dare3
856 1966 925 2028 at
951 1979 1078 2027 non
1108 1964 1371 2044 poterit,
1394 1969 1468 2029 ut
1496 1961 1781 2040 videtur,
1819 1963 1888 2026 in
1910 1962 2088 2027 illum
2118 1982 2281 2029 onus
2316 1963 2675 2029 transferre
2706 1960 2859 2028 offe·

628 2075 818 2143 rendi
852 2095 974 2160 pro
1009 2078 1284 2162 populo;
1328 2097 1474 2143 cum
1515 2079 1654 2144 haec
1694 2078 2023 2162 obligatio,
2062 2085 2137 2144 ut
2191 2098 2387 2163 snpra
2435 2077 2685 2144 dictum
2729 2087 2849 2155 est,

629 2193 984 2276 personalis
1006 2194 1110 2271 sit,
1149 2203 1218 2260 et
1249 2213 1391 2260 eam
1426 2213 1548 2277 per
1592 2197 1846 2260 missam
1882 2196 2197 2279 privatam
2244 2197 2383 2279 ipse
2418 2214 2537 2279 per
2576 2194 2856 2276 seipsum

629 2306 987 2392 adimplere
1019 2310 1245 2393 possit.

716 2425 1112 2492 Pnoposrno
1141 2426 1274 2491 Ix·.
1308 2461 1398 2474 —-
1429 2432 1499 2493 si
1519 2427 1823 2510 paroch-us
1850 2432 1931 2490 sit
1960 2429 2142 2491 simul
2172 2434 2515 2507 canonicus,
2541 2435 2598 2489 et
2622 2429 2709 2491 ad
2731 2445 2861 2489 eum

627 2547 850 2621 spectet
875 2548 1120 2613 missam
1143 2546 1587 2607 conventualem
1607 2545 1924 2621 celebrare,
1951 2550 2185 2606 tenetur
2211 2546 2473 2625 aliquem
2495 2546 2615 2606 sibi
2641 2544 2865 2605 substi-

631 2663 793 2718 tuere
817 2661 924 2737 qui
957 2661 1202 2721 missam
1237 2660 1497 2740 applicet
1515 2678 1635 2739 pro
1653 2661 1889 2740 populo,
1914 2695 2002 2706 —-
2024 2659 2289 2723 Constat
2325 2678 2407 2723 ex
2434 2675 2631 2741 supra
2665 2659 2863 2722 citata

627 2769 832 2834 Sacroe
877 2769 1405 2855 congregationis
1440 2772 1702 2837 Concilii
1740 2770 2176 2838 declaratione
2222 2777 2289 2838 11
2346 2773 2497 2837 maii
2543 2774 2714 2836 1720
2775 2773 2863 2859 (in

634 2884 933 2949 Thesauro
964 2889 1414 2967 resolutionum,
1447 2891 1631 2953 tomo
1666 2891 1726 2965 1,
1751 2905 1899 2970 pag.
1927 2886 2105 2971 321).
2132 2887 2231 2952 Ad
2262 2886 2534 2954 dubium
2563 2888 2813 2954 scilicet
2843 2909 2856 2951 :

629 3002 724 3063 An
753 3008 1092 3065 occurrente
1127 3005 1287 3084 quod
1327 3004 1806 3085 archipresbyter
1837 3005 2136 3086 parochus
2166 3005 2413 3066 celebret
2446 3010 2691 3067 missam
2723 3023 2861 3066 con-

626 3118 1015 3181 ventualem..
1031 3167 1076 3198 .,
1117 3125 1388 3181 teneatur
1431 3119 1725 3182 celebrare
1770 3121 1965 3198 facere
2001 3140 2110 3202 per
2139 3121 2331 3182 alium
2380 3125 2627 3184 missam
2672 3140 2859 3201 paro·

626 3230 880 3294 chialem
918 3252 1034 3314 pro
1083 3235 1354 3315 populo?
1399 3233 1802 3316 Responsum
1852 3241 1955 3298 est
2005 3233 2406 3299 affirmative.
2475 3233 2661 3300 Idem
2708 3232 2861 3298 vide

629 3343 1032 3414 declaratum
1082 3350 1148 3413 in
1203 3350 1684 3413 Montis-Falisci
1728 3349 1813 3413 29
1864 3347 2143 3433 J'anuarii
2199 3353 2371 3417 1718
2423 3350 2510 3436 (in
2566 3351 2863 3414 Thesauro

627 3464 905 3539 renotat„
944 3467 1102 3527 tom.
1139 3466 1203 3540 9,
1239 3481 1387 3550 pag.
1431 3459 1605 3545 145);
1634 3463 1701 3526 in
1721 3466 2079 3527 Viterbiensi
2108 3467 2180 3530 31
2220 3466 2431 3531 martii
2462 3468 2632 3531 1708
2661 3462 2861 3551 (apud

627 3575 1056 3642 Benedictum
1103 3578 1271 3657 XIV,
1311 3583 1680 3659 Qua-stiones
1717 3581 1948 3658 eccles„
1989 3598 2052 3664 q.
2102 3580 2194 3665 3);
2249 3588 2441 3666 atque
2479 3580 2605 3646 hoc
2645 3580 2859 3664 ipsum

625 3687 929 3756 laudatus
957 3692 1264 3759 Pontifex
1304 3710 1611 3777 expresse
1644 3692 1939 3760 declarat
1973 3696 2038 3760 in
2069 3715 2183 3761 sua
2210 3697 2673 3763 constitutione
2712 3700 2859 3759 Cum

627 3824 880 3886 semper,
920 3812 951 3885 5
995 3814 1096 3875 17.
