3146 4973
1293 397 1451 448 puis
1493 397 1726 449 ram.
2512 384 2632 453 188

402 521 578 601 bula,
612 521 984 589 linteamina
1011 520 1234 591 altaris
1260 520 1621 602 custodire,
1652 520 1907 607 aliaque
1952 520 2023 588 id
2054 539 2261 609 genus
2289 542 2629 612 peragere.

402 635 597 719 Quod
633 643 813 702 certe
854 637 1283 704 vehementer
1316 638 1549 717 innuit,
1592 637 1962 724 parochiale
1996 634 2296 717 officium,
2341 639 2533 724 quale
2570 641 2636 709 in

401 750 719 821 hodierno
741 751 890 837 jure
917 754 1249 821 communi
1276 753 1690 837 intelligitur,
1726 752 1981 819 nonnisi
2010 761 2111 819 sat
2157 753 2638 823 recentioribus

400 868 805 953 temporibus
823 868 1022 936 fuisse
1051 868 1178 935 hoc
1221 868 1415 939 modo
1463 868 1981 937 determinatum
2015 887 2030 930 ε
2068 874 2146 935 ut.
2172 868 2449 953 proinde
2491 875 2634 937 toto

399 985 571 1051 coelo
612 985 1002 1063 erraverint,
1058 987 1173 1070 qui
1219 985 1506 1053 divinam
1563 985 1996 1070 parochorum
2040 985 2513 1052 institutionem
2567 993 2637 1053 et

398 1100 783 1169 eorumdem
827 1102 1072 1188 ubique
1112 1103 1403 1171 locorum
1444 1122 1483 1168 a
1521 1103 1751 1187 primis
1800 1100 2102 1168 Ecclosiae
2168 1100 2453 1168 exordiis
2511 1101 2637 1171 fre·

400 1217 736 1301 quentiam
772 1217 1196 1283 somniarunt.
1230 1219 1327 1285 Ex
1365 1237 1496 1304 quo
1535 1219 1733 1285 etiam
1769 1223 1954 1301 patet
2004 1214 2451 1300 reponendam
2493 1235 2635 1287 esse

409 1332 909 1416 parochialitatis
953 1335 1323 1412 essentiam,
1370 1354 1502 1400 non
1544 1335 1613 1398 in
1663 1332 1877 1419 aliquo
1930 1331 2099 1418 juris
2152 1332 2466 1399 naturalis
2522 1342 2637 1403 aut

399 1447 564 1533 juris
623 1446 830 1514 divini
879 1451 1221 1534 requisito,
1265 1468 1413 1515 cum
1467 1468 1682 1535 neque
1743 1447 2023 1515 naturali
2081 1464 2297 1533 neque
2349 1448 2635 1532 positivo

399 1563 620 1632 divino
636 1563 787 1651 jure
817 1574 1078 1632 exstent
1097 1566 1402 1651 parochi;
1429 1586 1553 1632 nec
1579 1567 1773 1632 etiam
1802 1564 1872 1630 in
1899 1564 2224 1650 requisitis
2251 1564 2334 1630 ab
2363 1566 2634 1651 antiquo

394 1681 545 1766 jure
588 1682 900 1767 positiv03
942 1682 1157 1750 sedin
1194 1703 1274 1749 ea
1314 1683 1603 1760 notione,
1631 1700 1775 1766 quae
1808 1701 1893 1747 ex
1930 1682 2376 1749 recentiorum
2409 1679 2634 1747 docto-

400 1816 548 1863 rum
584 1799 906 1863 sententia
951 1796 1409 1876 determinata,
1455 1804 1525 1862 et
1561 1797 1644 1861 ab
1674 1795 1966 1862 Ecclesia
1992 1802 2261 1879 recepta
2299 1804 2422 1863 est.

490 1912 886 1980 Pnomsmo
915 1912 1048 1977 Vr.
1087 1949 1177 1959 —
1207 1917 1481 1994 Quinque
1498 1931 1685 1991 supra
1707 1918 2047 1974 memorata
2069 1913 2440 1976 conditiones
2460 1916 2630 1993 saffi-

401 2035 572 2093 cizmt
599 2031 684 2092 ad
713 2033 1032 2092 essentiam
1061 2028 1476 2108 parochiatus,
1515 2047 1618 2090 seu
1644 2033 1718 2090 ut
1746 2033 1882 2108 quis
1914 2046 2053 2090 vere
2083 2033 2166 2090 sit
2197 2029 2511 2105 parochus.
2545 2067 2635 2077 -—

399 2145 731 2211 Probatur
780 2162 864 2208 ex
911 2145 1236 2208 communi
1295 2141 1644 2208 doctorum
1701 2141 2043 2206 sententia.
2116 2141 2279 2209 Sunt
2329 2140 2634 2227 equidem

395 2260 690 2327 nonnulli
715 2259 1040 2337 doctoreS,
1065 2259 1176 2344 qui
1197 2264 1440 2344 praeter
1462 2264 1874 2323 enumeratas
1891 2258 2179 2342 quinque
2200 2256 2626 2335 conditioneS,

396 2377 740 2462 requirunt
768 2374 966 2441 etiam
992 2374 1257 2459 parochi
1276 2374 1679 2453 unicitatem,
1709 2371 1779 2437 id
1804 2380 1927 2453 est,
1960 2377 2035 2436 ut
2065 2372 2132 2436 in
2172 2391 2301 2438 una
2328 2373 2634 2457 parochia

397 2493 645 2572 unicus,
686 2512 817 2558 non
847 2492 1072 2576 plures
1119 2490 1386 2575 parochi
1424 2491 1704 2556 existant
1740 2511 1755 2555 ε
1790 2496 2019 2555 atvero
2057 2508 2206 2554 cum
2242 2491 2460 2573 opinio
2500 2488 2633 2556 haec

398 2611 756 2676 communis
798 2628 927 2674 non
967 2606 1295 2685 videatur,
1360 2625 1482 2672 nec
1533 2604 1713 2690 apud
1753 2606 2011 2671 Sacram
2054 2604 2630 2690 Congregationem

397 2723 667 2793 concilii
689 2733 961 2809 recepta
1003 2723 1101 2810 (ut
1135 2723 1307 2789 infra
1344 2718 1800 2805 ostendimus),
1827 2721 2066 2786 merito
2112 2719 2409 2806 rejicitur
2437 2721 2634 2786 unici-

394 2844 548 2908 tatis
580 2839 867 2908 conditio
895 2849 1202 2926 tanquam
1243 2836 1400 2926 quid
1439 2837 1738 2905 absolute
1764 2837 2220 2916 necessarium,
2262 2855 2384 2904 sen
2414 2857 2634 2904 essen-

392 2959 638 3024 tialiter
661 2956 1075 3043 requisitum,
1110 2962 1187 3020 ut
1215 2955 1357 3040 quis
1378 2972 1576 3021 verns
1603 2956 1685 3019 sit
1714 2952 2056 3038 parochus,
2090 2953 2384 3038 seposita
2411 2960 2631 3020 autem

391 3075 498 3140 illa
550 3074 718 3140 circa
767 3072 1036 3156 parochi
1088 3071 1468 3137 unicitatem
1514 3070 1994 3146 controversia,
2032 3069 2466 3136 communiter
2511 3085 2632 3152 pro

392 3207 553 3253 vero
581 3185 863 3272 parocho
890 3183 1134 3250 hahent
1163 3181 1470 3250 doctores
1495 3181 1705 3260 illum,
1735 3182 1849 3267 qui
1878 3201 1958 3244 ex
1993 3184 2359 3263 obliqatione
2401 3189 2461 3243 et
2495 3199 2632 3261 pro-
2730 3217 2741 3236 .

390 3309 529 3385 prio
586 3306 824 3367 nomine
874 3303 1119 3366 verbum
1162 3303 1276 3364 Dei
1325 3305 1388 3362 et
1439 3304 1814 3361 sacramenta
1853 3302 2167 3359 ministrat
2217 3302 2391 3358 certoe
2443 3297 2633 3358 alicui

391 3424 658 3502 portioni
677 3422 1162 3496 dioecesanorum,
1209 3420 1314 3497 qui
1341 3418 1612 3478 vicissim
1643 3419 1961 3477 teneantur
1989 3418 2363 3475 sacramenta
2403 3412 2479 3474 ab
2500 3415 2633 3490 ipso

389 3540 649 3615 recipere
678 3554 698 3596 .·
731 3532 978 3597 habent
1013 3528 1286 3615 proinde
1316 3548 1442 3614 pro
1471 3527 1939 3595 sufficientibus
1962 3527 2249 3612 quinque
2274 3537 2471 3608 supra
2492 3540 2632 3590 me-

389 3658 671 3717 moratas
703 3647 1129 3715 conditiones.

485 3769 575 3833 Ea
611 3785 770 3833 vero
805 3764 1157 3830 doctorum
1208 3762 1553 3839 sententia,
1610 3761 2045 3827 Romanorum
2085 3756 2510 3823 tribunalium
2536 3773 2636 3822 as-

390 3902 582 3950 sensu
621 3888 689 3949 et
718 3881 901 3965 praxi
933 3879 1331 3956 canonizata,
1385 3876 1459 3943 id
1509 3883 1609 3942 est
1654 3876 1722 3940 in
1773 3874 2066 3958 regulam
2117 3879 2384 3955 recepta
2434 3870 2632 3936 fuisse

395 3999 662 4066 videtur
675 4050 689 4064 .
725 3999 888 4064 Nam
916 3997 970 4062 si
1004 3997 1071 4060 in
1107 3997 1408 4060 Thesauro
1437 3996 1866 4057 restitutionum
1898 3995 2104 4057 Sacroe
2133 3993 2631 4071 Conqreqationis

393 4118 654 4181 Consilii
686 4118 1161 4198 percurrantur
1198 4129 1290 4176 eae
1332 4126 1564 4188 causae,
1600 4107 1667 4174 iu
1704 4106 1942 4193 quibus
1972 4101 2479 4188 expendendum
2506 4101 2635 4167 fuit

395 4251 479 4298 an
511 4232 655 4316 quis
678 4248 877 4296 verns
904 4234 1080 4294 esset
1112 4225 1456 4311 parochus,
1492 4222 1828 4289 videbitur
1855 4221 1941 4287 ad
1974 4216 2491 4285 concludendam
2520 4235 2625 4300 pa·

396 4348 866 4416 rochialitatem
895 4364 1019 4430 pro
1051 4341 1518 4410 sufficientibus
1569 4339 1823 4407 habitas
1866 4338 2063 4405 fuisse
2110 4336 2395 4422 quinque
2437 4350 2634 4415 supra

397 4465 609 4532 dictas
649 4462 1090 4545 conditiones3
1144 4461 1239 4526 ita
1282 4467 1358 4525 ut
1409 4459 1486 4524 iis
1540 4456 1845 4543 repertiS‚
1893 4453 2255 4540 judicatum
2293 4448 2496 4517 fuerit
2520 4465 2634 4533 ap-
