3146 4973
1150 316 1308 362 rns
1353 317 1638 376 Quum.
2371 307 2500 370 479

285 438 431 505 illud
477 440 579 505 hic
625 457 1013 522 usurpamus
1047 460 1061 504 ε
1115 458 1194 504 eo
1230 457 1466 522 nempe
1502 458 1720 517 sensu,
1756 442 1868 524 qui
1903 442 2075 508 solet
2119 444 2354 526 gallice
2390 465 2503 510 ex-

285 555 458 638 primi
495 573 619 638 per
652 571 881 619 vocem
923 556 1144 618 came.
1185 554 1263 618 Et
1301 556 1475 619 circa
1510 554 1830 638 ejusmodi
1859 558 2120 623 usuales
2145 558 2504 625 oblationes

283 672 614 755 qnoerimus
642 688 817 733 nunc
847 668 1172 753 quodnam
1209 668 1314 754 jus
1343 670 1641 753 parochis
1671 679 2025 755 competat.

360 788 657 867 Quamne
693 789 781 851 2⁸.
813 820 902 834 --
924 789 1021 851 Aa
1049 807 1219 867 quem
1240 794 1592 869 pertineant
1627 790 1976 868 oblationes,
2029 797 2154 853 tam
2191 810 2321 872 qma
2355 798 2500 873 jure

284 904 577 977 debentur,
625 921 805 982 quam
859 921 990 982 quae
1031 910 1241 983 sponte
1280 906 1616 983 offeruntur
1649 906 1678 964 ?
1703 937 1792 952 --
1829 907 1891 965 1⁰
1932 901 2031 969 Ad
2077 905 2499 988 questionem

280 1015 442 1081 illam
502 1017 596 1081 sic
640 1016 1001 1097 respondet
1055 1017 1419 1081 Leurenius‘
1468 1017 1711 1101 (Forum
1765 1019 2127 1096 bemfieiale,
2183 1028 2368 1102 parte
2435 1025 2494 1095 l,

280 1148 339 1214 q.
378 1132 531 1208 ⁴63,
554 1151 620 1195 n.
657 1129 721 1213 2)
751 1153 763 1193 :
802 1152 835 1192 α
862 1129 1235 1195 Oblationes
1257 1139 1550 1214 utroeque
1580 1130 1664 1196 de
1680 1129 1826 1216 jure
1847 1134 2172 1197 communi
2200 1141 2504 1216 spectant

286 1267 316 1306 α
353 1245 434 1310 ad
466 1246 840 1328 parochum,
872 1265 989 1310 seu
1015 1245 1474 1330 presbyterum
1496 1246 1791 1311 ecclesiae
1823 1255 2173 1313 rectorem.
2200 1271 2234 1310 n
2263 1251 2336 1314 In
2369 1267 2500 1334 quo

279 1360 675 1427 admittendo
721 1361 1007 1445 generali
1044 1362 1365 1445 principio
1403 1361 1804 1428 concordant
1843 1361 2168 1429 doctores.
2208 1365 2370 1428 Hinc
2401 1371 2501 1429 at-

277 1484 452 1542 tento
491 1476 640 1560 jure
690 1478 1017 1541 communi
1060 1475 1413 1542 dicendum
1454 1484 1577 1551 est,
1616 1476 1702 1541 ad
1741 1476 2094 1559 parochum
2139 1479 2493 1561 pertinere,

277 1599 467 1672 primo
495 1592 858 1657 oblationes
884 1610 1027 1675 quae
1059 1591 1229 1656 fiunt
1252 1593 1321 1655 in
1348 1592 1620 1657 ecclesia
1641 1592 1990 1674 parochiali
2017 1595 2188 1658 intra
2207 1594 2500 1660 celebra·

278 1708 514 1773 tionem
547 1708 773 1784 missae,
830 1708 1080 1772 etiamsi
1112 1726 1240 1772 nou
1284 1707 1423 1789 ipse
1462 1709 1802 1790 parochus,
1843 1706 1961 1772 sed
1991 1708 2151 1772 alius
2197 1708 2501 1775 sacerdos

278 1821 599 1906 eelebret3
626 1826 880 1887 secundo
916 1824 1074 1886 item
1113 1822 1475 1888 oblationes
1509 1840 1654 1906 qum
1693 1822 1862 1887 fiunt
1893 1842 2014 1906 pro
2041 1821 2498 1890 benedictione

276 1938 664 2020 nuptiarum,
704 1957 825 2023 pro
870 1939 1246 2023 sepultum,
1289 1956 1411 2020 pro
1458 1936 1913 2004 benedictione
1966 1939 2316 2004 mulierum
2354 1948 2502 2022 post

271 2063 550 2137 partum,
588 2055 855 2139 aliisque
903 2054 1342 2120 functionibus
1388 2054 1629 2136 sacris;
1672 2055 1924 2119 etiamsi
1969 2073 2098 2120 non
2136 2056 2276 2138 ipse
2316 2074 2504 2138 paro·-

270 2169 449 2243 chus,
508 2169 625 2234 sed
670 2170 838 2234 alter
877 2171 942 2232 iu
985 2170 1255 2235 ecclesia
1298 2168 1646 2253 parochiali
1703 2167 1914 2234 dictas
1944 2170 2317 2235 functiones
2359 2189 2502 2253 per-

268 2292 435 2366 agat.
1040 2303 1043 2308 ·

353 2403 422 2464 2²
451 2400 877 2480 Quantumvis
907 2409 1124 2466 autem
1147 2408 1402 2466 certum
1428 2403 1510 2466 sit
1534 2401 1878 2485 praefatnm
1911 2403 2322 2485 principium,
2351 2400 2498 2467 fieri

260 2522 477 2599 potest
506 2520 604 2593 ut,
642 2517 710 2581 vi
734 2514 1243 2595 consuetudinis,
1290 2517 1483 2582 aliter
1526 2536 1597 2582 se
1642 2535 1749 2582 res
1803 2516 2065 2582 habeat.
2102 2518 2264 2581 Nam
2305 2534 2497 2600 posse

257 2630 799 2698 consuetudinem
838 2630 1053 2715 quoad
1100 2631 1223 2695 hoc
1252 2640 1472 2697 contra
1526 2631 1774 2698 dictum
1803 2631 1909 2716 jue
1939 2651 2286 2698 commune
2328 2650 2494 2715 proe·

256 2748 578 2826 scribere,
629 2745 948 2813 adnotant
995 2748 1240 2828 pariter
1275 2746 1617 2832 doctores;
1667 2755 1737 2813 et
1791 2756 2055 2814 ament
2097 2748 2377 2814 multum
2424 2750 2490 2812 in

254 2862 378 2928 hac
420 2882 494 2929 re
533 2861 1005 2929 attendendum
1046 2862 1337 2928 locorum
1382 2863 1956 2929 consuetudinibus
2003 2865 2290 2946 legitime
2338 2882 2494 2947 prae·

254 2979 537 3061 scriptis.

345 3097 418 3158 3⁰
448 3092 513 3157 Si
551 3093 788 3159 oblatio
821 3095 1000 3159 nullo
1024 3094 1221 3160 titulo
1256 3093 1603 3171 debeatur,
1638 3102 1707 3157 et
1743 3094 2022 3160 offerens
2052 3112 2358 3176 expresse
2396 3093 2495 3158 di-

249 3216 363 3273 cut
393 3228 466 3273 se
497 3210 668 3274 velle
718 3209 878 3274 dare
929 3209 1256 3276 sacerdoti
1294 3208 1692 3274 functionem
1723 3228 1971 3274 sacram
2005 3210 2363 3293 peragenti,
2408 3208 2495 3274 ad

246 3325 455 3401 hunc,
484 3344 613 3391 uon
646 3324 731 3390 ad
764 3327 1142 3409 parochum,
1183 3325 1427 3391 oblatio
1466 3325 1570 3391 illa
1603 3325 1980 3408 pertinebit.

316 3443 625 3522 QvAEs'rIo
655 3446 746 3508 3³.
779 3476 866 3491 ——-
910 3447 1004 3507 Ad
1042 3462 1355 3524 quemnam
1387 3420 1737 3524 pertineant
1776 3444 2104 3505 oblationes
2140 3460 2272 3523 quoe
2300 3441 2484 3519 fiunt,

242 3566 381 3621 tum
427 3562 614 3620 alicui
656 3562 943 3640 cappellae
987 3562 1083 3622 vel
1132 3566 1390 3641 imaqini
1424 3562 1680 3622 ecclesioe
1716 3559 2114 3640 parochialis,
2152 3566 2279 3620 tum
2307 3560 2496 3622 alicui

234 3680 517 3737 oratorio
554 3682 734 3737 extra
763 3677 1063 3737 ecelesiam
1084 3676 1515 3756 parochialem,
1554 3680 1724 3738 intra
1759 3676 2049 3737 ambitum
2081 3680 2278 3736 tamen
2307 3692 2493 3754 paro-

230 3792 421 3869 chiae,
467 3790 811 3854 existenti?
838 3826 916 3838 -
939 3791 1070 3854 Per
1118 3808 1209 3868 se,
1253 3797 1323 3852 et
1361 3790 1479 3852 nisi
1522 3788 1716 3853 aliter
1765 3795 2095 3852 constaret
2133 3787 2219 3852 de
2269 3796 2488 3853 mente

236 3904 607 3983 offerentis»,
640 3903 727 3969 ad
777 3905 1128 3986 parochum
1178 3904 1613 3987 pertinerent.
1651 3901 1838 3989 (Vide
1884 3904 2298 3978 Leurenium,
2347 3904 2492 3968 loeo

230 4021 471 4097 citato,
516 4041 579 4083 n.
639 4017 734 4103 3.)
781 4019 911 4084 Sed
943 4020 1336 4102 regulariter
1372 4018 1727 4103 loquendO,
1769 4017 2087 4101 ejusmodi
2127 4018 2490 4085 oblationes

228 4154 380 4198 non
410 4132 580 4197 fiunt
607 4143 684 4199 ut
720 4134 960 4199 cedant
993 4136 1059 4199 in
1094 4155 1280 4200 usum
1308 4133 1597 4218 parochi,
1621 4132 1739 4200 sed
1755 4133 1841 4201 ad
1864 4141 2316 4199 ornamentum
2330 4136 2488 4201 ima·

224 4249 440 4331 giniS,
478 4249 855 4328 oratoriive,
891 4258 1007 4314 aut
1045 4250 1379 4333 cappellae.
1426 4250 1507 4314 Et
1542 4258 1702 4314 tunc
1735 4251 1803 4313 in
1839 4250 2012 4315 hunc
2051 4247 2252 4315 finem
2283 4251 2488 4315 omni-

220 4384 325 4431 no
363 4370 521 4429 sunt
556 4362 965 4430 adhibendae.
1017 4367 1280 4438 Atvero,
1327 4367 1390 4429 in
1433 4364 1557 4429 hcc
1616 4384 1769 4430 casu
1816 4365 1902 4430 nd
1945 4365 2304 4447 pal-ochum
2337 4385 2487 4450 per-
