3146 4973
1260 388 1416 436 mins
1459 388 1722 436 Tenus.
2468 376 2594 438 377

379 527 636 595 scopuS,
676 517 824 595 post
863 505 1155 595 elapsum
1198 529 1401 576 unum
1434 510 1963 579 insordescentioe
1990 530 2252 594 annum,
2285 512 2602 580 beneficio

378 626 1007 692 excommunicatum
1043 625 1349 692 clericum
1384 627 1670 709 privare,
1716 627 1767 691 si
1805 645 1939 693 non
1974 627 2061 693 ob
2093 627 2292 693 solam
2318 627 2603 693 insorde-

376 741 688 806 scentiam
720 738 921 826 (quod
951 737 1372 825 disputatur),
1407 740 1640 807 saltem
1676 759 1758 806 ex
1786 760 1867 807 eo
1907 740 2084 826 qnod
2135 750 2475 827 suspectus
2513 741 2600 808 de

376 855 602 921 hoeresi
633 856 938 920 evaserit.

462 972 762 1053 Quffls'no
790 971 1065 1035 8⁸.—Dc
1082 977 1430 1052 privatione
1458 973 1531 1035 ob
1558 973 2084 1034 insordescentiam
2104 978 2171 1035 in
2196 978 2595 1054 suspensione.

376 1123 466 1136 --
508 1090 571 1149 1⁰
601 1086 734 1152 Per
763 1083 963 1150 solam
1009 1086 1491 1168 suspensionem
1537 1080 1814 1151 clericus
1852 1104 1981 1152 non
2020 1091 2121 1151 est
2159 1087 2455 1169 privatus
2493 1085 2604 1151 he·

374 1201 620 1268 neficiis
646 1208 798 1266 ante
829 1202 1315 1286 suspensionem
1344 1198 1655 1268 obtentis.

463 1320 533 1381 2⁰
561 1316 611 1380 Α
665 1315 998 1383 beneficiis
1033 1324 1275 1393 autem,
1311 1333 1454 1399 quae
1483 1316 1605 1399 ipsi
1644 1314 1778 1399 jam
1812 1333 2128 1401 suspenso
2159 1315 2395 1382 collata
2423 1321 2595 1390 sunt,

373 1429 813 1499 removendus
842 1436 974 1514 est3
1009 1429 1328 1516 siquidem
1358 1432 1586 1516 nequit
1613 1429 2006 1497 beneficium
2043 1449 2357 1516 suspenso
2388 1428 2601 1495 valide

372 1547 680 1614 conferri.

330 1685 339 1690 ·
460 1668 531 1729 3⁰
585 1662 689 1730 oh
738 1661 1313 1729 insordescentiam
1362 1662 1429 1725 in
1480 1661 1921 1745 suspensione,
1983 1668 2202 1747 potest
2253 1679 2602 1746 suspensus

372 1780 616 1864 privari
641 1778 984 1856 beneficio,
1021 1779 1188 1843 sicut
1232 1778 1301 1841 in
1324 1796 1474 1842 casu
1503 1775 2028 1843 insordescentiae
2061 1779 2128 1842 in
2161 1778 2597 1845 excommuni-

372 1896 649 1960 catione.
688 1892 875 1980 (Vide
900 1893 1314 1970 Leurenium,
1352 1897 1572 1956 Forum
1603 1892 1968 1972 beneficiate,
2005 1898 2194 1976 parte
2217 1896 2281 1967 3,
2320 1909 2384 1976 q.
2413 1889 2595 1973 205.)

457 2011 760 2091 QUAESTIO
797 2015 883 2077 9¹.
927 2045 1014 2059 -
1053 2013 1141 2072 De
1156 2014 1506 2090 privatione
1535 2011 1610 2072 ob
1630 2013 2174 2090 irrequloritatem.
2217 2043 2302 2055 —
2343 2008 2614 2072 1⁰1rre-'

369 2123 680 2207 gularitas
720 2121 1070 2188 inhabilem
1126 2120 1352 2187 reddit
1400 2122 1711 2186 clericum
1751 2122 1835 2187 ab
1867 2118 2223 2186 obtinenda
2253 2118 2591 2185 beneficia.

459 2241 529 2302 2⁰
558 2239 700 2304 Non
721 2245 939 2304 tamen
966 2255 1115 2302 eum
1146 2238 1359 2321 privat
1395 2243 1527 2318 ipso
1546 2243 1696 2320 jure
1740 2235 2064 2302 beneficio
2089 2243 2241 2301 ante
2281 2235 2598 2318 irregula-

368 2355 629 2419 ritatem
655 2353 929 2419 obtento
945 2399 959 2416 .

461 2471 531 2535 3⁰
568 2466 697 2535 Sed
736 2475 887 2553 apta
916 2485 1057 2534 esse
1102 2474 1321 2553 potest
1351 2474 1428 2533 ut
1461 2466 1669 2552 judex
1706 2465 1791 2532 ad
1823 2467 2253 2552 privationem
2285 2462 2599 2550 procedat

366 2586 510 2652 loco
547 2602 778 2669 poenae.
821 2583 1198 2670 (Cardinalis
1243 2582 1329 2648 de
1370 2585 1568 2662 Luca,
1623 2587 1699 2648 de
1739 2583 2082 2661 Beneficiis,
2127 2581 2423 2648 discursu
2484 2590 2518 2647 7
2528 2585 2592 2657 5,

369 2722 435 2765 n.
498 2698 630 2785 11.)
675 2700 740 2765 si
783 2718 1019 2785 nempe
1075 2700 1354 2766 clericus
1399 2700 1776 2784 irregularis
1821 2699 2104 2765 evaserit
2150 2698 2238 2764 ob
2279 2696 2596 2763 delictum

369 2817 732 2902 privatione
771 2815 1063 2900 dignum,
1099 2834 1222 2900 per
1249 2818 1637 2881 sententiam
1666 2816 1910 2898 privari
1933 2814 2201 2899 poterit.
2235 2813 2426 2901 (Vide
2441 2814 2601 2880 Len·

368 2934 647 3008 renium,
685 2932 828 2996 loco
853 2932 1074 3007 citato,
1108 2948 1173 3014 q.
1210 2929 1395 3014 208.)

454 3050 761 3129 Qumlo
797 3049 929 3111 102.
967 3082 1056 3094 -
1085 3050 1173 3109 De
1189 3051 1541 3128 privatione
1566 3049 1640 3110 ob
1679 3047 2088 3123 homicidium,
2126 3049 2596 3110 vulnerationem

368 3169 429 3224 et
447 3165 908 3243 percussionem.
960 3195 1051 3208 —
1106 3162 1170 3222 1⁰
1226 3157 1690 3237 nomicidium,
1734 3158 1998 3243 quando
2024 3176 2155 3224 non
2192 3164 2596 3224 concurrunt

367 3284 563 3343 certae
604 3275 900 3360 quaedam
931 3275 1456 3352 circumstantiae,
1502 3292 1654 3339 mox
1693 3273 2157 3341 enumerandae
2186 3323 2202 3352 ,
2240 3291 2369 3338 non
2406 3271 2599 3338 indu-

369 3394 461 3458 cit
489 3392 919 3477 privationem
941 3398 1070 3474 ipso
1089 3397 1266 3473 jure,·
1293 3387 1415 3455 sed
1444 3389 1824 3474 Episcopus,
1860 3397 2098 3473 potest,
2134 3389 2264 3453 imo
2295 3394 2364 3453 et
2395 3385 2600 3453 dehet

370 3508 804 3593 privationem
827 3512 1103 3590 propter
1146 3503 1465 3590 ejusmodi
1496 3504 1813 3589 flagitium
1843 3505 2288 3589 pronuntiare.
2332 3503 2597 3569 Constat

370 3624 584 3706 capite
616 3625 768 3686 Cum
796 3640 917 3685 non
944 3623 1020 3684 ab
1058 3621 1315 3701 homme,
1351 3623 1427 3684 dc
1453 3623 1736 3686 Iudiciis.

460 3740 530 3801 2⁰
565 3734 993 3803 nomicidium
1040 3753 1189 3800 cum
1242 3735 1551 3820 qualitate
1596 3740 1936 3811 assassinii,
1987 3735 2242 3802 inducit
2294 3733 2596 3817 privatio·

369 3872 515 3919 nem
577 3852 718 3938 ipso
768 3851 940 3937 jure.
998 3850 1266 3917 Constat
1322 3853 1534 3936 capite
1596 3853 1653 3927 1,
1702 3854 1778 3915 de
1824 3854 2191 3930 Homicidio,
2242 3852 2306 3915 in
2362 3851 2428 3913 6.
2483 3850 2595 3913 Di-

369 3975 614 4034 cuntur
655 3975 874 4034 autem
918 3967 983 4030 in
1020 3966 1169 4052 jure
1217 3968 1529 4045 assassini,
1566 3974 1710 4031 tum
1747 3971 1948 4048 pretio
1992 3969 2408 4043 conducentes,
2452 3971 2594 4030 tum

361 4087 563 4166 pretio
589 4084 864 4146 condioeti
892 4079 977 4146 ad
1005 4079 1441 4149 occidendum
1466 4079 1773 4166 aliquem.
1809 4078 1999 4166 (vide
2025 4080 2450 4157 Leurenium,
2481 4083 2595 4143 Fo-

370 4218 507 4261 rum
536 4197 897 4275 beneficiate,
941 4203 1129 4280 parte
1155 4199 1220 4275 3,
1258 4214 1323 4281 q.
1360 4193 1543 4278 210.)

456 4314 529 4376 3⁰
561 4311 871 4377 Privatus
902 4311 1049 4394 ipso
1072 4311 1221 4396 jure
1240 4311 1462 4377 existit
1488 4308 1797 4376 occidens
1827 4308 1934 4375 vel
1962 4310 2338 4394 percutiens
2369 4304 2595 4372 Cardi-

372 4426 585 4494 nalem
626 4447 641 4493 z
673 4427 835 4493 item
861 4424 1166 4491 occidens
1195 4427 1301 4493 vel
1330 4426 1703 4509 percutiens
1739 4425 2129 4511 Episcopum
2163 4445 2179 4490 t
2224 4424 2384 4488 item
2419 4420 2594 4486 occi·
