3146 4973
1297 392 1456 442 rus
1499 392 1729 441 ram.
2507 383 2635 448 189

395 534 432 574 α
467 531 588 597 per
617 532 763 581 eam
793 516 981 583 enixe
1009 516 1274 603 praecipi
1299 517 1470 584 solet
1499 517 1637 582 haec
1668 514 2010 600 deputatio
2038 517 2263 584 vicarii
2286 537 2369 587 ex
2399 518 2631 588 eodem

399 652 433 690 α
470 629 761 714 couegi0‚
791 631 898 697 vel
919 639 1110 697 extra
1127 681 1143 710 ,
1173 639 1373 715 prout
1395 632 1554 698 facti
1576 631 1851 717 qualitas
1873 631 2114 716 exigat.

489 768 522 805 a
556 745 767 831 Super
796 747 1189 814 vicariorum
1219 754 1440 814 autem
1468 749 1784 815 unicitate
1820 747 1931 815 vel
1959 748 2299 833 pluritate,
2326 751 2485 818 nihil
2509 757 2635 818 sta-

394 886 427 923 «
466 867 683 927 tutum
710 870 813 928 est
847 863 906 949 (a
936 863 1211 930 concilio
1238 862 1674 948 Tridentino),
1705 871 1775 930 et
1802 866 2059 943 merito,
2091 884 2239 932 cum
2266 865 2340 932 id
2363 885 2448 933 ex
2474 867 2635 934 facti

395 1000 429 1039 a
463 978 775 1062 qualitate
810 977 1122 1062 pendeat,
1156 988 1271 1046 aut
1300 981 1551 1047 scilicet
1580 1000 1751 1046 unus
1776 989 2032 1048 tantum
2060 983 2369 1068 supplere
2402 985 2624 1068 possit,

394 1117 428 1155 α
467 1095 575 1160 vel
610 1097 826 1178 potius
861 1094 995 1162 duo
1036 1096 1145 1162 vel
1194 1098 1419 1181 plures
1464 1098 1915 1181 requirantur.
1958 1098 2269 1179 Quamvis
2309 1100 2485 1166 enim
2524 1119 2632 1167 re-

394 1235 428 1273 «
465 1217 720 1278 ctorum
759 1232 876 1279 seu
910 1211 1339 1297 parochorum
1378 1212 1718 1297 pluralitas
1758 1234 1796 1281 a
1837 1213 1987 1299 jure
2031 1214 2356 1300 prohibita
2385 1217 2504 1295 sit,
2544 1216 2631 1282 ob

393 1352 427 1389 «
461 1329 922 1394 inconveniens
967 1348 1052 1395 ne
1092 1348 1224 1395 una
1273 1329 1505 1395 mulier
1547 1327 1714 1395 duos
1754 1330 1864 1395 vel
1896 1329 2122 1414 plures
2148 1329 2390 1397 haheat
2426 1331 2623 1410 vims,

399 1466 432 1503 α
469 1451 757 1510 attamen
797 1443 866 1509 id
909 1442 1210 1529 procedit
1244 1444 1309 1509 in
1339 1464 1418 1512 eo
1447 1446 1560 1531 qui
1604 1445 1689 1510 sit
1728 1464 1930 1511 verus
1974 1453 2195 1511 rector
2238 1465 2314 1511 ac
2358 1465 2633 1531 sponsus

396 1583 430 1620 α
467 1560 778 1639 ecclesiae,
811 1579 943 1627 non
987 1569 1209 1627 autem
1247 1562 1315 1626 in
1354 1560 1677 1646 ejusmodi
1712 1562 1989 1640 vicariis,
2027 1563 2141 1648 qui
2178 1562 2396 1647 potius
2423 1565 2629 1632 famu·

392 1699 427 1739 a
462 1676 674 1743 lorum
703 1695 778 1743 ac
804 1679 1278 1763 operariorum·
1285 1677 1434 1762 jure
1464 1676 1774 1743 censendi
1798 1684 1971 1756 sunt,
1994 1695 2143 1743 cum
2168 1677 2239 1744 id
2267 1677 2455 1745 dictae
2485 1684 2630 1747 uni·

393 1818 427 1853 «
463 1795 642 1860 citati
673 1814 800 1863 non
830 1793 1222 1861 adversetur
1259 1817 1273 1860 :
1310 1793 1547 1862 eodem
1592 1792 1792 1860 modo
1819 1813 1951 1879 quo
1979 1793 2193 1861 eidem
2232 1815 2362 1862 non
2392 1795 2627 1864 adver·

396 1936 428 1973 α
465 1921 645 1978 satur
672 1921 748 1979 ut
774 1914 1052 1997 ipsamet
1079 1930 1233 1977 cura
1262 1910 1614 1977 habitualis
1643 1912 1728 1977 sit
1750 1930 1953 1996 penes
1980 1910 2243 1997 aliquod
2268 1914 2625 1997 capitulum

397 2052 431 2090 α
465 2035 533 2093 et
584 2029 928 2113 collegium
982 2030 1409 2094 constitutum
1458 2047 1540 2095 ex
1590 2026 1893 2112 pluribus
1934 2030 2269 2113 personis3
2323 2030 2625 2115 quoniam

398 2166 430 2203 a
468 2144 693 2210 unicus
740 2150 1050 2210 censetur
1093 2142 1446 2227 parochus,
1489 2149 1996 2226 repraesentatus
2044 2142 2129 2209 ab
2176 2144 2317 2227 ipso
2350 2162 2627 2229 corpore

398 2280 431 2319 α
467 2260 742 2344 mystico
762 2277 881 2324 seu
901 2258 1185 2342 politico,
1216 2258 1654 2325 constituente
1687 2276 1884 2323 uuam
1918 2275 2261 2342 personam
2283 2257 2623 2325 formalem

397 2397 429 2434 α
466 2392 580 2439 seu
609 2373 1157 2459 intellectualem;
1194 2372 1426 2457 singuli
1456 2379 1677 2440 autem
1708 2390 1837 2437 non
1868 2380 2020 2438 sunt
2047 2373 2334 2458 parochi.
2370 2396 2406 2436 »

479 2488 763 2556 Barbosa
799 2489 896 2575 (dc
937 2490 1148 2569 Officio
1197 2500 1259 2552 et
1301 2497 1435 2571 pot.
1487 2490 1773 2572 parochi,
1816 2493 2002 2573 parte
2044 2492 2101 2568 1,
2141 2509 2199 2556 c.
2249 2495 2307 2569 1,
2346 2511 2412 2556 n.
2451 2488 2561 2575 43)
2603 2515 2618 2558 ε

396 2627 430 2666 α
464 2607 624 2672 Tota
654 2604 797 2690 ejus
830 2604 1058 2691 (nempe
1079 2602 1409 2688 parochiae)
1447 2622 1605 2669 cura
1636 2605 1749 2668 uni
1778 2603 2174 2690 presbytero
2202 2612 2455 2673 tantum
2489 2608 2623 2695 (qui

397 2713 445 2779 α’
469 2726 746 2784 vocatur
787 2719 1222 2785 communiter
1251 2718 1608 2803 parochus,
1651 2737 1769 2784 seu
1813 2719 2156 2803 plebanus,
2202 2730 2447 2802 rector,
2484 2723 2621 2790 sive

396 2858 430 2894 α
468 2841 735 2901 curatus
761 2857 775 2901 ε
801 2837 955 2920 quia
982 2834 1119 2902 haec
1146 2837 1404 2902 nomina
1431 2836 1530 2902 uti
1559 2854 1919 2920 synonyma
1947 2837 2308 2923 variantur)
2339 2842 2623 2906 commit-

398 2975 434 3012 α
470 2953 744 3018 titur....
793 2953 955 3017 Nam
985 2953 1155 3018 sicut
1187 2971 1315 3018 una
1352 2952 1591 3018 mulier
1634 2971 1763 3018 non
1806 2960 2027 3036 potest
2055 2953 2221 3020 duos
2254 2955 2365 3021 vel
2398 2956 2623 3041 plures

399 3091 431 3127 α
469 3085 734 3152 sponsos
767 3066 1035 3148 habere,
1085 3086 1207 3133 nec
1248 3088 1453 3134 unum
1488 3087 1729 3152 corpus
1772 3067 1908 3134 duo
1953 3071 2164 3154 capita
2187 3120 2204 3150 ,
2256 3072 2404 3157 quia
2448 3082 2623 3140 esset

397 3207 431 3246 a
465 3191 862 3263 monstrum,
903 3185 993 3250 sic
1035 3203 1157 3250 nec
1195 3184 1470 3250 ecclesia
1507 3182 1671 3249 duos
1715 3184 1823 3249 vel
1851 3185 2075 3268 plures
2119 3186 2436 3269 parochos
2482 3189 2618 3254 sive

399 3324 432 3362 a
470 3306 727 3367 curatos
748 3300 983 3388 (capite
1015 3303 1166 3366 Cum
1194 3320 1314 3364 non
1341 3306 1601 3382 iquores,
1629 3302 1704 3363 de
1732 3302 2103 3382 Proebendis,
2126 3300 2533 3386 -Rota...);
2552 3311 2622 3369 et

399 3441 432 3480 a
471 3419 539 3483 in
560 3437 690 3484 una
716 3418 1001 3485 Ecclesia
1032 3436 1200 3483 unus
1227 3416 1430 3484 debet
1456 3436 1597 3483 esse
1620 3415 1954 3497 sacerdos,
1988 3435 2260 3501 sponsus
2282 3423 2350 3483 et
2374 3427 2614 3500 rector,

394 3559 430 3597 α
466 3536 577 3621 qui
611 3554 835 3602 curam
878 3533 1118 3600 habeat
1147 3534 1381 3621 (capite
1409 3539 1487 3599 In
1516 3536 1731 3617 apibus
1762 3542 1823 3612 7,
1858 3551 1923 3619 q.
1966 3536 2032 3617 ¹3
2062 3569 2153 3583 -—
2178 3552 2321 3618 cap.
2354 3539 2525 3600 Siout
2553 3543 2621 3601 in

395 3676 429 3712 α
469 3672 586 3715 una
615 3653 679 3728 2,
723 3669 788 3737 q.
821 3652 886 3729 2,
912 3687 1001 3699 —
1022 3647 1325 3735 Rota...).
1361 3649 1684 3717 Gonzalez
1716 3647 1954 3718 exinde
1990 3648 2191 3715 infert
2214 3647 2299 3716 ad
2324 3652 2617 3748 regimen

397 3789 432 3827 α
471 3764 848 3850 parochialis
897 3766 1183 3832 ecclesiae
1228 3766 1466 3830 assumi
1518 3764 1767 3831 debere
1818 3781 2020 3830 unum
2068 3765 2421 3849 parochum
2440 3816 2456 3844 ,
2506 3769 2619 3854 qui

391 3905 431 3944 a
465 3901 582 3949 suo
616 3883 878 3948 nomine
920 3889 991 3947 et
1025 3899 1153 3947 non
1198 3900 1346 3947 cum
1392 3881 1537 3947 aliis
1582 3880 1976 3965 proeficiatur
2014 3902 2028 3945 ε
2079 3882 2229 3966 quia
2259 3884 2311 3947 si
2356 3884 2451 3949 illi
2484 3882 2617 3950 duo

391 4021 428 4059 α
463 3998 570 4064 vel
604 3998 829 4080 plures
865 3997 1328 4083 praeficiantur,
1373 3996 1487 4081 qui
1515 3995 1955 4062 confessiones
1989 3995 2257 4062 audiant
2294 4005 2363 4063 et
2405 3997 2617 4084 bapti·

393 4135 428 4175 «
465 4120 616 4179 zent
655 4120 725 4180 et
761 4113 885 4180 alia
941 4113 1026 4180 ad
1062 4109 1285 4179 curam
1331 4113 1691 4197 spectantia
1735 4110 1975 4177 faciant
1992 4157 2009 4190 ,
2059 4130 2189 4177 non
2234 4110 2619 4180 dicerentur

391 4254 427 4292 a
463 4232 730 4315 proprie
767 4229 1031 4316 parochi
1061 4230 1199 4296 sive
1228 4229 1440 4294 curati
1469 4250 1486 4294 ;
1519 4233 1587 4293 et
1614 4226 1768 4293 ideo
1797 4227 1961 4293 Rota
1994 4226 2215 4313 (decis.
2250 4230 2406 4307 684,
2440 4249 2504 4294 n.
2542 4234 2611 4307 2,

390 4369 426 4408 a
463 4351 649 4431 parte
687 4350 747 4425 1,
784 4343 1152 4430 recentiss.)
1190 4352 1405 4424 tenet,
1438 4342 1616 4429 qnod
1654 4343 1854 4428 magis
1889 4342 2242 4409 verisimile
2274 4351 2406 4423 est,
2436 4343 2611 4429 quod

390 4486 425 4527 α
466 4443 622 4530 cura
659 4464 742 4529 sit
775 4462 954 4548 apud
988 4481 1192 4529 unum
1227 4480 1420 4548 quam
1457 4459 1645 4528 duos.
1683 4483 1717 4523 ι)
