<?xml version="1.0" encoding="UTF-8"?>
<!DOCTYPE html PUBLIC "-//W3C//DTD XHTML 1.0 Transitional//EN"
    "http://www.w3.org/TR/xhtml1/DTD/xhtml1-transitional.dtd">
<html xmlns="http://www.w3.org/1999/xhtml" xml:lang="en" lang="en">
 <head>
  <title>
</title>
<meta http-equiv="Content-Type" content="text/html;charset=utf-8" />
  <meta name='ocr-system' content='tesseract 3.04.00' />
  <meta name='ocr-capabilities' content='ocr_page ocr_carea ocr_par ocr_line ocrx_word'/>
</head>
<body>
  <div class='ocr_page' id='page_1' title='image "./tractatusdeparo00bouigoog_0704.png"; bbox 0 0 3146 4973; ppageno 0'>
   <div class='ocr_carea' id='block_1_1' title="bbox 572 410 1798 476">
    <p class='ocr_par' dir='ltr' id='par_1_1' title="bbox 572 410 1798 476">
     <span class='ocr_line' id='line_1_1' title="bbox 572 410 1798 476; baseline -0.015 -2"><span class='ocrx_word' id='word_1_1' title='bbox 572 410 702 476; x_wconf 61' lang='grc'><strong>699</strong></span> <span class='ocrx_word' id='word_1_2' title='bbox 1573 410 1798 458; x_wconf 74' lang='lat' dir='ltr'><strong>mnnx.</strong></span> 
     </span>
    </p>
   </div>
   <div class='ocr_carea' id='block_1_2' title="bbox 637 569 2804 898">
    <p class='ocr_par' dir='ltr' id='par_1_2' title="bbox 637 569 2801 739">
     <span class='ocr_line' id='line_1_2' title="bbox 637 569 2641 658; baseline -0.014 -16"><span class='ocrx_word' id='word_1_3' title='bbox 637 595 662 658; x_wconf 68' lang='grc'>5</span> <span class='ocrx_word' id='word_1_4' title='bbox 685 595 724 642; x_wconf 93' lang='grc'><strong>1.</strong></span> <span class='ocrx_word' id='word_1_5' title='bbox 751 589 1050 655; x_wconf 84' lang='lat' dir='ltr'><strong>Septuaginta</strong></span> <span class='ocrx_word' id='word_1_6' title='bbox 1077 588 1170 636; x_wconf 90' lang='lat' dir='ltr'><strong>duo</strong></span> <span class='ocrx_word' id='word_1_7' title='bbox 1198 584 1418 646; x_wconf 74' lang='lat' dir='ltr'><strong>discipuli</strong></span> <span class='ocrx_word' id='word_1_8' title='bbox 1442 596 1534 632; x_wconf 91' lang='lat' dir='ltr'><strong>non</strong></span> <span class='ocrx_word' id='word_1_9' title='bbox 1563 580 1755 630; x_wconf 74' lang='lat' dir='ltr'><strong>fuerunt</strong></span> <span class='ocrx_word' id='word_1_10' title='bbox 1788 576 2004 641; x_wconf 77' lang='lat' dir='ltr'>parochi,</span> <span class='ocrx_word' id='word_1_11' title='bbox 2034 586 2183 637; x_wconf 89' lang='lat' dir='ltr'><strong>neque</strong></span> <span class='ocrx_word' id='word_1_12' title='bbox 2211 571 2351 621; x_wconf 84' lang='lat' dir='ltr'><strong>etiam</strong></span> <span class='ocrx_word' id='word_1_13' title='bbox 2380 569 2534 630; x_wconf 81' lang='lat' dir='ltr'>imago</span> <span class='ocrx_word' id='word_1_14' title='bbox 2560 577 2641 616; x_wconf 85' lang='lat' dir='ltr'><strong>aut</strong></span> 
     </span>
     <span class='ocr_line' id='line_1_3' title="bbox 703 655 2801 739; baseline -0.012 -13"><span class='ocrx_word' id='word_1_15' title='bbox 703 686 842 739; x_wconf 72' lang='lat' dir='ltr'><strong>typus</strong></span> <span class='ocrx_word' id='word_1_16' title='bbox 863 675 1174 738; x_wconf 81' lang='lat' dir='ltr'><strong>parochorum</strong></span> <span class='ocrx_word' id='word_1_17' title='bbox 1193 677 1422 733; x_wconf 85' lang='lat' dir='ltr'><strong>quatenus</strong></span> <span class='ocrx_word' id='word_1_18' title='bbox 1450 668 1611 716; x_wconf 74' lang='lat' dir='ltr'><strong>talium</strong></span> <span class='ocrx_word' id='word_1_19' title='bbox 1641 689 2637 714; x_wconf 91' lang='grc'><strong>................</strong></span> <span class='ocrx_word' id='word_1_20' title='bbox 2738 655 2801 701; x_wconf 89' lang='grc'><strong>44</strong></span> 
     </span>
    </p>

    <p class='ocr_par' dir='ltr' id='par_1_3' title="bbox 638 743 2804 898">
     <span class='ocr_line' id='line_1_4' title="bbox 638 743 2643 826; baseline -0.01 -17"><span class='ocrx_word' id='word_1_21' title='bbox 638 763 663 826; x_wconf 66' lang='grc'>5</span> <span class='ocrx_word' id='word_1_22' title='bbox 688 764 755 810; x_wconf 89' lang='grc'><strong>11.</strong></span> <span class='ocrx_word' id='word_1_23' title='bbox 787 758 1005 817; x_wconf 83' lang='lat' dir='ltr'><strong>Parochi,</strong></span> <span class='ocrx_word' id='word_1_24' title='bbox 1033 764 1261 818; x_wconf 86' lang='lat' dir='ltr'><strong>quatenus</strong></span> <span class='ocrx_word' id='word_1_25' title='bbox 1285 754 1423 814; x_wconf 89' lang='lat' dir='ltr'><strong>tales,</strong></span> <span class='ocrx_word' id='word_1_26' title='bbox 1443 766 1536 801; x_wconf 88' lang='lat' dir='ltr'><strong>non</strong></span> <span class='ocrx_word' id='word_1_27' title='bbox 1556 758 1668 799; x_wconf 90' lang='lat' dir='ltr'><strong>sunt</strong></span> <span class='ocrx_word' id='word_1_28' title='bbox 1694 750 1791 797; x_wconf 81' lang='lat' dir='ltr'><strong>ullo</strong></span> <span class='ocrx_word' id='word_1_29' title='bbox 1818 747 1978 808; x_wconf 90' lang='lat' dir='ltr'><strong>modo,</strong></span> <span class='ocrx_word' id='word_1_30' title='bbox 2008 754 2057 794; x_wconf 87' lang='lat' dir='ltr'><strong>et</strong></span> <span class='ocrx_word' id='word_1_31' title='bbox 2081 760 2110 792; x_wconf 92' lang='lat' dir='ltr'><strong>a</strong></span> <span class='ocrx_word' id='word_1_32' title='bbox 2130 743 2313 792; x_wconf 83' lang='lat' dir='ltr'><strong>fortiori</strong></span> <span class='ocrx_word' id='word_1_33' title='bbox 2340 755 2430 790; x_wconf 91' lang='lat' dir='ltr'><strong>non</strong></span> <span class='ocrx_word' id='word_1_34' title='bbox 2460 749 2570 789; x_wconf 87' lang='lat' dir='ltr'><strong>sunt</strong></span> <span class='ocrx_word' id='word_1_35' title='bbox 2588 754 2643 789; x_wconf 80' lang='lat' dir='ltr'><strong>ex</strong></span> 
     </span>
     <span class='ocr_line' id='line_1_5' title="bbox 703 828 2804 898; baseline -0.009 -6"><span class='ocrx_word' id='word_1_36' title='bbox 703 843 994 894; x_wconf 88' lang='lat' dir='ltr'><strong>institutione</strong></span> <span class='ocrx_word' id='word_1_37' title='bbox 1024 839 1198 898; x_wconf 84' lang='lat' dir='ltr'><strong>divina,</strong></span> <span class='ocrx_word' id='word_1_38' title='bbox 1232 850 1532 887; x_wconf 82' lang='lat' dir='ltr'>successores</span> <span class='ocrx_word' id='word_1_39' title='bbox 1568 838 1635 885; x_wconf 70' lang='lat'><strong>72</strong></span> <span class='ocrx_word' id='word_1_40' title='bbox 1674 833 2015 894; x_wconf 84' lang='lat' dir='ltr'><strong>discipulorum</strong></span> <span class='ocrx_word' id='word_1_41' title='bbox 2044 861 2640 879; x_wconf 88' lang='grc'><strong>..........</strong></span> <span class='ocrx_word' id='word_1_42' title='bbox 2743 828 2804 874; x_wconf 75' lang='grc'><strong>47</strong></span> 
     </span>
    </p>
   </div>
   <div class='ocr_carea' id='block_1_3' title="bbox 639 908 2810 1249">
    <p class='ocr_par' dir='ltr' id='par_1_4' title="bbox 639 908 2810 1160">
     <span class='ocr_line' id='line_1_6' title="bbox 639 908 2647 995; baseline -0.011 -17"><span class='ocrx_word' id='word_1_43' title='bbox 639 931 663 995; x_wconf 70' lang='grc'><strong>5</strong></span> <span class='ocrx_word' id='word_1_44' title='bbox 685 930 774 978; x_wconf 90' lang='grc'><strong>111.</strong></span> <span class='ocrx_word' id='word_1_45' title='bbox 806 925 1091 976; x_wconf 85' lang='lat' dir='ltr'><strong>&#39;Traditionis</strong></span> <span class='ocrx_word' id='word_1_46' title='bbox 1117 929 1435 984; x_wconf 88' lang='lat' dir='ltr'><strong>monumenta,</strong></span> <span class='ocrx_word' id='word_1_47' title='bbox 1466 919 1622 984; x_wconf 87' lang='lat' dir='ltr'><strong>quoad</strong></span> <span class='ocrx_word' id='word_1_48' title='bbox 1647 918 1972 981; x_wconf 80' lang='lat' dir='ltr'><strong>presbyteros,</strong></span> <span class='ocrx_word' id='word_1_49' title='bbox 2000 928 2093 962; x_wconf 90' lang='lat' dir='ltr'><strong>non</strong></span> <span class='ocrx_word' id='word_1_50' title='bbox 2120 926 2277 961; x_wconf 79' lang='lat' dir='ltr'><strong>veram</strong></span> <span class='ocrx_word' id='word_1_51' title='bbox 2304 913 2370 959; x_wconf 80' lang='lat'><strong>72</strong></span> <span class='ocrx_word' id='word_1_52' title='bbox 2398 908 2647 970; x_wconf 72' lang='lat' dir='ltr'><strong>discipulis</strong></span> 
     </span>
     <span class='ocr_line' id='line_1_7' title="bbox 704 991 2644 1068; baseline -0.01 -8"><span class='ocrx_word' id='word_1_53' title='bbox 704 1010 1067 1068; x_wconf 78' lang='lat' dir='ltr'><strong>successionem,</strong></span> <span class='ocrx_word' id='word_1_54' title='bbox 1105 1006 1188 1055; x_wconf 88' lang='lat' dir='ltr'><strong>sed</strong></span> <span class='ocrx_word' id='word_1_55' title='bbox 1223 1006 1471 1068; x_wconf 87' lang='lat' dir='ltr'><strong>quamdam</strong></span> <span class='ocrx_word' id='word_1_56' title='bbox 1504 1001 1747 1052; x_wconf 78' lang='lat' dir='ltr'><strong>dumtaxat</strong></span> <span class='ocrx_word' id='word_1_57' title='bbox 1773 999 2129 1050; x_wconf 79' lang='lat' dir='ltr'><strong>similitudinem</strong></span> <span class='ocrx_word' id='word_1_58' title='bbox 2170 996 2420 1045; x_wconf 87' lang='lat' dir='ltr'><strong>adstruunt</strong></span> <span class='ocrx_word' id='word_1_59' title='bbox 2450 1010 2461 1043; x_wconf 75' lang='lat' dir='ltr'>t</span> <span class='ocrx_word' id='word_1_60' title='bbox 2491 991 2644 1056; x_wconf 87' lang='lat' dir='ltr'><strong>quoad</strong></span> 
     </span>
     <span class='ocr_line' id='line_1_8' title="bbox 701 1075 2810 1160; baseline -0.012 -14"><span class='ocrx_word' id='word_1_61' title='bbox 701 1098 933 1160; x_wconf 81' lang='lat' dir='ltr'><strong>parochos</strong></span> <span class='ocrx_word' id='word_1_62' title='bbox 959 1107 1089 1153; x_wconf 83' lang='lat' dir='ltr'><strong>vero,</strong></span> <span class='ocrx_word' id='word_1_63' title='bbox 1118 1107 1177 1140; x_wconf 87' lang='lat' dir='ltr'><strong>ne</strong></span> <span class='ocrx_word' id='word_1_64' title='bbox 1205 1090 1560 1140; x_wconf 81' lang='lat' dir='ltr'><strong>similitudinem</strong></span> <span class='ocrx_word' id='word_1_65' title='bbox 1597 1088 1784 1150; x_wconf 88' lang='lat' dir='ltr'><strong>quidem</strong></span> <span class='ocrx_word' id='word_1_66' title='bbox 1822 1083 2132 1134; x_wconf 88' lang='lat' dir='ltr'><strong>institutionis</strong></span> <span class='ocrx_word' id='word_1_67' title='bbox 2169 1081 2529 1129; x_wconf 85' lang='lat' dir='ltr'><strong>demonstrant.</strong></span> <span class='ocrx_word' id='word_1_68' title='bbox 2582 1113 2596 1126; x_wconf 94' lang='lat'><strong><em>.</em></strong></span> <span class='ocrx_word' id='word_1_69' title='bbox 2629 1113 2642 1124; x_wconf 91' lang='lat'><strong>.</strong></span> <span class='ocrx_word' id='word_1_70' title='bbox 2746 1075 2810 1122; x_wconf 76' lang='lat'><strong>⁴8</strong></span> 
     </span>
    </p>

    <p class='ocr_par' dir='ltr' id='par_1_5' title="bbox 642 1164 2644 1249">
     <span class='ocr_line' id='line_1_9' title="bbox 642 1164 2644 1249; baseline -0.01 -17"><span class='ocrx_word' id='word_1_71' title='bbox 642 1183 667 1249; x_wconf 66' lang='grc' dir='ltr'>Ξ</span> <span class='ocrx_word' id='word_1_72' title='bbox 691 1186 773 1233; x_wconf 82' lang='lat' dir='ltr'><strong>W.</strong></span> <span class='ocrx_word' id='word_1_73' title='bbox 805 1182 1070 1230; x_wconf 76' lang='lat' dir='ltr'><strong>Auctoritas</strong></span> <span class='ocrx_word' id='word_1_74' title='bbox 1097 1177 1360 1237; x_wconf 88' lang='lat' dir='ltr'><strong>doctorum,</strong></span> <span class='ocrx_word' id='word_1_75' title='bbox 1391 1176 1470 1238; x_wconf 89' lang='lat' dir='ltr'><strong>qui</strong></span> <span class='ocrx_word' id='word_1_76' title='bbox 1499 1174 1791 1222; x_wconf 86' lang='lat' dir='ltr'><strong>admiserunt</strong></span> <span class='ocrx_word' id='word_1_77' title='bbox 1825 1171 2138 1232; x_wconf 85' lang='lat' dir='ltr'><strong>parochorum</strong></span> <span class='ocrx_word' id='word_1_78' title='bbox 2168 1181 2196 1214; x_wconf 89' lang='lat' dir='ltr'><strong>a</strong></span> <span class='ocrx_word' id='word_1_79' title='bbox 2223 1168 2287 1214; x_wconf 77' lang='lat'><strong>72</strong></span> <span class='ocrx_word' id='word_1_80' title='bbox 2315 1164 2562 1226; x_wconf 83' lang='lat' dir='ltr'><strong>discipulis</strong></span> <span class='ocrx_word' id='word_1_81' title='bbox 2589 1176 2644 1212; x_wconf 84' lang='lat' dir='ltr'><strong>ex</strong></span> 
     </span>
    </p>
   </div>
   <div class='ocr_carea' id='block_1_4' title="bbox 701 1251 2813 1490">
    <p class='ocr_par' dir='ltr' id='par_1_6' title="bbox 701 1251 2813 1490">
     <span class='ocr_line' id='line_1_10' title="bbox 701 1251 2808 1320; baseline -0.008 -7"><span class='ocrx_word' id='word_1_82' title='bbox 701 1266 859 1315; x_wconf 83' lang='lat' dir='ltr'><strong>divina</strong></span> <span class='ocrx_word' id='word_1_83' title='bbox 881 1264 1168 1313; x_wconf 86' lang='lat' dir='ltr'><strong>institutione</strong></span> <span class='ocrx_word' id='word_1_84' title='bbox 1197 1260 1547 1320; x_wconf 71' lang='lat' dir='ltr'><strong>derivationem,</strong></span> <span class='ocrx_word' id='word_1_85' title='bbox 1578 1260 1669 1306; x_wconf 73' lang='lat' dir='ltr'><strong>vim</strong></span> <span class='ocrx_word' id='word_1_86' title='bbox 1698 1251 1933 1318; x_wconf 87' lang='lat' dir='ltr'><strong>probandi</strong></span> <span class='ocrx_word' id='word_1_87' title='bbox 1958 1268 2051 1302; x_wconf 90' lang='lat' dir='ltr'><strong>non</strong></span> <span class='ocrx_word' id='word_1_88' title='bbox 2077 1254 2220 1301; x_wconf 85' lang='lat' dir='ltr'><strong>habet</strong></span> <span class='ocrx_word' id='word_1_89' title='bbox 2247 1285 2641 1301; x_wconf 92' lang='grc'><strong>.......</strong></span> <span class='ocrx_word' id='word_1_90' title='bbox 2748 1252 2808 1298; x_wconf 77' lang='grc'><strong>57</strong></span> 
     </span>
     <span class='ocr_line' id='line_1_11' title="bbox 704 1336 2806 1407; baseline -0.009 -8"><span class='ocrx_word' id='word_1_91' title='bbox 704 1352 743 1399; x_wconf 92' lang='grc'><strong>1.</strong></span> <span class='ocrx_word' id='word_1_92' title='bbox 771 1352 891 1399; x_wconf 85' lang='lat' dir='ltr'><strong>Num</strong></span> <span class='ocrx_word' id='word_1_93' title='bbox 910 1348 1075 1396; x_wconf 84' lang='lat' dir='ltr'><strong>merito</strong></span> <span class='ocrx_word' id='word_1_94' title='bbox 1095 1347 1338 1407; x_wconf 80' lang='lat' dir='ltr'><strong>objiciatur</strong></span> <span class='ocrx_word' id='word_1_95' title='bbox 1366 1343 1589 1392; x_wconf 87' lang='lat' dir='ltr'><strong>Gersonis</strong></span> <span class='ocrx_word' id='word_1_96' title='bbox 1611 1341 1896 1390; x_wconf 82' lang='lat' dir='ltr'><strong>auctoritas?</strong></span> <span class='ocrx_word' id='word_1_97' title='bbox 1924 1367 2616 1388; x_wconf 89' lang='grc'><strong><em>...........</em></strong></span> <span class='ocrx_word' id='word_1_98' title='bbox 2744 1336 2806 1380; x_wconf 80' lang='grc'><strong>57</strong></span> 
     </span>
     <span class='ocr_line' id='line_1_12' title="bbox 704 1420 2813 1490; baseline -0.007 -9"><span class='ocrx_word' id='word_1_99' title='bbox 704 1435 772 1482; x_wconf 90' lang='grc'><strong>11.</strong></span> <span class='ocrx_word' id='word_1_100' title='bbox 797 1433 917 1480; x_wconf 80' lang='lat' dir='ltr'><strong>Num</strong></span> <span class='ocrx_word' id='word_1_101' title='bbox 945 1431 1110 1479; x_wconf 87' lang='lat' dir='ltr'><strong>merito</strong></span> <span class='ocrx_word' id='word_1_102' title='bbox 1129 1430 1376 1490; x_wconf 86' lang='lat' dir='ltr'><strong>objiciatur</strong></span> <span class='ocrx_word' id='word_1_103' title='bbox 1400 1429 1623 1476; x_wconf 85' lang='lat' dir='ltr'><strong>Sorbonae</strong></span> <span class='ocrx_word' id='word_1_104' title='bbox 1651 1420 1944 1474; x_wconf 74' lang='lat' dir='ltr'><strong>auctoritas?</strong></span> <span class='ocrx_word' id='word_1_105' title='bbox 1973 1451 2643 1472; x_wconf 86' lang='grc'><strong>...........</strong></span> <span class='ocrx_word' id='word_1_106' title='bbox 2749 1420 2813 1466; x_wconf 77' lang='grc'><strong>64</strong></span> 
     </span>
    </p>
   </div>
   <div class='ocr_carea' id='block_1_5' title="bbox 704 1503 2815 1658">
    <p class='ocr_par' dir='ltr' id='par_1_7' title="bbox 704 1503 2815 1658">
     <span class='ocr_line' id='line_1_13' title="bbox 707 1503 2815 1574; baseline -0.009 -10"><span class='ocrx_word' id='word_1_107' title='bbox 707 1518 795 1564; x_wconf 87' lang='grc'><strong>111.</strong></span> <span class='ocrx_word' id='word_1_108' title='bbox 825 1516 981 1563; x_wconf 77' lang='lat' dir='ltr'><strong>Minus</strong></span> <span class='ocrx_word' id='word_1_109' title='bbox 1003 1521 1128 1562; x_wconf 86' lang='lat' dir='ltr'><strong>recte</strong></span> <span class='ocrx_word' id='word_1_110' title='bbox 1154 1515 1435 1574; x_wconf 85' lang='lat' dir='ltr'><strong>objiceretur</strong></span> <span class='ocrx_word' id='word_1_111' title='bbox 1459 1511 1656 1559; x_wconf 74' lang='lat' dir='ltr'><strong>loannis</strong></span> <span class='ocrx_word' id='word_1_112' title='bbox 1684 1509 1876 1570; x_wconf 65' lang='lat' dir='ltr'><strong>majoris</strong></span> <span class='ocrx_word' id='word_1_113' title='bbox 1906 1516 1951 1555; x_wconf 85' lang='lat' dir='ltr'><strong>et</strong></span> <span class='ocrx_word' id='word_1_114' title='bbox 1988 1506 2204 1555; x_wconf 81' lang='lat' dir='ltr'><strong>Juvenini</strong></span> <span class='ocrx_word' id='word_1_115' title='bbox 2234 1503 2491 1550; x_wconf 82' lang='lat' dir='ltr'><strong>auctoritas</strong></span> <span class='ocrx_word' id='word_1_116' title='bbox 2521 1540 2533 1550; x_wconf 90' lang='lat'><strong>.</strong></span> <span class='ocrx_word' id='word_1_117' title='bbox 2585 1539 2596 1550; x_wconf 91' lang='lat'><em>.</em></span> <span class='ocrx_word' id='word_1_118' title='bbox 2631 1536 2643 1548; x_wconf 94' lang='lat'><strong><em>.</em></strong></span> <span class='ocrx_word' id='word_1_119' title='bbox 2751 1503 2815 1548; x_wconf 85' lang='grc'><strong>69</strong></span> 
     </span>
     <span class='ocr_line' id='line_1_14' title="bbox 704 1585 2646 1658; baseline -0.008 -10"><span class='ocrx_word' id='word_1_120' title='bbox 704 1602 786 1649; x_wconf 83' lang='lat' dir='ltr'><strong>IV.</strong></span> <span class='ocrx_word' id='word_1_121' title='bbox 811 1599 1115 1647; x_wconf 71' lang='lat' dir='ltr'><strong>probatorum</strong></span> <span class='ocrx_word' id='word_1_122' title='bbox 1135 1596 1492 1658; x_wconf 87' lang='lat' dir='ltr'><strong>doctorum,qui</strong></span> <span class='ocrx_word' id='word_1_123' title='bbox 1512 1594 1652 1654; x_wconf 87' lang='lat' dir='ltr'><strong>objici</strong></span> <span class='ocrx_word' id='word_1_124' title='bbox 1670 1599 1889 1654; x_wconf 90' lang='lat' dir='ltr'><strong>possunt,</strong></span> <span class='ocrx_word' id='word_1_125' title='bbox 1914 1591 2172 1638; x_wconf 81' lang='lat' dir='ltr'><strong>auctoritas</strong></span> <span class='ocrx_word' id='word_1_126' title='bbox 2186 1589 2278 1636; x_wconf 77' lang='lat' dir='ltr'><strong>vim</strong></span> <span class='ocrx_word' id='word_1_127' title='bbox 2299 1585 2529 1648; x_wconf 84' lang='lat' dir='ltr'><strong>probandi</strong></span> <span class='ocrx_word' id='word_1_128' title='bbox 2554 1599 2646 1633; x_wconf 87' lang='lat' dir='ltr'><strong>non</strong></span> 
     </span>
    </p>
   </div>
   <div class='ocr_carea' id='block_1_6' title="bbox 572 1674 2827 2590">
    <p class='ocr_par' dir='ltr' id='par_1_8' title="bbox 572 1674 2827 2590">
     <span class='ocr_line' id='line_1_15' title="bbox 773 1674 2809 1736; baseline -0.006 -6"><span class='ocrx_word' id='word_1_129' title='bbox 773 1684 913 1732; x_wconf 86' lang='lat' dir='ltr'><strong>habet</strong></span> <span class='ocrx_word' id='word_1_130' title='bbox 973 1705 2643 1736; x_wconf 87' lang='grc'><strong>..........................</strong></span> <span class='ocrx_word' id='word_1_131' title='bbox 2752 1674 2809 1719; x_wconf 74' lang='grc'><strong>71</strong></span> 
     </span>
     <span class='ocr_line' id='line_1_16' title="bbox 572 1753 2649 1826; baseline -0.009 -8"><span class='ocrx_word' id='word_1_132' title='bbox 572 1770 768 1819; x_wconf 76' lang='lat' dir='ltr'>CAPUT</span> <span class='ocrx_word' id='word_1_133' title='bbox 803 1769 911 1816; x_wconf 83' lang='lat' dir='ltr'><strong>vlt.</strong></span> <span class='ocrx_word' id='word_1_134' title='bbox 952 1768 1141 1815; x_wconf 83' lang='lat' dir='ltr'><strong>Falsum</strong></span> <span class='ocrx_word' id='word_1_135' title='bbox 1178 1773 1249 1814; x_wconf 89' lang='lat' dir='ltr'><strong>est</strong></span> <span class='ocrx_word' id='word_1_136' title='bbox 1285 1764 1504 1826; x_wconf 88' lang='lat' dir='ltr'><strong>parochis</strong></span> <span class='ocrx_word' id='word_1_137' title='bbox 1544 1762 1793 1810; x_wconf 82' lang='lat' dir='ltr'><strong>conflatum</strong></span> <span class='ocrx_word' id='word_1_138' title='bbox 1834 1759 1982 1808; x_wconf 83' lang='lat' dir='ltr'><strong>fuisse</strong></span> <span class='ocrx_word' id='word_1_139' title='bbox 2026 1765 2161 1806; x_wconf 77' lang='lat' dir='ltr'><strong>vetus</strong></span> <span class='ocrx_word' id='word_1_140' title='bbox 2196 1754 2562 1817; x_wconf 74' lang='lat' dir='ltr'><strong>presbyterium,</strong></span> <span class='ocrx_word' id='word_1_141' title='bbox 2602 1753 2649 1800; x_wconf 90' lang='lat' dir='ltr'><strong>in</strong></span> 
     </span>
     <span class='ocr_line' id='line_1_17' title="bbox 637 1836 2820 1915; baseline -0.01 -13"><span class='ocrx_word' id='word_1_142' title='bbox 637 1854 842 1915; x_wconf 87' lang='lat' dir='ltr'><strong>antiquis</strong></span> <span class='ocrx_word' id='word_1_143' title='bbox 868 1850 1196 1901; x_wconf 83' lang='lat' dir='ltr'><strong>ecclesiasticis</strong></span> <span class='ocrx_word' id='word_1_144' title='bbox 1223 1847 1540 1897; x_wconf 87' lang='lat' dir='ltr'><strong>monumentis</strong></span> <span class='ocrx_word' id='word_1_145' title='bbox 1568 1852 1884 1894; x_wconf 86' lang='lat' dir='ltr'><strong>memoratum</strong></span> <span class='ocrx_word' id='word_1_146' title='bbox 1915 1875 2264 1894; x_wconf 92' lang='grc'><strong>......</strong></span> <span class='ocrx_word' id='word_1_147' title='bbox 2755 1836 2820 1881; x_wconf 75' lang='grc' dir='ltr'><strong>’ἰῦ</strong></span> 
     </span>
     <span class='ocr_line' id='line_1_18' title="bbox 572 1921 2653 1996; baseline -0.01 -9"><span class='ocrx_word' id='word_1_148' title='bbox 572 1939 768 1989; x_wconf 74' lang='lat' dir='ltr'>CAPUT</span> <span class='ocrx_word' id='word_1_149' title='bbox 798 1938 925 1985; x_wconf 82' lang='lat' dir='ltr'><strong>vm.</strong></span> <span class='ocrx_word' id='word_1_150' title='bbox 957 1935 1155 1984; x_wconf 84' lang='lat' dir='ltr'><strong>Parochi</strong></span> <span class='ocrx_word' id='word_1_151' title='bbox 1193 1948 1341 1996; x_wconf 89' lang='lat' dir='ltr'><strong>neque</strong></span> <span class='ocrx_word' id='word_1_152' title='bbox 1368 1931 1536 1981; x_wconf 77' lang='lat' dir='ltr'><strong>divinae</strong></span> <span class='ocrx_word' id='word_1_153' title='bbox 1576 1929 1889 1979; x_wconf 88' lang='lat' dir='ltr'><strong>institutionis</strong></span> <span class='ocrx_word' id='word_1_154' title='bbox 1932 1934 2060 1985; x_wconf 89' lang='lat' dir='ltr'><strong>sunt,</strong></span> <span class='ocrx_word' id='word_1_155' title='bbox 2091 1937 2241 1986; x_wconf 88' lang='lat' dir='ltr'><strong>neque</strong></span> <span class='ocrx_word' id='word_1_156' title='bbox 2279 1921 2574 1984; x_wconf 79' lang='lat' dir='ltr'><strong>apostolicae;</strong></span> <span class='ocrx_word' id='word_1_157' title='bbox 2605 1929 2653 1967; x_wconf 85' lang='lat' dir='ltr'><strong>at</strong></span> 
     </span>
     <span class='ocr_line' id='line_1_19' title="bbox 641 2003 2826 2072; baseline -0.01 0"><span class='ocrx_word' id='word_1_158' title='bbox 641 2024 883 2072; x_wconf 83' lang='lat' dir='ltr'><strong>dumtaxat</strong></span> <span class='ocrx_word' id='word_1_159' title='bbox 928 2021 1253 2070; x_wconf 63' lang='lat' dir='ltr'><strong>ecclesiastica!</strong></span> <span class='ocrx_word' id='word_1_160' title='bbox 1312 2041 2649 2067; x_wconf 89' lang='grc'><strong>.....................</strong></span> <span class='ocrx_word' id='word_1_161' title='bbox 2758 2003 2826 2052; x_wconf 75' lang='grc'><strong>79</strong></span> 
     </span>
     <span class='ocr_line' id='line_1_20' title="bbox 577 2089 2827 2164; baseline -0.009 -8"><span class='ocrx_word' id='word_1_162' title='bbox 577 2104 829 2156; x_wconf 82' lang='lat' dir='ltr'><strong><em>SECTIO</em></strong></span> <span class='ocrx_word' id='word_1_163' title='bbox 855 2105 931 2154; x_wconf 91' lang='lat'><strong>11.</strong></span> <span class='ocrx_word' id='word_1_164' title='bbox 963 2106 1032 2151; x_wconf 85' lang='lat' dir='ltr'><strong>De</strong></span> <span class='ocrx_word' id='word_1_165' title='bbox 1060 2103 1359 2164; x_wconf 84' lang='lat' dir='ltr'><strong>parochiatus</strong></span> <span class='ocrx_word' id='word_1_166' title='bbox 1387 2100 1595 2148; x_wconf 84' lang='lat' dir='ltr'><strong>essentia</strong></span> <span class='ocrx_word' id='word_1_167' title='bbox 1622 2106 1668 2146; x_wconf 89' lang='lat' dir='ltr'><strong>et</strong></span> <span class='ocrx_word' id='word_1_168' title='bbox 1690 2105 1817 2146; x_wconf 86' lang='lat' dir='ltr'><strong>recta</strong></span> <span class='ocrx_word' id='word_1_169' title='bbox 1841 2097 2031 2144; x_wconf 89' lang='lat' dir='ltr'><strong>notione</strong></span> <span class='ocrx_word' id='word_1_170' title='bbox 2057 2124 2653 2144; x_wconf 88' lang='grc'><strong>..........</strong></span> <span class='ocrx_word' id='word_1_171' title='bbox 2762 2089 2827 2136; x_wconf 77' lang='lat'><strong>82</strong></span> 
     </span>
     <span class='ocr_line' id='line_1_21' title="bbox 577 2172 2827 2251; baseline -0.01 -10"><span class='ocrx_word' id='word_1_172' title='bbox 577 2192 771 2241; x_wconf 75' lang='lat' dir='ltr'>CAPUT</span> <span class='ocrx_word' id='word_1_173' title='bbox 803 2192 842 2238; x_wconf 84' lang='lat'><strong>1.</strong></span> <span class='ocrx_word' id='word_1_174' title='bbox 873 2190 1132 2251; x_wconf 80' lang='lat' dir='ltr'><strong>Exponitur</strong></span> <span class='ocrx_word' id='word_1_175' title='bbox 1166 2199 1411 2235; x_wconf 87' lang='lat' dir='ltr'><strong>erroneum</strong></span> <span class='ocrx_word' id='word_1_176' title='bbox 1434 2182 1725 2246; x_wconf 88' lang='lat' dir='ltr'><strong>parochismi</strong></span> <span class='ocrx_word' id='word_1_177' title='bbox 1753 2188 1961 2244; x_wconf 79' lang='lat' dir='ltr'><strong>systema</strong></span> <span class='ocrx_word' id='word_1_178' title='bbox 1988 2209 2651 2227; x_wconf 88' lang='grc'><strong>...........</strong></span> <span class='ocrx_word' id='word_1_179' title='bbox 2761 2172 2827 2219; x_wconf 69' lang='grc'><strong>89.</strong></span> 
     </span>
     <span class='ocr_line' id='line_1_22' title="bbox 644 2255 2827 2343; baseline -0.011 -17"><span class='ocrx_word' id='word_1_180' title='bbox 644 2275 734 2343; x_wconf 60' lang='lat' dir='ltr'><strong>fil.</strong></span> <span class='ocrx_word' id='word_1_181' title='bbox 782 2279 879 2326; x_wconf 89' lang='lat' dir='ltr'><strong>Cur</strong></span> <span class='ocrx_word' id='word_1_182' title='bbox 911 2273 1196 2337; x_wconf 86' lang='lat' dir='ltr'><strong>paroehismi</strong></span> <span class='ocrx_word' id='word_1_183' title='bbox 1233 2272 1455 2321; x_wconf 79' lang='lat' dir='ltr'><strong>vocabulo</strong></span> <span class='ocrx_word' id='word_1_184' title='bbox 1496 2270 1795 2332; x_wconf 87' lang='lat' dir='ltr'><strong>potiusquam</strong></span> <span class='ocrx_word' id='word_1_185' title='bbox 1833 2262 2272 2326; x_wconf 71' lang='lat' dir='ltr'><strong>presbyterianismi</strong></span> <span class='ocrx_word' id='word_1_186' title='bbox 2312 2268 2500 2308; x_wconf 86' lang='lat' dir='ltr'><strong>utamur</strong></span> <span class='ocrx_word' id='word_1_187' title='bbox 2526 2294 2538 2306; x_wconf 91' lang='lat'><strong>.</strong></span> <span class='ocrx_word' id='word_1_188' title='bbox 2592 2290 2605 2304; x_wconf 87' lang='lat'>.</span> <span class='ocrx_word' id='word_1_189' title='bbox 2640 2292 2651 2302; x_wconf 93' lang='lat'><em>.</em></span> <span class='ocrx_word' id='word_1_190' title='bbox 2761 2255 2827 2302; x_wconf 74' lang='lat'><strong>82</strong></span> 
     </span>
     <span class='ocr_line' id='line_1_23' title="bbox 646 2339 2826 2427; baseline -0.011 -18"><span class='ocrx_word' id='word_1_191' title='bbox 646 2360 672 2427; x_wconf 64' lang='grc' dir='ltr'>ξ</span> <span class='ocrx_word' id='word_1_192' title='bbox 697 2362 765 2408; x_wconf 91' lang='grc'><strong>11.</strong></span> <span class='ocrx_word' id='word_1_193' title='bbox 795 2358 1085 2407; x_wconf 84' lang='lat' dir='ltr'><strong>Parochismi</strong></span> <span class='ocrx_word' id='word_1_194' title='bbox 1119 2357 1303 2418; x_wconf 85' lang='lat' dir='ltr'><strong>genesis</strong></span> <span class='ocrx_word' id='word_1_195' title='bbox 1330 2363 1376 2403; x_wconf 88' lang='lat' dir='ltr'><strong>et</strong></span> <span class='ocrx_word' id='word_1_196' title='bbox 1410 2352 1687 2416; x_wconf 84' lang='lat' dir='ltr'><strong>propagatio</strong></span> <span class='ocrx_word' id='word_1_197' title='bbox 1715 2376 2649 2401; x_wconf 79' lang='grc'><strong>...............</strong></span> <span class='ocrx_word' id='word_1_198' title='bbox 2760 2339 2826 2385; x_wconf 87' lang='grc'><strong>84</strong></span> 
     </span>
     <span class='ocr_line' id='line_1_24' title="bbox 647 2428 2657 2507; baseline -0.01 -13"><span class='ocrx_word' id='word_1_199' title='bbox 647 2445 786 2507; x_wconf 66' lang='lat'>5111.</span> <span class='ocrx_word' id='word_1_200' title='bbox 817 2445 1028 2501; x_wconf 85' lang='lat' dir='ltr'><strong>Quonam</strong></span> <span class='ocrx_word' id='word_1_201' title='bbox 1058 2439 1215 2489; x_wconf 87' lang='lat' dir='ltr'><strong>tendat</strong></span> <span class='ocrx_word' id='word_1_202' title='bbox 1236 2437 1584 2501; x_wconf 86' lang='lat' dir='ltr'><strong>parochismus‚</strong></span> <span class='ocrx_word' id='word_1_203' title='bbox 1614 2442 1661 2483; x_wconf 85' lang='lat' dir='ltr'><strong>et</strong></span> <span class='ocrx_word' id='word_1_204' title='bbox 1684 2441 1906 2499; x_wconf 86' lang='lat' dir='ltr'><strong>quantum</strong></span> <span class='ocrx_word' id='word_1_205' title='bbox 1935 2432 2133 2496; x_wconf 86' lang='lat' dir='ltr'><strong>periculi</strong></span> <span class='ocrx_word' id='word_1_206' title='bbox 2163 2429 2419 2480; x_wconf 81' lang='lat' dir='ltr'><strong>hodiedum</strong></span> <span class='ocrx_word' id='word_1_207' title='bbox 2448 2430 2538 2476; x_wconf 86' lang='lat' dir='ltr'><strong>sub</strong></span> <span class='ocrx_word' id='word_1_208' title='bbox 2566 2428 2657 2476; x_wconf 88' lang='lat' dir='ltr'><strong>isto</strong></span> 
     </span>
     <span class='ocr_line' id='line_1_25' title="bbox 714 2513 2819 2590; baseline -0.008 -14"><span class='ocrx_word' id='word_1_209' title='bbox 714 2526 935 2590; x_wconf 76' lang='lat' dir='ltr'><strong>pestifero</strong></span> <span class='ocrx_word' id='word_1_210' title='bbox 982 2532 1233 2587; x_wconf 77' lang='lat' dir='ltr'><strong>systemate</strong></span> <span class='ocrx_word' id='word_1_211' title='bbox 1276 2524 1422 2572; x_wconf 88' lang='lat' dir='ltr'><strong>lateat</strong></span> <span class='ocrx_word' id='word_1_212' title='bbox 1447 2550 2655 2573; x_wconf 83' lang='grc'><strong>...................</strong></span> <span class='ocrx_word' id='word_1_213' title='bbox 2763 2513 2819 2560; x_wconf 97' lang='grc'><strong>91</strong></span> 
     </span>
    </p>
   </div>
   <div class='ocr_carea' id='block_1_7' title="bbox 583 2598 2830 2761">
    <p class='ocr_par' dir='ltr' id='par_1_9' title="bbox 583 2598 2830 2761">
     <span class='ocr_line' id='line_1_26' title="bbox 583 2598 2830 2664; baseline -0.008 -3"><span class='ocrx_word' id='word_1_214' title='bbox 583 2613 779 2664; x_wconf 80' lang='lat' dir='ltr'>CAPUT</span> <span class='ocrx_word' id='word_1_215' title='bbox 805 2611 871 2658; x_wconf 87' lang='lat'><strong>11.</strong></span> <span class='ocrx_word' id='word_1_216' title='bbox 901 2608 1100 2657; x_wconf 77' lang='lat' dir='ltr'><strong>Par-ochi</strong></span> <span class='ocrx_word' id='word_1_217' title='bbox 1123 2620 1215 2655; x_wconf 91' lang='lat' dir='ltr'><strong>non</strong></span> <span class='ocrx_word' id='word_1_218' title='bbox 1252 2607 1541 2655; x_wconf 88' lang='lat' dir='ltr'><strong>constituunt</strong></span> <span class='ocrx_word' id='word_1_219' title='bbox 1564 2604 1755 2653; x_wconf 85' lang='lat' dir='ltr'><strong>tertium</strong></span> <span class='ocrx_word' id='word_1_220' title='bbox 1784 2603 2061 2651; x_wconf 74' lang='lat' dir='ltr'><strong>hierarchiae</strong></span> <span class='ocrx_word' id='word_1_221' title='bbox 2086 2601 2300 2650; x_wconf 83' lang='lat' dir='ltr'><strong>ordinem</strong></span> <span class='ocrx_word' id='word_1_222' title='bbox 2330 2638 2344 2651; x_wconf 89' lang='lat'><strong>.</strong></span> <span class='ocrx_word' id='word_1_223' title='bbox 2398 2637 2411 2649; x_wconf 92' lang='lat'>.</span> <span class='ocrx_word' id='word_1_224' title='bbox 2466 2633 2478 2645; x_wconf 91' lang='lat'>.</span> <span class='ocrx_word' id='word_1_225' title='bbox 2526 2638 2540 2653; x_wconf 82' lang='grc'><strong>.</strong></span> <span class='ocrx_word' id='word_1_226' title='bbox 2599 2633 2611 2645; x_wconf 92' lang='grc'><strong>.</strong></span> <span class='ocrx_word' id='word_1_227' title='bbox 2645 2634 2656 2645; x_wconf 91' lang='grc'><strong>.</strong></span> <span class='ocrx_word' id='word_1_228' title='bbox 2766 2598 2830 2644; x_wconf 85' lang='grc'><strong>96</strong></span> 
     </span>
     <span class='ocr_line' id='line_1_27' title="bbox 653 2685 2663 2761; baseline -0.005 -18"><span class='ocrx_word' id='word_1_229' title='bbox 653 2693 736 2761; x_wconf 62' lang='lat' dir='ltr'><strong>fil.</strong></span> <span class='ocrx_word' id='word_1_230' title='bbox 764 2695 946 2751; x_wconf 86' lang='lat' dir='ltr'><strong>Quibus</strong></span> <span class='ocrx_word' id='word_1_231' title='bbox 965 2692 1177 2741; x_wconf 84' lang='lat' dir='ltr'><strong>sormulis</strong></span> <span class='ocrx_word' id='word_1_232' title='bbox 1205 2700 1251 2739; x_wconf 86' lang='lat' dir='ltr'><strong>et</strong></span> <span class='ocrx_word' id='word_1_233' title='bbox 1276 2704 1367 2753; x_wconf 89' lang='lat' dir='ltr'><strong>quo</strong></span> <span class='ocrx_word' id='word_1_234' title='bbox 1392 2702 1536 2738; x_wconf 88' lang='lat' dir='ltr'><strong>sensu</strong></span> <span class='ocrx_word' id='word_1_235' title='bbox 1558 2689 1836 2751; x_wconf 81' lang='lat' dir='ltr'><strong>parochistae</strong></span> <span class='ocrx_word' id='word_1_236' title='bbox 1858 2686 2185 2735; x_wconf 82' lang='lat' dir='ltr'><strong>contenderint</strong></span> <span class='ocrx_word' id='word_1_237' title='bbox 2203 2694 2392 2736; x_wconf 88' lang='lat' dir='ltr'><strong>curatos</strong></span> <span class='ocrx_word' id='word_1_238' title='bbox 2420 2685 2663 2733; x_wconf 75' lang='lat' dir='ltr'><strong>efformare</strong></span> 
     </span>
    </p>
   </div>
   <div class='ocr_carea' id='block_1_8' title="bbox 592 2770 2850 3767">
    <p class='ocr_par' dir='ltr' id='par_1_10' title="bbox 592 2770 2850 3767">
     <span class='ocr_line' id='line_1_28' title="bbox 719 2770 2829 2829; baseline -0.007 -1"><span class='ocrx_word' id='word_1_239' title='bbox 719 2781 905 2829; x_wconf 89' lang='lat' dir='ltr'><strong>tertium</strong></span> <span class='ocrx_word' id='word_1_240' title='bbox 925 2777 1198 2827; x_wconf 74' lang='lat' dir='ltr'><strong>hierarchiae</strong></span> <span class='ocrx_word' id='word_1_241' title='bbox 1221 2775 1446 2823; x_wconf 82' lang='lat' dir='ltr'><strong>divinitus</strong></span> <span class='ocrx_word' id='word_1_242' title='bbox 1466 2773 1691 2822; x_wconf 65' lang='lat' dir='ltr'><strong>instituta!</strong></span> <span class='ocrx_word' id='word_1_243' title='bbox 1719 2771 1929 2820; x_wconf 87' lang='lat' dir='ltr'><strong>ordinem</strong></span> <span class='ocrx_word' id='word_1_244' title='bbox 1945 2804 2659 2821; x_wconf 87' lang='grc'><strong>............</strong></span> <span class='ocrx_word' id='word_1_245' title='bbox 2766 2770 2829 2815; x_wconf 74' lang='lat'><strong>9¹0·</strong></span> 
     </span>
     <span class='ocr_line' id='line_1_29' title="bbox 659 2853 2833 2929; baseline -0.007 -16"><span class='ocrx_word' id='word_1_246' title='bbox 659 2865 769 2929; x_wconf 65' lang='lat'><strong>511.</strong></span> <span class='ocrx_word' id='word_1_247' title='bbox 796 2863 920 2922; x_wconf 86' lang='lat' dir='ltr'><strong>Quid</strong></span> <span class='ocrx_word' id='word_1_248' title='bbox 946 2864 1007 2911; x_wconf 87' lang='lat' dir='ltr'><strong>sit</strong></span> <span class='ocrx_word' id='word_1_249' title='bbox 1029 2861 1311 2920; x_wconf 82' lang='lat' dir='ltr'><strong>hierarchia,</strong></span> <span class='ocrx_word' id='word_1_250' title='bbox 1334 2867 1380 2907; x_wconf 90' lang='lat' dir='ltr'><strong>et</strong></span> <span class='ocrx_word' id='word_1_251' title='bbox 1404 2870 1615 2921; x_wconf 76' lang='lat' dir='ltr'><strong>quaenam</strong></span> <span class='ocrx_word' id='word_1_252' title='bbox 1639 2856 1780 2906; x_wconf 70' lang='lat' dir='ltr'><strong>variae</strong></span> <span class='ocrx_word' id='word_1_253' title='bbox 1807 2854 2087 2904; x_wconf 66' lang='lat' dir='ltr'><strong>hierarchia!</strong></span> <span class='ocrx_word' id='word_1_254' title='bbox 2116 2854 2303 2916; x_wconf 86' lang='lat' dir='ltr'><strong>species</strong></span> <span class='ocrx_word' id='word_1_255' title='bbox 2333 2887 2657 2902; x_wconf 90' lang='grc'><strong>......</strong></span> <span class='ocrx_word' id='word_1_256' title='bbox 2734 2853 2833 2899; x_wconf 79' lang='grc'><strong>103</strong></span> 
     </span>
     <span class='ocr_line' id='line_1_30' title="bbox 655 2936 2663 3013; baseline -0.008 -15"><span class='ocrx_word' id='word_1_257' title='bbox 655 2951 680 3013; x_wconf 73' lang='grc'>5</span> <span class='ocrx_word' id='word_1_258' title='bbox 705 2952 793 2998; x_wconf 89' lang='grc'><strong>111.</strong></span> <span class='ocrx_word' id='word_1_259' title='bbox 823 2947 1099 3010; x_wconf 81' lang='lat' dir='ltr'><strong>Exploditur</strong></span> <span class='ocrx_word' id='word_1_260' title='bbox 1122 2952 1433 2996; x_wconf 87' lang='lat' dir='ltr'><strong>commentum</strong></span> <span class='ocrx_word' id='word_1_261' title='bbox 1454 2943 1510 2991; x_wconf 90' lang='lat' dir='ltr'><strong>de</strong></span> <span class='ocrx_word' id='word_1_262' title='bbox 1529 2943 1752 3005; x_wconf 88' lang='lat' dir='ltr'><strong>parochis</strong></span> <span class='ocrx_word' id='word_1_263' title='bbox 1776 2942 1963 2990; x_wconf 89' lang='lat' dir='ltr'><strong>tertium</strong></span> <span class='ocrx_word' id='word_1_264' title='bbox 1986 2939 2262 2988; x_wconf 66' lang='lat' dir='ltr'><strong>hierarchiae</strong></span> <span class='ocrx_word' id='word_1_265' title='bbox 2280 2938 2508 2987; x_wconf 80' lang='lat' dir='ltr'><strong>divinitus</strong></span> <span class='ocrx_word' id='word_1_266' title='bbox 2524 2936 2663 2984; x_wconf 81' lang='lat' dir='ltr'><strong>insti-</strong></span> 
     </span>
     <span class='ocr_line' id='line_1_31' title="bbox 727 3021 2836 3081; baseline -0.004 0"><span class='ocrx_word' id='word_1_267' title='bbox 727 3039 835 3081; x_wconf 80' lang='lat' dir='ltr'><strong>tutae</strong></span> <span class='ocrx_word' id='word_1_268' title='bbox 868 3031 1078 3081; x_wconf 88' lang='lat' dir='ltr'><strong>ordinem</strong></span> <span class='ocrx_word' id='word_1_269' title='bbox 1110 3029 1427 3079; x_wconf 81' lang='lat' dir='ltr'><strong>conflantibus</strong></span> <span class='ocrx_word' id='word_1_270' title='bbox 1455 3057 2661 3078; x_wconf 88' lang='grc'><strong>...................</strong></span> <span class='ocrx_word' id='word_1_271' title='bbox 2738 3021 2836 3072; x_wconf 77' lang='grc'><strong>106</strong></span> 
     </span>
     <span class='ocr_line' id='line_1_32' title="bbox 592 3105 2669 3176; baseline -0.008 -7"><span class='ocrx_word' id='word_1_272' title='bbox 592 3121 788 3169; x_wconf 77' lang='lat' dir='ltr'>CAPUT</span> <span class='ocrx_word' id='word_1_273' title='bbox 815 3116 903 3166; x_wconf 85' lang='grc'><strong>111.</strong></span> <span class='ocrx_word' id='word_1_274' title='bbox 933 3118 1122 3164; x_wconf 83' lang='lat' dir='ltr'><strong>Falsum</strong></span> <span class='ocrx_word' id='word_1_275' title='bbox 1150 3121 1222 3163; x_wconf 89' lang='lat' dir='ltr'><strong>est</strong></span> <span class='ocrx_word' id='word_1_276' title='bbox 1246 3116 1502 3176; x_wconf 89' lang='lat' dir='ltr'><strong>parochum</strong></span> <span class='ocrx_word' id='word_1_277' title='bbox 1531 3125 1636 3161; x_wconf 89' lang='lat' dir='ltr'><strong>esse</strong></span> <span class='ocrx_word' id='word_1_278' title='bbox 1658 3111 1867 3173; x_wconf 85' lang='lat' dir='ltr'><strong>judicem</strong></span> <span class='ocrx_word' id='word_1_279' title='bbox 1891 3110 2017 3171; x_wconf 82' lang='lat' dir='ltr'><strong>fidei,</strong></span> <span class='ocrx_word' id='word_1_280' title='bbox 2046 3120 2094 3159; x_wconf 88' lang='lat' dir='ltr'><strong>et</strong></span> <span class='ocrx_word' id='word_1_281' title='bbox 2115 3110 2291 3158; x_wconf 84' lang='lat' dir='ltr'><strong>habere</strong></span> <span class='ocrx_word' id='word_1_282' title='bbox 2319 3120 2478 3156; x_wconf 79' lang='lat' dir='ltr'><strong>vocem</strong></span> <span class='ocrx_word' id='word_1_283' title='bbox 2505 3105 2669 3153; x_wconf 83' lang='lat' dir='ltr'><strong>defini·</strong></span> 
     </span>
     <span class='ocr_line' id='line_1_33' title="bbox 665 3188 2838 3254; baseline -0.01 0"><span class='ocrx_word' id='word_1_284' title='bbox 665 3206 806 3254; x_wconf 78' lang='lat' dir='ltr'><strong>tivam</strong></span> <span class='ocrx_word' id='word_1_285' title='bbox 827 3204 873 3251; x_wconf 88' lang='lat' dir='ltr'><strong>in</strong></span> <span class='ocrx_word' id='word_1_286' title='bbox 885 3203 1098 3250; x_wconf 82' lang='lat' dir='ltr'><strong>conciliis</strong></span> <span class='ocrx_word' id='word_1_287' title='bbox 1125 3224 2666 3251; x_wconf 90' lang='grc'><strong>........................</strong></span> <span class='ocrx_word' id='word_1_288' title='bbox 2743 3190 2762 3235; x_wconf 90' lang='grc'><strong>1</strong></span> <span class='ocrx_word' id='word_1_289' title='bbox 2774 3189 2795 3233; x_wconf 95' lang='grc'><strong>1</strong></span> <span class='ocrx_word' id='word_1_290' title='bbox 2808 3188 2838 3232; x_wconf 83' lang='grc'><strong>5</strong></span> 
     </span>
     <span class='ocr_line' id='line_1_34' title="bbox 598 3274 2674 3343; baseline -0.01 0"><span class='ocrx_word' id='word_1_291' title='bbox 598 3292 794 3343; x_wconf 76' lang='lat' dir='ltr'>CAPUT</span> <span class='ocrx_word' id='word_1_292' title='bbox 821 3288 903 3338; x_wconf 78' lang='lat' dir='ltr'><strong>IV.</strong></span> <span class='ocrx_word' id='word_1_293' title='bbox 932 3287 1131 3336; x_wconf 84' lang='lat' dir='ltr'><strong>Parochi</strong></span> <span class='ocrx_word' id='word_1_294' title='bbox 1157 3298 1249 3334; x_wconf 89' lang='lat' dir='ltr'><strong>non</strong></span> <span class='ocrx_word' id='word_1_295' title='bbox 1275 3285 1445 3332; x_wconf 87' lang='lat' dir='ltr'><strong>habent</strong></span> <span class='ocrx_word' id='word_1_296' title='bbox 1464 3296 1520 3330; x_wconf 85' lang='lat' dir='ltr'><strong>ex</strong></span> <span class='ocrx_word' id='word_1_297' title='bbox 1546 3281 1695 3329; x_wconf 82' lang='lat' dir='ltr'><strong>officio</strong></span> <span class='ocrx_word' id='word_1_298' title='bbox 1715 3294 1820 3339; x_wconf 87' lang='lat' dir='ltr'><strong>suo,</strong></span> <span class='ocrx_word' id='word_1_299' title='bbox 1844 3292 1927 3328; x_wconf 88' lang='lat' dir='ltr'><strong>nec</strong></span> <span class='ocrx_word' id='word_1_300' title='bbox 1956 3280 2225 3327; x_wconf 87' lang='lat' dir='ltr'><strong>habuerunt</strong></span> <span class='ocrx_word' id='word_1_301' title='bbox 2253 3290 2459 3340; x_wconf 86' lang='lat' dir='ltr'><strong>unquam</strong></span> <span class='ocrx_word' id='word_1_302' title='bbox 2483 3274 2674 3337; x_wconf 80' lang='lat' dir='ltr'><strong>proprie</strong></span> 
     </span>
     <span class='ocr_line' id='line_1_35' title="bbox 668 3356 2845 3429; baseline -0.007 -8"><span class='ocrx_word' id='word_1_303' title='bbox 668 3375 840 3423; x_wconf 87' lang='lat' dir='ltr'><strong>dictam</strong></span> <span class='ocrx_word' id='word_1_304' title='bbox 866 3368 1294 3420; x_wconf 82' lang='lat' dir='ltr'><strong>excommunicandi</strong></span> <span class='ocrx_word' id='word_1_305' title='bbox 1324 3374 1604 3429; x_wconf 82' lang='lat' dir='ltr'><strong>potestatem</strong></span> <span class='ocrx_word' id='word_1_306' title='bbox 1626 3392 2670 3415; x_wconf 86' lang='grc'><strong>.................</strong></span> <span class='ocrx_word' id='word_1_307' title='bbox 2745 3356 2845 3403; x_wconf 76' lang='grc'><strong>125</strong></span> 
     </span>
     <span class='ocr_line' id='line_1_36' title="bbox 672 3445 2676 3527; baseline -0.009 -19"><span class='ocrx_word' id='word_1_308' title='bbox 672 3459 697 3527; x_wconf 60' lang='grc' dir='ltr'>ᾗ</span> <span class='ocrx_word' id='word_1_309' title='bbox 721 3462 756 3510; x_wconf 90' lang='grc'><strong>1.</strong></span> <span class='ocrx_word' id='word_1_310' title='bbox 796 3462 1080 3508; x_wconf 86' lang='lat' dir='ltr'><strong>Documenta</strong></span> <span class='ocrx_word' id='word_1_311' title='bbox 1099 3471 1126 3504; x_wconf 83' lang='lat' dir='ltr'><strong>a</strong></span> <span class='ocrx_word' id='word_1_312' title='bbox 1144 3455 1362 3517; x_wconf 84' lang='lat' dir='ltr'><strong>parochis</strong></span> <span class='ocrx_word' id='word_1_313' title='bbox 1378 3452 1572 3513; x_wconf 81' lang='lat' dir='ltr'><strong>allegari</strong></span> <span class='ocrx_word' id='word_1_314' title='bbox 1593 3450 1732 3499; x_wconf 88' lang='lat' dir='ltr'><strong>solita</strong></span> <span class='ocrx_word' id='word_1_315' title='bbox 1751 3464 1843 3497; x_wconf 89' lang='lat' dir='ltr'><strong>non</strong></span> <span class='ocrx_word' id='word_1_316' title='bbox 1873 3450 2074 3511; x_wconf 87' lang='lat' dir='ltr'><strong>probant</strong></span> <span class='ocrx_word' id='word_1_317' title='bbox 2094 3448 2153 3496; x_wconf 89' lang='lat' dir='ltr'><strong>ad</strong></span> <span class='ocrx_word' id='word_1_318' title='bbox 2171 3450 2404 3510; x_wconf 88' lang='lat' dir='ltr'><strong>parochos</strong></span> <span class='ocrx_word' id='word_1_319' title='bbox 2428 3445 2538 3495; x_wconf 89' lang='lat' dir='ltr'><strong>olim</strong></span> <span class='ocrx_word' id='word_1_320' title='bbox 2566 3456 2676 3505; x_wconf 79' lang='lat' dir='ltr'><strong>per-</strong></span> 
     </span>
     <span class='ocr_line' id='line_1_37' title="bbox 750 3526 2842 3606; baseline -0.012 -9"><span class='ocrx_word' id='word_1_321' title='bbox 750 3547 945 3598; x_wconf 86' lang='lat' dir='ltr'><strong>tinuisse</strong></span> <span class='ocrx_word' id='word_1_322' title='bbox 967 3542 1156 3606; x_wconf 88' lang='lat' dir='ltr'><strong>proprie</strong></span> <span class='ocrx_word' id='word_1_323' title='bbox 1183 3540 1352 3588; x_wconf 86' lang='lat' dir='ltr'><strong>dietam</strong></span> <span class='ocrx_word' id='word_1_324' title='bbox 1376 3534 1811 3585; x_wconf 84' lang='lat' dir='ltr'><strong>excommunicandi</strong></span> <span class='ocrx_word' id='word_1_325' title='bbox 1838 3542 2120 3593; x_wconf 84' lang='lat' dir='ltr'><strong>potestatem</strong></span> <span class='ocrx_word' id='word_1_326' title='bbox 2150 3564 2676 3582; x_wconf 87' lang='grc'><strong>.........</strong></span> <span class='ocrx_word' id='word_1_327' title='bbox 2752 3526 2842 3574; x_wconf 72' lang='lat'><strong>127</strong></span> 
     </span>
     <span class='ocr_line' id='line_1_38' title="bbox 672 3612 2848 3694; baseline -0.01 -15"><span class='ocrx_word' id='word_1_328' title='bbox 672 3629 784 3694; x_wconf 70' lang='lat'>511.</span> <span class='ocrx_word' id='word_1_329' title='bbox 816 3631 1003 3677; x_wconf 76' lang='lat' dir='ltr'><strong>Falsum</strong></span> <span class='ocrx_word' id='word_1_330' title='bbox 1032 3634 1101 3674; x_wconf 86' lang='lat' dir='ltr'><strong>est</strong></span> <span class='ocrx_word' id='word_1_331' title='bbox 1128 3620 1556 3673; x_wconf 87' lang='lat' dir='ltr'><strong>excommunicandi</strong></span> <span class='ocrx_word' id='word_1_332' title='bbox 1584 3627 1860 3681; x_wconf 86' lang='lat' dir='ltr'><strong>potestatem</strong></span> <span class='ocrx_word' id='word_1_333' title='bbox 1886 3618 1946 3667; x_wconf 87' lang='lat' dir='ltr'><strong>ad</strong></span> <span class='ocrx_word' id='word_1_334' title='bbox 1970 3619 2203 3680; x_wconf 88' lang='lat' dir='ltr'><strong>parochos</strong></span> <span class='ocrx_word' id='word_1_335' title='bbox 2220 3618 2458 3679; x_wconf 86' lang='lat' dir='ltr'><strong>pertinere</strong></span> <span class='ocrx_word' id='word_1_336' title='bbox 2486 3652 2498 3665; x_wconf 89' lang='lat'><strong>.</strong></span> <span class='ocrx_word' id='word_1_337' title='bbox 2551 3651 2565 3664; x_wconf 91' lang='lat'><strong>.</strong></span> <span class='ocrx_word' id='word_1_338' title='bbox 2624 3654 2629 3661; x_wconf 90' lang='lat'><strong><em>.</em></strong></span> <span class='ocrx_word' id='word_1_339' title='bbox 2665 3649 2677 3660; x_wconf 89' lang='lat'><strong>.</strong></span> <span class='ocrx_word' id='word_1_340' title='bbox 2753 3612 2848 3659; x_wconf 79' lang='grc'><strong>158</strong></span> 
     </span>
     <span class='ocr_line' id='line_1_39' title="bbox 609 3690 2850 3767; baseline -0.01 0"><span class='ocrx_word' id='word_1_341' title='bbox 609 3718 804 3767; x_wconf 76' lang='lat' dir='ltr'>CAPUT</span> <span class='ocrx_word' id='word_1_342' title='bbox 830 3717 888 3762; x_wconf 84' lang='lat' dir='ltr'><strong>V.</strong></span> <span class='ocrx_word' id='word_1_343' title='bbox 917 3713 1155 3761; x_wconf 82' lang='lat' dir='ltr'><strong>Paroehus</strong></span> <span class='ocrx_word' id='word_1_344' title='bbox 1182 3710 1358 3757; x_wconf 84' lang='lat' dir='ltr'><strong>nullam</strong></span> <span class='ocrx_word' id='word_1_345' title='bbox 1385 3706 1526 3755; x_wconf 86' lang='lat' dir='ltr'><strong>habet</strong></span> <span class='ocrx_word' id='word_1_346' title='bbox 1553 3703 1645 3753; x_wconf 78' lang='lat' dir='ltr'><strong>fori</strong></span> <span class='ocrx_word' id='word_1_347' title='bbox 1672 3704 1852 3752; x_wconf 81' lang='lat' dir='ltr'><strong>externi</strong></span> <span class='ocrx_word' id='word_1_348' title='bbox 1879 3703 2258 3763; x_wconf 84' lang='lat' dir='ltr'><strong>jurisdictionem</strong></span> <span class='ocrx_word' id='word_1_349' title='bbox 2286 3732 2680 3751; x_wconf 89' lang='grc'><strong>.......</strong></span> <span class='ocrx_word' id='word_1_350' title='bbox 2750 3690 2850 3740; x_wconf 73' lang='grc'><strong>143</strong></span> 
     </span>
    </p>
   </div>
   <div class='ocr_carea' id='block_1_9' title="bbox 611 3785 2846 4035">
    <p class='ocr_par' dir='ltr' id='par_1_11' title="bbox 611 3785 2846 4035">
     <span class='ocr_line' id='line_1_40' title="bbox 611 3785 2684 3851; baseline -0.009 -2"><span class='ocrx_word' id='word_1_351' title='bbox 611 3801 805 3849; x_wconf 74' lang='lat' dir='ltr'><strong>CAPUT</strong></span> <span class='ocrx_word' id='word_1_352' title='bbox 839 3798 921 3844; x_wconf 77' lang='lat' dir='ltr'><strong>vt.</strong></span> <span class='ocrx_word' id='word_1_353' title='bbox 947 3796 1183 3845; x_wconf 85' lang='lat' dir='ltr'><strong>Parochus</strong></span> <span class='ocrx_word' id='word_1_354' title='bbox 1212 3806 1303 3840; x_wconf 88' lang='lat' dir='ltr'><strong>non</strong></span> <span class='ocrx_word' id='word_1_355' title='bbox 1329 3799 1402 3840; x_wconf 90' lang='lat' dir='ltr'><strong>est</strong></span> <span class='ocrx_word' id='word_1_356' title='bbox 1428 3790 1592 3838; x_wconf 87' lang='lat' dir='ltr'><strong>stricto</strong></span> <span class='ocrx_word' id='word_1_357' title='bbox 1618 3802 1759 3837; x_wconf 85' lang='lat' dir='ltr'><strong>sensu</strong></span> <span class='ocrx_word' id='word_1_358' title='bbox 1782 3797 1962 3851; x_wconf 87' lang='lat' dir='ltr'><strong>pastor,</strong></span> <span class='ocrx_word' id='word_1_359' title='bbox 1984 3791 2123 3838; x_wconf 86' lang='lat' dir='ltr'><strong>etiam</strong></span> <span class='ocrx_word' id='word_1_360' title='bbox 2151 3786 2342 3838; x_wconf 89' lang='lat' dir='ltr'><strong>secundi</strong></span> <span class='ocrx_word' id='word_1_361' title='bbox 2368 3785 2578 3846; x_wconf 89' lang='lat' dir='ltr'><strong>ordinis;</strong></span> <span class='ocrx_word' id='word_1_362' title='bbox 2600 3796 2684 3832; x_wconf 82' lang='lat' dir='ltr'><strong>nec</strong></span> 
     </span>
     <span class='ocr_line' id='line_1_41' title="bbox 680 3865 2846 3938; baseline -0.012 -3"><span class='ocrx_word' id='word_1_363' title='bbox 680 3886 814 3934; x_wconf 80' lang='lat' dir='ltr'><strong>decet</strong></span> <span class='ocrx_word' id='word_1_364' title='bbox 841 3883 978 3932; x_wconf 86' lang='lat' dir='ltr'><strong>hodie</strong></span> <span class='ocrx_word' id='word_1_365' title='bbox 1001 3895 1104 3929; x_wconf 86' lang='lat' dir='ltr'><strong>eum</strong></span> <span class='ocrx_word' id='word_1_366' title='bbox 1135 3878 1288 3926; x_wconf 82' lang='lat' dir='ltr'><strong>vocari</strong></span> <span class='ocrx_word' id='word_1_367' title='bbox 1313 3884 1566 3938; x_wconf 80' lang='lat' dir='ltr'><strong>pastorem,</strong></span> <span class='ocrx_word' id='word_1_368' title='bbox 1597 3876 1737 3922; x_wconf 86' lang='lat' dir='ltr'><strong>etiam</strong></span> <span class='ocrx_word' id='word_1_369' title='bbox 1764 3875 1858 3922; x_wconf 87' lang='lat' dir='ltr'><strong>lato</strong></span> <span class='ocrx_word' id='word_1_370' title='bbox 1886 3882 1934 3922; x_wconf 85' lang='lat' dir='ltr'><strong>et</strong></span> <span class='ocrx_word' id='word_1_371' title='bbox 1956 3874 2214 3935; x_wconf 89' lang='lat' dir='ltr'><strong>improprio</strong></span> <span class='ocrx_word' id='word_1_372' title='bbox 2244 3886 2385 3921; x_wconf 85' lang='lat' dir='ltr'><strong>sensu</strong></span> <span class='ocrx_word' id='word_1_373' title='bbox 2413 3911 2425 3922; x_wconf 93' lang='lat'><em>.</em></span> <span class='ocrx_word' id='word_1_374' title='bbox 2480 3908 2493 3919; x_wconf 93' lang='lat'><strong>.</strong></span> <span class='ocrx_word' id='word_1_375' title='bbox 2547 3907 2562 3920; x_wconf 87' lang='lat'>.</span> <span class='ocrx_word' id='word_1_376' title='bbox 2614 3905 2628 3918; x_wconf 94' lang='lat'><strong><em>.</em></strong></span> <span class='ocrx_word' id='word_1_377' title='bbox 2661 3904 2673 3914; x_wconf 91' lang='lat'><em>.</em></span> <span class='ocrx_word' id='word_1_378' title='bbox 2748 3865 2846 3913; x_wconf 80' lang='grc'><strong>149</strong></span> 
     </span>
     <span class='ocr_line' id='line_1_42' title="bbox 683 3955 2685 4035; baseline -0.01 -13"><span class='ocrx_word' id='word_1_379' title='bbox 683 3971 974 4035; x_wconf 74' lang='lat' dir='ltr'><strong>Propositt&#39;o</strong></span> <span class='ocrx_word' id='word_1_380' title='bbox 1000 3970 1062 4016; x_wconf 73' lang='lat'><strong>1⁸.</strong></span> <span class='ocrx_word' id='word_1_381' title='bbox 1093 3968 1194 4013; x_wconf 75' lang='lat' dir='ltr'><strong>Vox</strong></span> <span class='ocrx_word' id='word_1_382' title='bbox 1225 3971 1383 4029; x_wconf 85' lang='lat' dir='ltr'><strong>pastor</strong></span> <span class='ocrx_word' id='word_1_383' title='bbox 1420 3961 1467 4009; x_wconf 87' lang='lat' dir='ltr'><strong>in</strong></span> <span class='ocrx_word' id='word_1_384' title='bbox 1491 3960 1639 4008; x_wconf 82' lang='lat' dir='ltr'><strong>sacris</strong></span> <span class='ocrx_word' id='word_1_385' title='bbox 1669 3958 1918 4019; x_wconf 87' lang='lat' dir='ltr'><strong>scripturis</strong></span> <span class='ocrx_word' id='word_1_386' title='bbox 1946 3958 2177 4019; x_wconf 80' lang='lat' dir='ltr'><strong>significat</strong></span> <span class='ocrx_word' id='word_1_387' title='bbox 2198 3965 2474 4020; x_wconf 85' lang='lat' dir='ltr'><strong>potestatem</strong></span> <span class='ocrx_word' id='word_1_388' title='bbox 2511 3955 2685 4016; x_wconf 81' lang='lat' dir='ltr'><strong>gaber-</strong></span> 
     </span>
    </p>
   </div>
   <div class='ocr_carea' id='block_1_10' title="bbox 687 4034 2849 4453">
    <p class='ocr_par' dir='ltr' id='par_1_12' title="bbox 687 4034 2844 4200">
     <span class='ocr_line' id='line_1_43' title="bbox 750 4034 2844 4112; baseline -0.012 -8"><span class='ocrx_word' id='word_1_389' title='bbox 750 4055 889 4104; x_wconf 89' lang='lat' dir='ltr'><strong>nandi</strong></span> <span class='ocrx_word' id='word_1_390' title='bbox 914 4067 1018 4102; x_wconf 88' lang='lat' dir='ltr'><strong>cum</strong></span> <span class='ocrx_word' id='word_1_391' title='bbox 1053 4050 1377 4112; x_wconf 83' lang='lat' dir='ltr'><strong>jurisdictione</strong></span> <span class='ocrx_word' id='word_1_392' title='bbox 1403 4045 1594 4108; x_wconf 87' lang='lat' dir='ltr'><strong>proprie</strong></span> <span class='ocrx_word' id='word_1_393' title='bbox 1616 4041 1742 4091; x_wconf 81' lang='lat' dir='ltr'><strong>dicta</strong></span> <span class='ocrx_word' id='word_1_394' title='bbox 1774 4051 1821 4091; x_wconf 88' lang='lat' dir='ltr'><strong>et</strong></span> <span class='ocrx_word' id='word_1_395' title='bbox 1853 4043 2115 4102; x_wconf 79' lang='lat' dir='ltr'><strong>legislativa</strong></span> <span class='ocrx_word' id='word_1_396' title='bbox 2144 4073 2671 4092; x_wconf 89' lang='grc'><strong>.........</strong></span> <span class='ocrx_word' id='word_1_397' title='bbox 2748 4034 2844 4082; x_wconf 87' lang='grc'><strong>149</strong></span> 
     </span>
     <span class='ocr_line' id='line_1_44' title="bbox 687 4127 2688 4200; baseline -0.008 -11"><span class='ocrx_word' id='word_1_398' title='bbox 687 4138 980 4200; x_wconf 68' lang='lat' dir='ltr'><strong>Propositw</strong></span> <span class='ocrx_word' id='word_1_399' title='bbox 997 4136 1086 4182; x_wconf 73' lang='lat'>11¹.</span> <span class='ocrx_word' id='word_1_400' title='bbox 1103 4137 1220 4183; x_wconf 82' lang='lat' dir='ltr'><strong>Tota</strong></span> <span class='ocrx_word' id='word_1_401' title='bbox 1239 4132 1490 4194; x_wconf 84' lang='lat' dir='ltr'><strong>antiquitas</strong></span> <span class='ocrx_word' id='word_1_402' title='bbox 1512 4138 1558 4177; x_wconf 87' lang='lat' dir='ltr'><strong>et</strong></span> <span class='ocrx_word' id='word_1_403' title='bbox 1579 4128 1766 4177; x_wconf 87' lang='lat' dir='ltr'><strong>traditio</strong></span> <span class='ocrx_word' id='word_1_404' title='bbox 1782 4130 2014 4191; x_wconf 74' lang='lat' dir='ltr'><strong>pastoris</strong></span> <span class='ocrx_word' id='word_1_405' title='bbox 2034 4128 2406 4176; x_wconf 85' lang='lat' dir='ltr'><strong>denominatione</strong></span> <span class='ocrx_word' id='word_1_406' title='bbox 2426 4127 2688 4189; x_wconf 80' lang='lat' dir='ltr'><strong>Episcopos</strong></span> 
     </span>
    </p>

    <p class='ocr_par' dir='ltr' id='par_1_13' title="bbox 688 4209 2843 4375">
     <span class='ocr_line' id='line_1_45' title="bbox 753 4209 2843 4283; baseline -0.008 -14"><span class='ocrx_word' id='word_1_407' title='bbox 753 4220 1012 4283; x_wconf 82' lang='lat' dir='ltr'><strong>designavit</strong></span> <span class='ocrx_word' id='word_1_408' title='bbox 1034 4245 2682 4268; x_wconf 88' lang='grc'><strong>..........................</strong></span> <span class='ocrx_word' id='word_1_409' title='bbox 2754 4209 2843 4255; x_wconf 77' lang='grc'><strong>151</strong></span> 
     </span>
     <span class='ocr_line' id='line_1_46' title="bbox 688 4295 2688 4375; baseline -0.009 -14"><span class='ocrx_word' id='word_1_410' title='bbox 688 4309 980 4375; x_wconf 71' lang='lat' dir='ltr'><strong>propositio</strong></span> <span class='ocrx_word' id='word_1_411' title='bbox 1009 4306 1122 4352; x_wconf 75' lang='lat'>111⁸.</span> <span class='ocrx_word' id='word_1_412' title='bbox 1152 4305 1269 4352; x_wconf 73' lang='lat' dir='ltr'><strong>Ante</strong></span> <span class='ocrx_word' id='word_1_413' title='bbox 1295 4302 1553 4350; x_wconf 78' lang='lat' dir='ltr'><strong>recentiora</strong></span> <span class='ocrx_word' id='word_1_414' title='bbox 1576 4308 1807 4361; x_wconf 85' lang='lat' dir='ltr'><strong>tempora,</strong></span> <span class='ocrx_word' id='word_1_415' title='bbox 1834 4304 1915 4346; x_wconf 88' lang='lat' dir='ltr'><strong>aut</strong></span> <span class='ocrx_word' id='word_1_416' title='bbox 1939 4311 2196 4360; x_wconf 86' lang='lat' dir='ltr'><strong>nunquam,</strong></span> <span class='ocrx_word' id='word_1_417' title='bbox 2235 4307 2316 4346; x_wconf 89' lang='lat' dir='ltr'><strong>aut</strong></span> <span class='ocrx_word' id='word_1_418' title='bbox 2339 4295 2579 4345; x_wconf 85' lang='lat' dir='ltr'><strong>rarissime</strong></span> <span class='ocrx_word' id='word_1_419' title='bbox 2601 4306 2688 4355; x_wconf 70' lang='lat' dir='ltr'><strong>pa-</strong></span> 
     </span>
    </p>

    <p class='ocr_par' dir='ltr' id='par_1_14' title="bbox 753 4370 2849 4453">
     <span class='ocr_line' id='line_1_47' title="bbox 753 4370 2849 4453; baseline -0.012 -10"><span class='ocrx_word' id='word_1_420' title='bbox 753 4395 884 4443; x_wconf 86' lang='lat' dir='ltr'><strong>rochi</strong></span> <span class='ocrx_word' id='word_1_421' title='bbox 912 4372 1208 4453; x_wconf 81' lang='lat' dir='ltr'><strong>reperiuntur</strong></span> <span class='ocrx_word' id='word_1_422' title='bbox 1244 4393 1484 4448; x_wconf 87' lang='lat' dir='ltr'><strong>pastorum</strong></span> <span class='ocrx_word' id='word_1_423' title='bbox 1503 4385 1689 4433; x_wconf 88' lang='lat' dir='ltr'><strong>nomine</strong></span> <span class='ocrx_word' id='word_1_424' title='bbox 1716 4382 1927 4443; x_wconf 83' lang='lat' dir='ltr'><strong>insigniti</strong></span> <span class='ocrx_word' id='word_1_425' title='bbox 1962 4412 2684 4433; x_wconf 87' lang='grc'><strong>............</strong></span> <span class='ocrx_word' id='word_1_426' title='bbox 2752 4370 2849 4421; x_wconf 78' lang='grc'><strong>157</strong></span> 
     </span>
    </p>
   </div>
   <div class='ocr_carea' id='block_1_11' title="bbox 688 4463 2689 4543">
    <p class='ocr_par' dir='ltr' id='par_1_15' title="bbox 688 4463 2689 4543">
     <span class='ocr_line' id='line_1_48' title="bbox 688 4463 2689 4543; baseline -0.009 -13"><span class='ocrx_word' id='word_1_427' title='bbox 688 4477 979 4543; x_wconf 73' lang='lat' dir='ltr'><strong>Propositt‘o</strong></span> <span class='ocrx_word' id='word_1_428' title='bbox 996 4475 1102 4523; x_wconf 60' lang='grc' dir='ltr'><strong>ΙΨ.</strong></span> <span class='ocrx_word' id='word_1_429' title='bbox 1124 4472 1362 4521; x_wconf 76' lang='lat' dir='ltr'><strong>Grnuinus</strong></span> <span class='ocrx_word' id='word_1_430' title='bbox 1390 4482 1556 4518; x_wconf 75' lang='lat' dir='ltr'><strong>sensus</strong></span> <span class='ocrx_word' id='word_1_431' title='bbox 1585 4468 1711 4517; x_wconf 75' lang='lat' dir='ltr'><strong>vocis</strong></span> <span class='ocrx_word' id='word_1_432' title='bbox 1737 4473 1920 4531; x_wconf 74' lang='lat' dir='ltr'><strong>pastor</strong></span> <span class='ocrx_word' id='word_1_433' title='bbox 1943 4465 2137 4517; x_wconf 80' lang='lat' dir='ltr'><strong>includit</strong></span> <span class='ocrx_word' id='word_1_434' title='bbox 2163 4474 2436 4531; x_wconf 85' lang='lat' dir='ltr'><strong>potestatem</strong></span> <span class='ocrx_word' id='word_1_435' title='bbox 2462 4463 2689 4528; x_wconf 78' lang='lat' dir='ltr'><strong>legislati-</strong></span> 
     </span>
    </p>
   </div>
  </div>
 </body>
</html>
