3146 4973
571 378 700 440 456
1249 388 1623 436 rmc'rArus
1672 390 1759 435 nn
1803 389 2131 438 mnocno.

574 542 608 580 a
641 516 907 604 quidem
938 516 1227 583 decisum
1256 513 1383 579 fuit
1407 535 1446 579 a
1468 513 1656 580 Sacra
1685 513 2195 599 Congregatione
2225 516 2493 584 concilii
2524 516 2620 602 (in
2651 519 2803 583 Leo·

574 657 608 696 «
643 632 872 711 diensi,
896 651 1116 698 mense
1137 637 1411 715 augusto
1437 633 1631 708 1600,
1657 629 1743 696 ad
1768 629 2127 696 secundum
2155 630 2450 708 dubium,
2479 640 2553 697 ut
2571 633 2740 699 libro
2760 636 2799 699 9

575 772 610 810 «
644 747 1083 824 decretorum,
1118 765 1265 830 pag.
1299 744 1387 829 7).
1420 745 1731 832 Ideoque,
1764 752 1977 811 stante
2009 745 2130 811 boc
2162 745 2453 825 decreto,
2487 745 2572 812 ad
2600 766 2805 813 remo-

576 887 611 924 «
642 861 888 929 vendas
918 880 1143 958 omnes
1175 860 1620 938 difficultateS,
1660 861 2003 944 expediret
2037 869 2111 926 ut
2142 863 2418 947 quilibet
2450 864 2804 946 Episcopus

575 1000 609 1039 «
642 996 946 1062 expresse
985 976 1367 1042 facultatem
1408 975 1600 1042 daret
1634 977 1931 1044 omnibus
1967 977 2266 1060 parochis
2308 976 2616 1042 audiendi
2653 997 2802 1042 con-

575 1116 608 1153 «
642 1093 984 1159 sessionem
1012 1094 1079 1157 in
1109 1100 1247 1158 tota
1279 1091 1571 1158 dioecesi.
1615 1118 1646 1153 ι)

658 1209 735 1271 V.
797 1231 830 1270 «
881 1210 1106 1274 Potest
1154 1217 1374 1273 tamen
1397 1255 1414 1284 ‚
1460 1209 1553 1272 ait
1604 1206 1849 1273 Giraldi
1902 1209 2044 1274 loco
2095 1211 2324 1286 citato,
2366 1207 2686 1292 parochus
2738 1211 2800 1273 in

574 1349 607 1387 c<
642 1327 903 1411 propria
945 1325 1219 1390 ecclesia
1274 1324 1616 1389 absolvere
1667 1324 2094 1408 parochianos
2132 1326 2402 1391 alterius
2445 1325 2760 1408 parochiae
2779 1375 2795 1400 ‚

573 1464 606 1501 «
643 1441 886 1524 absque
930 1441 1055 1505 alia
1092 1440 1386 1516 licentia,
1429 1448 1507 1504 ut
1539 1438 1900 1504 declaravit
1945 1438 2208 1505 laudata
2245 1441 2672 1524 congregatio
2707 1442 2802 1526 (in

572 1572 605 1618 ἠ
644 1559 945 1630 νίἱπεπεῑ,
1008 1557 1092 1620 25
1143 1555 1307 1637 junii
1363 1557 1553 1633 1639,
1598 1555 1768 1621 libro
1814 1557 1890 1621 16
1933 1555 2389 1631 decretorum,
2453 1574 2597 1640 pag.
2644 1560 2794 1628 213,

573 1694 605 1732 «
643 1671 727 1738 ad
775 1670 862 1756 5).
904 1695 934 1732 υ

656 1786 768 1850 VI.
795 1785 893 1852 Ad
922 1785 1211 1864 dubium,
1247 1809 1279 1847 «
1300 1787 1394 1851 An
1423 1789 1636 1852 curati
1661 1789 1855 1852 unius
1881 1787 2201 1864 dioecesi8‚
2219 1789 2432 1855 vocati
2449 1808 2484 1854 a
2510 1788 2806 1872 parochis

574 1927 601 1959 e«
638 1903 859 1967 alienae
911 1901 1239 1978 dioecesiS,
1298 1904 1544 1984 possint
1593 1901 1659 1966 in
1712 1903 1820 1967 illa
1868 1902 2095 1969 audire
2150 1903 2582 1969 confessiones
2602 1953 2618 1980 ‚
2670 1912 2803 1968 tam

574 2041 607 2077 α
640 2037 904 2083 suorum
940 2016 1384 2094 subditorum,
1427 2036 1620 2101 quam
1655 2018 2042 2094 alienorum,
2088 2018 2329 2103 absque
2373 2019 2629 2084 licentia
2656 2019 2804 2101 Epi-

573 2156 605 2192 α
642 2135 821 2216 scopi
850 2133 995 2210 loci,
1039 2156 1071 2193 n
1109 2133 1300 2198 Sacra
1335 2133 1765 2216 congregatio
1799 2135 2066 2199 Concilii
2101 2136 2437 2217 rescripsit
2468 2156 2482 2199 :
2531 2136 2803 2215 Affirma-

571 2256 691 2313 tive
741 2253 937 2330 quoad
981 2252 1273 2328 subditos,
1316 2256 1597 2331 neyative
1639 2253 1835 2330 quoad
1886 2252 2142 2331 reliquos
2194 2251 2294 2334 (in
2343 2254 2755 2314 Posmaniensi
2777 2300 2792 2324 ,

569 2369 604 2431 3
634 2363 1004 2430 decembris
1038 2366 1228 2440 1707,
1273 2365 1337 2427 in
1380 2366 1680 2428 Thesauro
1716 2367 2175 2444 resolutionwn,
2216 2373 2397 2430 tomo
2421 2369 2486 2439 9,
2517 2383 2584 2447 p.
2623 2363 2794 2444 141).

660 2481 802 2547 vn.
840 2480 938 2546 Ad
971 2479 1266 2558 dubium,
1310 2504 1341 2541 «
1367 2480 1461 2545 An
1490 2478 1865 2546 sacerdotes
1895 2481 2237 2564 approbati
2263 2481 2346 2547 ad
2370 2480 2802 2547 confessiones

576 2620 607 2659 «
642 2596 998 2664 audiendas
1041 2598 1107 2661 in
1159 2615 1286 2661 una
1332 2595 1621 2673 dioecesi,
1655 2597 1870 2661 vocati
1908 2616 1946 2661 a
1990 2596 2288 2679 parochis
2330 2596 2601 2662 alterius
2646 2593 2804 2661 dioe-

578 2738 607 2773 «
647 2714 831 2789 cesiS,
860 2712 1107 2796 possint
1135 2712 1201 2776 in
1228 2713 1354 2776 ista
1376 2711 1606 2777 audire
1633 2712 2068 2778 confessiones
2094 2710 2536 2796 quorumlibet
2562 2710 2804 2795 absque

578 2855 609 2889 a
645 2829 1110 2913 approbatione
1159 2828 1459 2912 Episcopi
1499 2829 1653 2905 loci,
1694 2851 1726 2889 »
1784 2830 1975 2894 Sacra
2014 2828 2464 2912 congregatio,
2503 2828 2569 2892 in
2610 2827 2806 2892 citata

571 2965 761 3011 causa
803 2918 1164 3026 respondit,
1214 2950 1510 3025 neqative.
1560 2944 1690 3008 Has
1739 2944 1925 3009 binas
1962 2944 2411 3026 responsiones
2455 2943 2663 3007 refert
2699 2941 2804 3005 Gi·

573 3059 742 3126 raldi
775 3060 1230 3146 (Additamenta
1259 3062 1342 3123 ad
1371 3063 1700 3123 Barbosam
1716 3109 1736 3139 ,
1774 3063 1849 3123 de
1877 3060 2169 3137 Paroch,
2208 3078 2266 3123 c.
2308 3062 2412 3134 19,
2448 3078 2514 3122 n.
2548 3054 2641 3141 3).

666 3176 838 3241 v111.
867 3174 1059 3257 Quod
1084 3173 1364 3240 diximus
1389 3173 1473 3239 de
1503 3175 1911 3240 restrictione
1937 3172 2403 3259 jurisdictionis
2432 3172 2693 3256 parochi
2722 3171 2802 3237 ad

573 3294 786 3358 locum
818 3291 933 3356 ubi
968 3308 1191 3355 curam
1230 3287 1665 3354 exercendam
1714 3287 1914 3354 habet
1935 3336 1950 3365 ,
1989 3288 2394 3371 intelligitur,
2434 3307 2561 3353 non
2592 3286 2802 3373 quoad

570 3407 992 3492 parochianos
1027 3425 1179 3471 suos
1199 3454 1214 3483 ,
1252 3403 1371 3471 sed
1403 3403 1620 3490 quoad
1649 3414 1921 3471 caeteros
1957 3406 2079 3488 ipsi
2109 3423 2239 3470 non
2273 3402 2591 3487 subditos;
2631 3424 2798 3478 nam,

575 3532 649 3589 ut
675 3525 765 3589 ait
791 3523 1097 3599 Barbosa,
1134 3530 1199 3586 et
1227 3529 1457 3587 tenent
1494 3520 1798 3587 doctores
1839 3523 2249 3599 unanimiter,
2291 3544 2322 3582 «
2358 3540 2624 3587 suorum
2656 3539 2805 3586 con·

581 3662 614 3699 a
648 3620 958 3704 sessiones
995 3642 1210 3719 potest
1248 3637 1438 3701 etiam
1474 3637 1537 3699 in
1573 3636 1781 3701 aliena
1815 3635 2114 3713 dioecesi,
2150 3645 2219 3702 et
2245 3636 2486 3722 ubique
2516 3636 2803 3703 locorum

580 3780 613 3817 α
650 3753 903 3821 audire.
948 3776 980 3813 »
1021 3752 1347 3838 (Barbosa‚
1383 3755 1457 3815 de
1488 3755 1782 3831 Parocho,
1819 3772 1966 3817 cum
2015 3757 2461 3817 Additamentis
2515 3751 2795 3823 Giraldi,

578 3892 718 3957 cap.
763 3874 868 3947 19,
908 3890 972 3934 n.
1011 3868 1101 3953 5.)
1132 3869 1344 3954 Atque
1380 3868 1451 3934 id
1489 3870 1786 3955 sequitur
1815 3890 1896 3936 ex
1922 3869 2245 3936 decisione
2282 3869 2486 3934 Sacrae
2524 3867 2806 3951 Congre-

573 3987 847 4071 gationis
878 3984 1141 4051 Concilii
1162 4034 1177 4064 ,
1216 3984 1412 4052 modo
1446 3986 1655 4050 relata
1676 4034 1692 4063 ,
1728 3984 1849 4050 sub
1884 4004 2156 4050 numero
2188 3988 2252 4049 6.

665 4105 775 4169 lx.
815 4102 1105 4168 Parocho
1153 4121 1280 4167 non
1323 4103 1634 4183 competit
1678 4108 1966 4184 potestas
2016 4099 2429 4183 dispensandi
2483 4100 2545 4164 in
2599 4101 2798 4177 votis;

574 4220 723 4306 quia
758 4225 933 4285 caret
980 4217 1428 4303 jurisdictione
1479 4218 1603 4281 fori
1649 4216 1940 4293 externi,
1985 4235 2126 4300 quae
2165 4214 2251 4281 ad
2286 4216 2408 4282 hoc
2446 4216 2804 4281 necessaria

571 4343 693 4401 est.
761 4331 947 4418 (Vide
1008 4335 1433 4395 Additamento
1492 4334 1738 4393 Giralcli
1791 4334 1874 4392 ad
1930 4333 2253 4393 Barbosam
2279 4380 2294 4407 ‚
2360 4334 2434 4393 (le
2491 4330 2753 4393 Parocho
2775 4378 2792 4405 ,

570 4470 711 4534 cap.
759 4452 861 4524 19,
909 4467 947 4509 n
1022 4444 1151 4525 10.)
