3146 4973
542 327 667 391 286
1223 342 1600 392 ‘rmcnrus
1644 344 1733 390 ne
1780 343 2109 391 Pmocno.

628 487 661 524 «
688 465 961 529 semmaa
987 467 1252 529 conditio
1276 465 1588 550 requisita
1609 464 1697 531 ad
1716 467 1966 550 legitim
1980 482 2084 531 am
2107 462 2580 531 beneficiorum
2601 467 2780 531 unio-

540 604 573 640 «
609 600 761 645 nem
797 588 930 659 est,
974 579 1153 665 quod
1199 583 1489 647 citentur
1528 600 1753 648 omnes
1791 583 2112 648 interesse
2156 580 2469 647 habentes
2502 582 2569 645 in
2605 579 2780 646 dicta

541 718 574 756 «
610 697 849 761 unione
880 694 1200 773 facienda,
1236 715 1599 781 eorumque
1634 716 1987 763 consensus
2023 698 2483 783 requiratur...

634 835 666 872 «
693 809 906 889 Unde,
926 812 981 875 si
998 811 1289 877 Ecclesia
1310 812 1393 876 sit
1417 811 1715 897 subJ'ecta
1744 812 1992 891 abbati,
2023 820 2137 877 aut
2161 813 2269 877 alii
2293 813 2592 879 inferiori
2615 832 2780 897 prae-
2822 798 2828 803 ⁵

543 948 574 986 «
611 925 766 1005 lato,
816 944 946 991 non
989 931 1206 1009 potest
1238 926 1597 1010 Episcopus
1625 946 1768 994 eam
1800 929 1990 992 unire
2022 928 2265 1012 absque
2311 928 2488 994 illius
2518 928 2780 993 consilio

543 1063 575 1101 c«
612 1047 680 1105 et
708 1059 994 1105 assensu.
1021 1040 1185 1105 Item
1218 1041 1271 1104 si
1303 1040 1692 1107 beneficium
1728 1040 2087 1108 uniendum
2113 1044 2441 1127 pertineat
2464 1042 2548 1109 ad
2586 1044 2779 1109 colla-

540 1178 573 1213 «
609 1162 787 1221 tores
816 1156 923 1221 vel
952 1155 1272 1222 electores
1306 1157 1624 1240 Episcopo
1659 1157 2004 1224 inferiores
2023 1208 2039 1237 ,
2085 1160 2280 1225 etiam
2316 1160 2592 1225 istorum
2622 1178 2779 1224 con-

543 1295 574 1331 «
614 1290 837 1335 sensus
877 1271 1271 1356 requiritur;
1306 1272 1455 1355 quia
1493 1272 1631 1337 istis
1666 1291 1862 1355 grave
1904 1271 2215 1338 damnum
2251 1275 2318 1338 in
2354 1277 2488 1339 suis
2520 1274 2779 1358 juribus

542 1408 575 1446 «
613 1385 915 1464 infertur,
954 1405 1103 1450 cum
1137 1386 1529 1451 beneficium
1575 1394 1721 1470 post
1754 1389 2058 1454 unionem
2091 1409 2221 1455 non
2248 1391 2332 1454 sit
2357 1390 2633 1474 amplius
2666 1408 2779 1453 va-

544 1524 577 1561 «
615 1509 913 1567 caturum
933 1550 949 1580 ,
987 1502 1211 1587 sicque
1241 1501 1363 1585 ipsi
1389 1504 1689 1567 amittant
1716 1501 1824 1595 jus
1853 1503 2234 1569 conferendi
2265 1524 2380 1570 seu
2408 1504 2772 1589 eligendi...

546 1643 578 1680 c<
612 1620 779 1683 Item
822 1619 872 1682 si
911 1616 1300 1682 beneficium
1361 1616 1718 1683 uniendum
1765 1620 1851 1684 sit
1892 1620 1977 1685 de
2021 1619 2170 1705 jure
2218 1627 2630 1703 patronatum,
2674 1639 2778 1686 re·

544 1756 577 1792 «
612 1733 894 1819 quiritur
919 1751 1039 1815 pro
1065 1733 1179 1797 tali
1207 1733 1444 1797 unione
1477 1732 1779 1799 facienda
1813 1753 2164 1800 consensus
2192 1737 2472 1819 patroni.
2489 1787 2533 1801 ..

633 1873 665 1909 α
708 1853 911 1911 Tertia
934 1850 1198 1911 conditio
1225 1848 1535 1931 requisita
1565 1845 1652 1912 ad
1680 1848 2031 1932 legitimam
2067 1851 2368 1916 unionem
2413 1849 2772 1916 faciendam

546 1987 581 2025 a
615 1981 737 2046 per
781 1964 1203 2047 Episcopum,
1241 1969 1343 2027 est
1373 1981 1724 2028 consensus
1764 1965 2117 2048 capituli...
2160 1965 2327 2029 Unio
2372 1964 2518 2029 fieri
2561 1971 2777 2048 potest

543 2102 577 2139 «
613 2080 747 2144 sine
774 2079 1085 2163 requisito
1109 2078 1226 2142 tali
1255 2096 1571 2144 consensu
1591 2126 1607 2154 ,
1641 2079 1695 2143 si
1723 2078 1893 2144 adsit
1921 2080 2157 2145 alicubi
2186 2078 2592 2146 consuetudo
2616 2080 2776 2163 legi-

544 2218 578 2254 «
611 2196 770 2259 time
808 2194 1187 2277 proescripta
1226 2192 1432 2276 ipsam
1469 2192 1755 2259 faciendi
1792 2195 1928 2259 sine
1965 2196 2387 2279 requisitione
2426 2194 2583 2262 dicti
2622 2216 2774 2262 con-

548 2333 580 2369 «
620 2327 869 2374 sensus,
898 2332 932 2369 »
974 2309 1306 2395 (Ferraris,
1342 2327 1502 2373 voce
1540 2314 1696 2373 Um'o
1730 2313 1949 2391 benef„
1988 2331 2054 2375 n.
2101 2313 2176 2376 17
2216 2317 2284 2377 ct
2315 2310 2482 2396 seq.)

626 2429 785 2490 Nota
827 2428 915 2490 1⁰.
957 2460 1048 2473 --
1083 2424 1146 2489 Si
1182 2424 1335 2489 unio
1390 2422 1690 2489 facienda
1727 2432 1899 2492 esset
1939 2426 2301 2502 seminario,
2362 2433 2603 2511 praeter
2650 2426 2771 2493 alia

535 2543 847 2628 requisita
869 2589 884 2617 ,
930 2542 1330 2606 intervenire
1388 2538 1669 2607 deberet
1715 2544 2048 2608 consilium
2097 2550 2381 2627 quatuor
2429 2541 2772 2626 deputato-

533 2676 718 2741 rum3
755 2656 1035 2723 duorum
1074 2657 1319 2722 scilicet
1350 2656 1436 2720 de
1475 2658 1784 2741 capitu10,
1823 2666 1892 2724 et
1921 2659 2203 2724 duorum
2241 2657 2326 2723 de
2368 2659 2568 2724 clero.
2605 2660 2771 2724 Alio-

533 2774 688 2857 quin
730 2774 883 2837 unio
919 2772 1220 2837 nullitate
1252 2771 1585 2837 laboraret
1621 2773 1958 2859 (FerrariS,
1987 2774 2134 2839 loco
2169 2775 2390 2851 citato,
2429 2794 2495 2839 n.
2526 2773 2662 2858 35).

626 2891 783 2951 Nota
813 2890 906 2951 2⁰.
939 2923 1028 2934 —-
1058 2887 1239 2952 Inter
1268 2905 1380 2953 eos
1410 2889 1521 2972 qui
1549 2889 1793 2953 citandi
1827 2898 1979 2955 sunt
2010 2895 2080 2955 et
2103 2908 2380 2973 quorum
2411 2892 2768 2975 requiritur

532 3004 863 3068 consilium
891 3004 1001 3068 vel
1027 3021 1398 3082 consensus,
1432 3023 1563 3069 non
1594 3006 2170 3089 comprehenditur
2206 3013 2425 3073 rector
2462 3005 2763 3074 beneficii

532 3116 821 3183 uniendi.
866 3118 1027 3182 Nam
1068 3137 1218 3183 cum
1258 3120 1412 3184 unio
1451 3139 1640 3185 suum
1679 3119 1985 3185 effectum
2024 3141 2153 3187 non
2189 3121 2492 3187 habitura
2524 3123 2611 3186 sit
2644 3123 2763 3186 nisi

533 3239 679 3314 post
708 3230 848 3316 ejus
879 3232 1161 3312 obitum,
1198 3234 1454 3299 nullum
1485 3235 1546 3298 ei
1573 3233 1882 3301 damnum
1921 3253 2040 3318 per
2066 3236 2309 3302 hancce
2339 3239 2640 3303 unionem
2667 3236 2761 3300 in·

531 3347 764 3412 fertur.
809 3347 1001 3414 Unde
1037 3351 1330 3432 quamvis
1371 3349 1653 3414 vocandi
1699 3352 1825 3415 sint
1865 3369 2089 3417 omnes
2132 3370 2410 3436 quorum
2443 3352 2717 3417 interest
2735 3398 2752 3428 ,

531 3469 897 3529 nontamen
924 3464 1083 3546 ipse.
1118 3463 1202 3528 At
1228 3464 1283 3526 si
1306 3471 1536 3547 sponte
1568 3465 2042 3546 comparuerit,
2078 3463 2281 3532 debet
2303 3464 2537 3533 audiri.
2570 3463 2754 3552 (Vide

531 3577 839 3654 FerrariS,
871 3577 1016 3642 loco
1048 3578 1269 3653 citato,
1304 3597 1369 3640 n.
1405 3575 1543 3659 27.)
2527 3561 2542 3572 ’

619 3694 799 3754 Nota.
841 3693 910 3754 3⁰
936 3727 1027 3740 —-·
1059 3693 1224 3757 Item
1256 3710 1386 3756 non
1422 3691 1788 3775 requiritur
1815 3712 2163 3760 consensus
2193 3695 2437 3779 plebis;
2472 3692 2590 3761 sed
2614 3701 2751 3758 tan-

526 3811 698 3882 tum,
751 3807 803 3869 si
853 3814 1084 3889 sponte
1130 3808 1604 3891 comparuerit,
1652 3808 1865 3875 audiri
1922 3809 2145 3878 debet.
2203 3812 2519 3898 (Ferraris
2542 3861 2558 3889 ,
2615 3813 2758 3877 loco

529 3921 751 3998 citato,
797 3941 861 3986 n.
906 3922 1045 4007 29.)
