3146 4973
1230 373 1385 419 mus
1430 372 1715 431 omnm.
2440 355 2567 417 ⁴45

336 517 478 563 mus
507 496 591 562 de
616 497 929 563 hodierna
954 498 1307 563 Galliarum
1331 498 1516 578 praxi
1547 493 1764 580 quoad
1793 492 2114 577 ejusmodi
2152 497 2423 560 vicarios
2452 514 2568 561 seu

333 613 666 699 adjutores
694 613 1152 697 parochorum.

1393 866 1524 940 §L

668 1084 987 1145 Distinguendi
1017 1092 1125 1132 sunt
1146 1083 1348 1144 duplicis
1376 1084 1544 1145 speciei
1575 1083 1870 1143 coadJutores
1893 1087 2226 1145 parochorum.

422 1317 474 1380 Ι.
514 1317 601 1380 Ea
651 1333 776 1379 vox
813 1316 1124 1395 coadjutor
1150 1314 1219 1377 in
1253 1312 1400 1397 jure
1448 1319 1645 1397 atque
1687 1311 1864 1394 apud
1915 1313 2275 1377 canonistas
2332 1313 2565 1394 passim

335 1432 619 1505 occurrit
655 1429 901 1513 duplici
941 1448 1133 1493 sensu
1185 1430 1459 1493 relative
1505 1426 1588 1493 ad
1620 1427 1941 1510 parochos
1973 1435 2309 1511 usurpata.
2358 1434 2566 1492 Primo

334 1565 590 1630 nempe,
627 1553 698 1611 et
723 1543 987 1629 quidem
1020 1547 1250 1609 stricto
1278 1564 1500 1620 sensu,
1539 1542 1804 1628 quando
1839 1545 2055 1627 agitur
2076 1542 2160 1609 de
2189 1545 2302 1609 illo
2330 1562 2566 1627 coope-

335 1669 577 1739 ratore,
604 1661 715 1745 qui
739 1660 1020 1743 parocho
1053 1658 1270 1735 datur,
1309 1677 1388 1723 eo
1420 1656 1598 1740 quod
1629 1661 1703 1734 is,
1734 1660 1871 1723 sive
1904 1658 1989 1723 ob
2017 1660 2297 1744 aliquam
2329 1677 2566 1741 peren-

333 1794 485 1841 nem
516 1776 709 1840 animi
739 1783 849 1840 aut
873 1776 1161 1858 corporis
1187 1774 1658 1852 infirmitatem,
1687 1774 1826 1839 sive
1854 1775 1939 1839 ob
1964 1775 2340 1839 necessariae
2365 1775 2564 1839 scien-

334 1894 437 1957 tioe
471 1892 832 1971 defectum,
876 1893 1206 1976 reperitur
1240 1891 1536 1956 inhabilis
1572 1890 1659 1956 ad
1710 1890 2063 1974 gerendam
2097 1894 2567 1958 convenienter

330 2009 687 2072 animarum
726 2028 970 2073 curam.
1008 2010 1144 2072 Hoc
1184 2026 1399 2082 sensu,
1428 2006 1619 2071 verbi
1661 2009 1887 2090 gratia,
1921 2009 2131 2089 capite
2183 2011 2260 2070 cte
2301 2011 2565 2071 Rectori-

331 2125 437 2185 bus
470 2123 556 2207 (3,
593 2123 766 2188 tituli
792 2125 856 2201 6,
900 2123 1053 2187 libri
1082 2126 1118 2188 3
1155 2119 1639 2204 decretalium),
1685 2120 1768 2186 de
1813 2121 2110 2205 parochis
2152 2120 2338 2205 lepra
2385 2122 2565 2188 labo—

333 2238 626 2303 rantibus
669 2238 907 2304 dicitur
943 2262 956 2303 :
989 2246 1077 2301 cis
1120 2242 1359 2302 dandus
1415 2248 1503 2302 est
1556 2242 1891 2320 coadjutor,
1954 2244 2060 2319 qui
2104 2258 2312 2302 curam
2351 2241 2564 2302 habeat

333 2360 693 2432 animarum,
740 2362 797 2417 et
850 2358 925 2418 de
969 2357 1363 2434 facultatibus
1411 2357 1670 2416 ecclesiae
1709 2356 1791 2417 ad
1855 2361 2346 2417 sustentationem
2395 2375 2564 2417 suam

333 2490 652 2551 conqruam
682 2477 933 2553 recipiat
952 2477 1314 2553 portionem.
1352 2471 1433 2535 Et
1475 2470 1836 2553 generatim
1870 2467 2130 2554 quando
2161 2469 2246 2536 ο1)
2270 2469 2521 2535 senium
2542 2518 2558 2548 ,

329 2585 602 2651 aliamve
633 2605 988 2669 perennem
1017 2588 1215 2652 animi
1238 2594 1349 2651 aut
1379 2588 1671 2670 corporis
1703 2586 2142 2652 infirmitatem
2169 2585 2366 2653 datur
2383 2605 2567 2670 paro-

330 2700 449 2767 cho
476 2702 840 2778 auxiliator,
871 2704 981 2786 qui
1010 2703 1075 2766 in
1103 2702 1656 2768 administratione
1688 2721 1859 2767 curoe
1891 2702 2214 2785 suppleat,
2246 2702 2346 2766 hic
2378 2701 2568 2767 coad-

323 2816 559 2902 jutoris
587 2820 844 2885 nomine
879 2817 1044 2883 solet
1088 2839 1122 2882 a
1168 2817 1545 2883 doctoribus
1592 2816 1938 2901 designari.
1974 2820 2142 2883 Item
2181 2818 2267 2884 oh
2308 2837 2564 2883 causam

330 2933 664 3015 imperitioe
703 2932 1021 3017 ejusmodi
1064 2936 1441 3016 coadjutores
1494 2940 1619 2996 sive
1662 2940 1920 2996 vicarios
1963 2933 2044 2998 ab
2077 2934 2395 3017 Episcopo
2426 2932 2568 2998 dari

329 3065 517 3130 posse
544 3048 863 3129 parochiS,
897 3047 1196 3114 decrevit
1218 3048 1599 3114 Tridentina
1630 3047 1919 3131 synodus
1949 3048 2126 3133 (sess.
2161 3051 2272 3127 21,
2299 3067 2441 3132 cap.
2468 3048 2560 3131 6).

329 3166 596 3227 Secundo
640 3163 761 3229 hoc
797 3166 991 3229 etiam
1032 3168 1445 3248 coadjutorum
1488 3163 1806 3229 vocabulo
1851 3164 2238 3247 frequenter
2287 3173 2565 3229 utuntur

329 3280 671 3345 canonistas
706 3280 792 3345 ad
824 3279 1259 3364 designandos
1301 3300 1410 3346 eos
1439 3278 1834 3355 sacerdotes,
1880 3280 1992 3363 qui
2035 3278 2441 3363 deputantur
2476 3280 2562 3346 ad

334 3394 765 3459 auxiliandum
801 3395 1106 3478 paroch0,
1144 3416 1270 3461 non
1301 3416 1383 3461 ex
1418 3416 1496 3461 co
1528 3393 1706 3479 quod
1731 3395 1782 3458 is
1811 3394 2107 3459 infirmus
2135 3395 2218 3458 sit
2244 3401 2355 3458 aut
2383 3396 2563 3461 inha-

332 3508 510 3586 bilis,
547 3509 662 3575 sed
686 3511 859 3595 quod
890 3512 980 3577 ita
1009 3533 1392 3578 numerosus
1429 3513 1513 3576 sit
1546 3511 1856 3594 populuS,
1896 3516 1973 3574 ut
2024 3511 2196 3576 solus
2244 3511 2562 3594 parochus

330 3627 766 3692 ministrandis
811 3631 1228 3694 sacramentis
1277 3628 1584 3694 sufficere
1627 3636 1932 3713 nequeat.
1973 3630 2125 3693 Haec
2161 3646 2318 3692 vero
2349 3635 2562 3711 poste·

326 3742 461 3808 rior
486 3741 938 3828 coadjutorum
964 3745 1179 3809 classis
1219 3743 1409 3809 valde
1453 3743 1675 3809 differt
1704 3764 1739 3808 a
1767 3746 2005 3827 priori,
2045 3742 2262 3827 quoad
2291 3743 2562 3809 effectus

320 3857 503 3942 juris,
544 3866 621 3923 ut
654 3877 802 3923 mox
832 3858 1142 3925 dicemus,
1192 3859 1328 3924 Imo
1378 3858 1833 3943 coadjutorum
1874 3858 2311 3924 denominatio
2358 3862 2561 3943 priori

328 3973 512 4036 classi
564 3982 870 4040 censetur
914 3977 1208 4057 propria3
1244 3993 1369 4039 nec
1401 3973 1487 4038 ad
1527 3974 1956 4056 posteriorem
2008 3973 2390 4039 extenditur
2435 3976 2559 4040 nisi

326 4088 505 4173 largo
547 4090 829 4175 quodam
870 4109 1087 4157 sensu.
1126 4091 1291 4155 Hinc
1335 4108 1505 4175 saepe
1542 4092 1739 4155 etiam
1766 4089 1959 4173 hujus
1997 4091 2375 4174 posterioris
2402 4091 2559 4156 clas-

324 4207 409 4269 sis
454 4208 888 4283 auxiliatoreS,
934 4215 1250 4271 vocantur
1311 4206 1747 4289 parochorum
1798 4213 2046 4285 vacarii,-
2085 4226 2225 4291 quae
2275 4206 2600 4273 denomi·'

328 4324 505 4386 natio
548 4324 613 4385 in
658 4323 862 4388 Gallia
906 4325 1269 4407 praesertim
1324 4323 1719 4408 generaliter
1764 4322 2038 4389 obtinet.
2089 4327 2259 4389 Item
2313 4332 2383 4390 et
2420 4324 2559 4388 aliis

328 4438 564 4520 passim
607 4439 972 4505 nominibus
1012 4448 1496 4523 nuncupantur,
1536 4438 1720 4505 verbi
1767 4439 1995 4524 gratia,
2033 4443 2512 4523 cappellanorum
2536 4489 2551 4519 ,
