3146 4973
528 379 657 442 406
1163 364 1182 382 ⁴
1203 391 1581 439 Tmen-rus
1626 392 1713 438 m:
1758 390 2085 439 raaocno.

531 538 565 578 ι
599 520 831 580 alama
848 519 995 595 loeo,
1018 523 1219 598 posset
1244 518 1585 597 supplicare
1602 522 1991 598 superiorem,
2021 524 2079 579 et
2100 522 2372 599 superior
2391 535 2521 578 cum
2546 518 2764 578 audin

529 655 562 692 α
592 635 867 710 deberet,
903 635 988 694 acl
1019 633 1485 696 similitudinem
1526 637 1710 694 servi.
1742 653 1774 691 ι
1818 629 2167 696 Concludit
2213 631 2550 696 suaresius
2582 648 2767 695 revo-

523 749 842 812 cationem
871 766 999 812 non
1030 763 1171 810 esse
1197 765 1233 810 a
1256 745 1595 827 superiore
1627 744 2035 823 cassandam,
2067 746 2189 811 nisi
2218 746 2389 811 facta
2419 746 2653 812 fuisset
2681 764 2767 809 ex

523 863 797 939 malitia,
837 869 952 927 aut
990 858 1364 927 scandalum
1403 862 1512 925 vel
1557 862 1885 928 infamiam
1925 868 2275 945 generaret
2303 863 2401 948 (do
2428 866 2756 943 Reliyaom,

523 989 698 1045 tomo
727 979 793 1055 4,
829 978 998 1044 libro
1026 982 1092 1056 3,
1135 996 1280 1062 cap.
1326 982 1429 1054 19,
1465 996 1529 1041 n.
1564 975 1700 1061 21).

612 1097 697 1160 11.
750 1097 1094 1161 Doctum
1124 1095 1412 1160 Gneus.
1449 1130 1541 1142 —
1573 1115 1608 1156 a
1643 1096 1719 1158 ln
1767 1094 2100 1160 beneficiis
2149 1095 2553 1161 manualibus
2580 1102 2650 1161 et
2679 1093 2767 1160 ad

526 1233 559 1273 a
593 1219 826 1278 nutum
861 1209 1313 1276 amovibilibus
1337 1258 1353 1287 ‚
1391 1214 1610 1292 potest
1653 1209 1798 1276 fieri
1836 1211 2168 1276 revocatio
2196 1212 2334 1276 sine
2377 1229 2565 1276 cansa
2584 1258 2599 1287 ‚
2640 1229 2769 1274 ma-

529 1350 563 1390 «
597 1328 734 1393 litia
760 1333 1167 1410 cessante...;
1199 1326 1356 1393 licet
1388 1329 1788 1391 contrarium
1821 1326 1997 1392 dicat
2038 1327 2232 1392 Azor.
2272 1350 2305 1389 »
2342 1328 2653 1412 (GarciaS,
2693 1330 2771 1390 de

526 1444 868 1521 Beneficiis,
910 1449 1095 1525 parte
1139 1446 1195 1519 1,
1231 1461 1289 1506 c.
1327 1445 1393 1518 2,
1433 1461 1497 1505 n.
1537 1440 1676 1524 88.)

615 1559 730 1623 ΙΙΙ.
765 1560 1108 1623 Doc‘rnmA
1138 1558 1447 1622 Lon-sm.
1479 1593 1570 1604 —
1602 1556 1957 1640 Distinguit
1980 1557 2090 1623 ille
2127 1559 2457 1624 saecularia
2499 1559 2672 1625 inter
2698 1566 2771 1625 et

524 1673 849 1757 regularia
877 1670 1192 1737 beneficia
1223 1672 1564 1738 manualia.
1597 1672 1932 1738 Praenotat
1967 1674 2035 1736 in
2071 1674 2487 1739 saecnlaribus
2514 1694 2774 1741 manua-

524 1789 777 1853 litatem
816 1788 1189 1854 substantias
1235 1788 1438 1870 ipsius
1473 1786 1776 1853 beneficii
1822 1787 2143 1854 inhaerere
2185 1811 2198 1853 :
2243 1811 2275 1850 «
2314 1790 2394 1854 At
2420 1791 2486 1854 in
2522 1790 2775 1873 regula-

532 1926 566 1966 «
602 1904 784 1970 ribus
832 1902 999 1991 (ait)
1052 1904 1328 1989 qualitas
1386 1905 1523 1969 hoec
1582 1905 2015 1970 manualitatis
2065 1924 2193 1970 non
2242 1908 2657 1972 constituitur
2708 1910 2773 1972 in

535 2045 567 2083 α
602 2021 961 2089 substantia
985 2020 1370 2086 beneficii...
1397 2020 1509 2083 Vis
1529 2020 1965 2087 manualitatis
1981 2029 2112 2086 stat
2129 2022 2195 2085 in
2213 2022 2352 2104 ipsa
2370 2020 2766 2099 obedientia,

536 2163 567 2200 a
606 2158 735 2205 non
760 2147 977 2204 autem
997 2139 1064 2202 in
1087 2146 1322 2203 natura
1350 2136 1685 2215 beneficii,
1715 2136 1893 2222 quod
1923 2144 2317 2221 perpetuum
2342 2145 2463 2216 est,
2494 2141 2773 2206 nectale

536 2277 568 2315 α
601 2253 840 2319 desinit
885 2272 1029 2318 esse
1062 2271 1185 2336 per
1212 2254 1644 2319 remotionem
1698 2251 2172 2322 obedientiarii.
2211 2276 2243 2314 »
2290 2254 2402 2339 (De
2438 2259 2521 2319 Re
2556 2258 2776 2334 bonofi-

532 2377 767 2448 0iaria,
822 2370 867 2433 1.
914 2373 971 2447 1,
1011 2387 1075 2453 q.
1113 2373 1221 2445 33,
1260 2389 1326 2434 n.
1364 2371 1401 2433 5
1454 2377 1524 2434 et
1573 2343 1741 2453 seq.)
1796 2370 1941 2449 Quo
1978 2370 2308 2453 praemisso
2360 2370 2766 2449 discrimine,

536 2492 719 2551 tenet
756 2482 973 2570 quoad
1000 2484 1318 2550 beneficia
1349 2485 1663 2550 manualia
1697 2488 2036 2564 screator-ia,
2076 2503 2265 2569 posse
2296 2489 2777 2554 revocationem

535 2602 680 2667 fieri
728 2601 862 2665 sine
900 2618 1093 2666 cansa
1112 2647 1127 2678 ,
1179 2602 1234 2664 si
1264 2619 1502 2665 revera
1532 2600 1601 2663 in
1631 2598 2014 2665 fundatione
2063 2602 2236 2666 clare
2284 2620 2663 2686 expressum
2693 2604 2777 2667 sit

535 2716 924 2782 beneficium
973 2716 1115 2781 fore
1171 2716 1465 2782 manuale
1487 2763 1503 2792 ‚
1559 2734 1678 2780 seu
1729 2716 2187 2782 beneficiatum
2236 2718 2379 2783 fore
2428 2723 2513 2783 ad
2564 2729 2778 2783 nutum

541 2832 975 2898 revocabilem
1015 2854 1028 2897 :
1064 2851 1100 2897 e
1141 2839 1368 2897 contra
1419 2831 1502 2897 de
1542 2834 1922 2911 reputaribus
1967 2832 2174 2898 tradit
2222 2853 2349 2898 non
2400 2853 2584 2918 posse
2633 2835 2781 2901 fieri

537 2946 1020 3012 revocationem
1066 2947 1202 3012 sine
1253 2965 1444 3011 causa
1492 2946 1880 3031 rationabili3
1930 2955 1999 3013 et
2036 2946 2179 3012 dari
2214 2967 2547 3036 recursum
2588 2970 2781 3015 revo-

544 3069 691 3127 cato
741 3062 876 3127 sine
929 3081 1162 3144 causa;
1216 3071 1286 3127 et
1321 3070 1477 3127 tunc
1529 3063 1935 3146 superiorem
1984 3071 2400 3130 revocantem
2447 3066 2658 3130 teneri
2694 3065 2779 3131 ad

542 3177 1067 3262 exprimendam,
1110 3176 1287 3259 apud
1325 3178 1734 3259 superiorem
1778 3177 2127 3262 majorem,
2172 3180 2609 3245 revocationis
2635 3200 2783 3245 cau-

543 3308 715 3375 sam3
748 3299 818 3357 et
863 3292 1346 3357 revocationem
1382 3292 1623 3357 factam
1657 3294 1794 3358 sine
1837 3312 2030 3358 causa
2062 3293 2429 3359 habendam
2476 3312 2619 3361 esse
2644 3303 2781 3360 tan-

542 3428 737 3493 quam
769 3408 1004 3473 factam
1033 3426 1115 3472 ex
1147 3408 1410 3474 malitia.
1445 3409 1541 3473 En
1579 3410 1716 3492 ipsa
1743 3410 2025 3475 auctoris
2060 3409 2284 3485 verba,
2320 3428 2461 3493 quae
2496 3414 2781 3473 saeculare

542 3522 927 3588 beneficium
977 3520 1272 3586 manuale
1311 3523 1667 3605 respiciunt
1704 3543 1718 3585 ε
1760 3545 1794 3584 «
1826 3523 2133 3602 Quamvis
2173 3530 2478 3606 respectu
2522 3524 2780 3589 articuli

550 3658 583 3696 «
620 3640 821 3699 liberes
868 3635 1283 3710 remotioni&
1317 3635 1388 3699 id
1436 3643 1572 3712 est,
1628 3637 1765 3701 sine
1812 3656 2005 3703 causa
2048 3645 2117 3705 et
2154 3658 2236 3703 ex
2272 3639 2574 3722 abrupto,
2613 3640 2785 3703 circa

551 3775 584 3813 «
618 3750 949 3817 saecularia
984 3751 1067 3815 sit
1106 3749 1547 3816 attendendus
1565 3754 1835 3817 omuino
1864 3762 2056 3820 tenor
2083 3754 2590 3832 fundationum„
2620 3753 2787 3821 adeo

553 3892 585 3929 «
622 3866 834 3953 quod,
870 3868 921 3932 si
951 3869 1061 3934 ille
1095 3869 1181 3934 sit
1209 3870 1444 3946 clarus,
1495 3874 1570 3933 ut
1614 3870 1817 3952 possit
1864 3871 2007 3953 quis
2039 3869 2123 3935 ad
2156 3871 2409 3936 libitum
2448 3879 2518 3936 et
2556 3879 2785 3936 nutum

551 4004 584 4043 «
621 3982 1028 4059 revocari...,
1084 3981 1153 4046 id
1199 3990 1662 4065 consequatur,
1725 4001 1846 4047 nec
1884 3984 2004 4047 nisi
2047 3981 2133 4047 ad
2177 3984 2307 4048 tale
2359 3984 2793 4049 revocationis

550 4108 878 4183 «tempus
930 4118 1082 4164 eum
1130 4096 1464 4180 possidere
1484 4147 1499 4175 ,
1560 4118 1776 4184 neque
1836 4105 2184 4183 propterea
2239 4117 2426 4183 posse
2464 4102 2787 4167 intentare

552 4238 586 4278 «
620 4215 1287 4297 manutentionem...;
1335 4215 1428 4278 ita
1477 4214 1592 4279 ubi
1627 4214 1830 4280 verba
1867 4215 2085 4299 aliquo
2122 4212 2319 4279 modo
2366 4222 2518 4278 sunt
2561 4212 2780 4287 dubia,

553 4355 585 4394 κ
619 4350 886 4414 semper
923 4338 1118 4396 erunt
1142 4331 1233 4394 ita
1261 4330 1780 4414 interpretanda,
1815 4338 1891 4396 ut
1924 4330 2211 4396 debeant
2245 4330 2480 4395 referri
2511 4328 2596 4395 ad
2624 4329 2789 4395 arbi·

552 4471 584 4508 «
621 4449 816 4513 trium
866 4446 1270 4530 regulatum3
1314 4444 1599 4530 indeque
1654 4448 1858 4531 (aequc
1909 4463 1985 4511 ac
2038 4446 2102 4509 iu
2149 4443 2575 4530 regularibus)
2626 4443 2784 4511 dum
