3146 4973
586 351 672 413 48
1266 361 1643 411 TRAGTATUS
1687 362 1776 408 DE
1819 361 2146 411 PARocno.

582 491 741 555 Nam
770 488 826 552 si
862 505 1093 553 verum
1120 487 1225 565 sit,
1258 485 1441 571 quod
1460 488 1528 552 in
1548 487 1892 570 superiore
1922 484 2327 572 paragrapho
2357 484 2568 569 palam
2595 483 2814 551 facere

583 604 796 670 conati
824 621 1067 681 sumna,
1098 603 1404 685 proefatos
1430 621 1667 686 nempe
1696 602 2068 686 discipulos,
2098 620 2222 668 nec
2245 601 2560 686 parochos
2589 600 2812 679 fuisse,

580 741 702 787 nec
753 719 1186 807 parochorum
1227 719 1420 786 etiam
1465 726 1699 815 typum
1727 720 2019 805 gessisse,
2059 738 2463 804 consequens
2487 725 2592 785 est
2627 736 2821 802 paro·

582 837 735 903 chos
765 845 1085 923 quatenus
1113 837 1277 903 tales
1311 837 1687 903 nullatenus
1727 836 1954 903 haberi
2003 855 2191 924 posse
2235 844 2543 922 tanquam
2590 853 2820 902 eorum

581 971 1009 1020 successores.

671 1067 999 1135 Probatur
1030 1071 1123 1147 2⁰,
1157 1088 1238 1133 ex
1260 1089 1327 1132 eo
1350 1072 1510 1150 quod
1542 1088 1655 1149 per
1674 1072 1905 1151 aliquot
1930 1072 2148 1134 soectda
2177 1072 2337 1133 nulli
2375 1075 2444 1133 in
2469 1072 2691 1134 mundo
2711 1089 2824 1133 ex·

584 1189 822 1247 titerint
853 1184 1125 1266 parochi.
1156 1219 1233 1231 —-
1260 1184 1325 1249 Si
1351 1185 1521 1249 enim
1553 1184 1821 1268 parochi
1851 1192 2070 1251 essent
2104 1184 2525 1250 institutionis
2553 1182 2816 1261 divinae,

582 1316 660 1363 ea
708 1298 1113 1364 institutione
1161 1299 1342 1364 nullo
1392 1307 1691 1384 tempore
1739 1301 2057 1366 caruisset
2104 1301 2419 1366 Ecclesia.
2459 1301 2824 1366 Necessarii

581 1433 818 1498 nempe
852 1413 1073 1481 forent
1101 1414 1370 1499 parochi
1409 1414 1498 1481 ad
1537 1416 1916 1483 hierarchias
1957 1415 2269 1484 divinitus
2303 1419 2613 1483 institutae
2653 1418 2824 1483 inte-

581 1534 923 1616 gritatem3
964 1551 1092 1617 qua
1138 1533 1513 1616 integritate
1562 1541 1634 1599 et
1677 1534 2012 1600 essentiali
2051 1533 2262 1599 forma
2299 1553 2439 1611 sua,
2474 1534 2527 1599 si
2562 1531 2823 1619 quando

581 1646 897 1714 destituta
944 1648 1353 1732 reperiretur
1392 1648 1712 1726 Ecclesia,
1749 1650 2102 1715 corruisset
2143 1669 2224 1715 ex
2270 1657 2483 1733 parte,
2539 1654 2735 1734 atque
2779 1668 2821 1713 a

583 1761 806 1828 divino
842 1762 1193 1830 fundatore
1241 1784 1359 1830 suo
1404 1763 1719 1831 derelicta
1764 1764 2019 1844 fuisset,
2073 1764 2254 1851 quod
2291 1764 2424 1831 dici
2464 1765 2650 1832 nefas
2689 1771 2817 1831 est.

581 1877 755 1946 Illud
792 1882 1187 1965 caeteroquin
1229 1882 1704 1947 consectarium
1733 1882 1998 1965 ipsimet
2026 1881 2407 1966 parochistae
2455 1901 2574 1947 seu
2613 1881 2822 1966 janse-

583 1995 762 2060 nistae
786 1993 1074 2061 libenter
1091 1995 1479 2081 admittunt3
1509 1997 1907 2064 necessarios
1924 1999 1990 2062 in
2004 1997 2290 2063 Ecclesia
2309 2016 2450 2063 esse
2472 1997 2814 2081 parochos,

582 2129 712 2178 non
742 2130 933 2177 secus
968 2131 1045 2178 ac
1072 2113 1459 2197 Episcopus,
1490 2112 1645 2179 inde
1686 2112 2172 2190 concludentes,
2218 2111 2398 2197 quod
2449 2111 2683 2179 divinae
2721 2114 2823 2177 in·-

581 2227 930 2294 stitutionis
967 2228 1121 2292 sint.
1168 2228 1339 2312 Ergo
1383 2229 1439 2293 si
1466 2227 1788 2311 probetur
1823 2226 2170 2313 aliquando
2200 2229 2269 2292 in
2297 2228 2582 2294 Ecclesia
2609 2227 2826 2293 nullos

582 2343 871 2408 extitisse
902 2341 1242 2426 parochoS,
1278 2351 1497 2409 aetum
1535 2345 1666 2411 erit
1703 2342 1789 2410 de
1840 2351 2164 2427 praetensa
2215 2362 2444 2410 eorum
2476 2343 2697 2410 divina
2730 2346 2826 2409 in-

581 2458 937 2536 stitutione,
976 2476 1104 2544 qua
1134 2477 1171 2525 a
1197 2457 1452 2526 Christo
1496 2460 1835 2526 constituti
1881 2467 2283 2539 asseruntur,
2317 2479 2442 2545 per
2479 2462 2826 2546 ipsammet

586 2576 668 2640 72
700 2572 1166 2659 discipulorum
1193 2577 1690 2644 institutionem.
1728 2577 1934 2643 Porro
1981 2578 2284 2660 superius
2313 2578 2660 2662 probatum
2691 2584 2816 2656 est,

582 2691 908 2774 prioribus
938 2693 1240 2758 Ecclesioe
1269 2693 1678 2778 temporibus
1703 2694 1920 2760 nullos
1949 2695 2015 2758 in
2042 2692 2289 2760 mundo
2316 2695 2603 2761 extitisse
2626 2713 2824 2779 paro·

583 2807 759 2887 chOS,
794 2816 863 2874 et
905 2828 1025 2893 per
1070 2807 1304 2876 decem
1343 2809 1581 2875 saecula
1617 2829 1696 2875 ea
1733 2811 2136 2876 institutione
2187 2811 2471 2876 caruisse
2519 2811 2825 2877 civitates

582 2925 976 3008 episcopales
998 2946 1014 3009 3
1043 2943 1198 3009 ergo
1220 2943 1452 2991 revera
1471 2924 1736 3008 parochi
1776 2943 1897 2990 nec
1929 2932 2083 2990 sunt
2107 2926 2527 2992 institutionis
2555 2924 2814 3004 diviuoe,

581 3058 704 3106 nec
737 3060 821 3108 ex
848 3043 1252 3109 institutione
1291 3041 1510 3108 divina
1550 3045 1632 3109 72
1667 3040 2135 3126 discipulorum
2166 3061 2592 3109 successores.

673 3156 1004 3224 Probatur
1036 3161 1127 3236 3⁰,
1173 3179 1252 3222 ex
1292 3166 1420 3223 tota
1461 3161 1815 3223 traditione.
1857 3193 1949 3205 —
1972 3159 2155 3238 Nam,
2195 3165 2268 3224 ut
2306 3159 2375 3223 in
2402 3159 2829 3244 sequentibus

581 3274 1000 3359 paragraphis
1035 3275 1485 3360 patefacimuS,
1541 3275 1772 3342 asserit
1810 3274 2076 3362 quidem
2113 3272 2379 3341 traditio
2411 3273 2682 3346 secundi
2723 3295 2828 3342 or-

580 3388 749 3456 dinis
800 3388 1196 3469 sacerdotes,
1248 3389 1318 3455 id
1371 3398 1474 3456 est
1505 3390 1947 3475 presbyteros,
1997 3389 2065 3454 in
2122 3393 2203 3456 72
2249 3388 2585 3475 discipulis
2623 3391 2825 3458 fuisse

578 3506 1058 3590 quodammodo
1115 3505 1575 3591 adumbratos;
1635 3514 1735 3573 ast
1789 3505 1954 3572 illud
2004 3507 2235 3572 asserit
2284 3503 2369 3573 de
2418 3508 2829 3593 presbyteris

579 3627 902 3705 quatenus
934 3622 1358 3708 presbyteria,
1390 3642 1518 3690 non
1542 3633 1865 3708 quatenus
1896 3622 2218 3707 parochis.

1585 3825 1639 3924 ‘s
1671 3849 1790 3914 111.

578 4050 859 4100 'traditionis
887 4058 1203 4112 monumenta,
1233 4064 1324 4113 quo
1347 4050 1407 4099 ad
1438 4052 1755 4114 presbyteros,
1779 4065 1873 4103 non
1901 4066 2058 4103 veram
2086 4057 2151 4105 72
2178 4055 2425 4119 discipulis
2452 4057 2822 4120 successionem,

643 4145 727 4193 sed
755 4144 1004 4208 quamdam
1046 4144 1289 4193 dumtaxat
1317 4144 1623 4194 institutionis
1654 4146 2008 4198 similitudinem
2036 4148 2288 4200 adstruunt
2333 4166 2345 4199 :
2389 4151 2546 4214 quoad
2587 4154 2825 4214 parochos

646 4252 773 4299 vero,
799 4251 859 4287 ne
880 4237 1234 4288 similitudinem
1263 4236 1451 4300 quidem
1480 4238 1786 4289 institutionis
1811 4255 1918 4290 cum
1941 4240 2007 4291 72
2037 4241 2285 4305 discipulis
2305 4243 2646 4295 demonstrant.

668 4433 781 4497 Hic
827 4429 1258 4498 evertendum
1314 4432 1600 4499 occurrit
1654 4433 1994 4503 achilleum
2061 4436 2572 4521 parochiatarum
2621 4456 2822 4522 argu-
