3146 4973
1291 394 1448 443 mas
1491 395 1760 455 Quium.
2502 381 2625 445 537

1406 667 1437 740 5
1480 662 1561 727 11.

400 897 472 946 An
502 903 546 944 et
589 907 681 956 quo
705 894 811 954 ¹jure
837 893 1054 956 parochi,
1087 901 1133 941 ct
1168 891 1248 941 alii
1276 892 1448 955 quibus
1475 893 1703 943 incumbit
1724 895 1920 943 actualis
1956 895 2215 943 animarum
2253 908 2393 956 cura,
2423 893 2630 943 residere

1387 992 1652 1036 tencantur.

491 1217 886 1280 Paorosmo
932 1215 1008 1278 1·.
1043 1250 1126 1261 —
1158 1215 1518 1276 Residentioe
1561 1215 1689 1293 leqc
1715 1214 2173 1293 obstrinyuntur
2202 1214 2456 1294 parochi
2482 1231 2628 1293 pro-

391 1336 529 1412 prie
558 1333 742 1406 dicti,
778 1335 884 1409 qui
926 1347 1136 1409 nempe
1172 1328 1520 1406 beneficium
1545 1330 1898 1411 parochiale
1932 1338 2289 1412 perpetuum
2321 1332 2619 1406 obtinent,

394 1464 527 1507 cum
556 1445 817 1506 actualis
855 1462 1014 1506 curoe
1052 1462 1266 1506 onere:
1298 1463 1419 1507 non
1451 1452 1650 1507 autem
1678 1445 1933 1525 parochi
1959 1451 2286 1526 improprie
2313 1447 2488 1523 dicti,
2523 1450 2628 1526 qui

393 1563 679 1624 dicuntur
703 1559 958 1640 parochi
991 1564 1059 1621 in
1094 1560 1326 1621 habitu.
1350 1595 1441 1606 -—
1464 1557 1731 1623 Constat
1752 1564 1931 1639 prior
1955 1561 2349 1622 conclusionis
2368 1579 2520 1642 pars
2542 1579 2627 1625 ex

398 1675 619 1740 verbis
661 1672 1050 1740 Tridentinis
1083 1673 1329 1759 (relatis
1370 1673 1696 1757 superiori
1744 1672 2181 1757 paragrapho,
2224 1694 2499 1740 numero
2537 1673 2621 1758 1).

398 1789 499 1855 Ibi
540 1789 734 1867 enim,
771 1796 1111 1873 postquam
1143 1789 1278 1872 egit
1323 1786 1615 1873 synodus
1644 1787 1729 1854 de
1760 1788 2108 1871 Episcopis²
2146 1789 2506 1871 generatim
2544 1786 2630 1853 lo-

398 1907 622 1991 quitur
652 1904 736 1970 de
777 1912 1007 1968 curatis
1047 1907 1466 1986 inferioribus,
1503 1910 1564 1967 et
1592 1906 1738 1966 aliis
1760 1906 2239 1985 quibuscumque,
2270 1910 2377 1985 qui
2413 1906 2630 1983 benefi-

394 2028 554 2085 cium
596 2024 844 2103 aliquod
893 2023 1356 2083 ecclesiasticum
1404 2039 1612 2082 curam
1661 2025 2006 2083 animarum
2050 2021 2291 2098 habmus,
2328 2023 2620 2084 obtinent.

397 2140 604 2203 Porro
645 2136 729 2202 de
759 2136 880 2202 hoc
908 2155 1185 2202 numero
1225 2137 1553 2218 praecipne
1593 2141 1745 2200 sunt
1788 2135 2055 2217 parochi
2093 2134 2483 2200 beneficium
2512 2136 2628 2201 ali-

401 2251 576 2337 quod
599 2251 996 2335 parochiale,
1023 2270 1173 2316 cum
1193 2251 1432 2316 actuali
1448 2252 1804 2316 animarum
1826 2269 2005 2328 cura,
2028 2250 2092 2314 in
2118 2252 2380 2316 titulum
2401 2270 2630 2335 perpe·

398 2374 580 2431 tuum
604 2367 995 2443 obtinenteS,
1016 2374 1092 2431 ut
1111 2384 1233 2449 per
1259 2385 1328 2431 se
1346 2373 1552 2449 patet.
1581 2366 1847 2431 Constat
1875 2364 2144 2449 insuper
2166 2364 2316 2450 jure
2347 2386 2629 2432 commu·

397 2485 464 2549 ni
493 2492 644 2549 ante
674 2480 1120 2547 Tridentinam
1153 2479 1475 2566 synodum
1507 2481 1794 2565 vigente,
1818 2479 2124 2566 quodque
2162 2501 2199 2546 a
2235 2481 2630 2549 Tridentinis

397 2600 693 2684 patribus
721 2596 936 2683 quoad
967 2598 1133 2663 hanc
1165 2597 1624 2680 obligationem
1651 2617 1782 2662 non
1814 2597 1942 2662 fuit
1964 2598 2312 2676 sublatum,
2337 2597 2455 2664 sed
2483 2616 2629 2663 con-

393 2715 748 2780 firmatum.
788 2714 1054 2778 Constat
1084 2710 1347 2777 tandem
1377 2731 1462 2777 ex
1497 2712 1785 2776 unanimi
1808 2711 2154 2777 doctorum
2185 2716 2527 2791 sententia,
2561 2722 2631 2779 et

398 2830 591 2894 etiam
638 2827 1128 2914 quamplurimis
1171 2827 1506 2891 Sacrarum
1544 2826 2127 2911 congregationum
2175 2827 2629 2894 declarationi·

397 2944 541 3022 buS‚
566 2962 708 3028 quae
745 2942 1205 3025 obligationem
1228 2940 1390 3007 hanc
1417 2943 1679 3005 omnino
1704 2950 1950 3007 certam
1981 2951 2376 3026 supponunt.
2402 2946 2628 3027 Neque

397 3059 512 3124 ulli
551 3058 947 3141 caeteroqnin
973 3056 1173 3123 dubio
1196 3057 1472 3123 obnoxia
1494 3076 1781 3141 unquam
1813 3056 1938 3121 fuit
1970 3060 2323 3141 propositio
2351 3058 2489 3122 haec
2523 3076 2630 3141 ge-

397 3174 658 3251 ueram,
700 3177 784 3237 ad
816 3174 1206 3236 residentiam
1250 3178 1440 3236 leucri
1465 3174 1760 3254 parochos
1785 3179 2027 3254 proprie
2056 3175 2248 3237 dictos
2260 3196 2291 3251 ,·
2320 3171 2440 3247 sed
2485 3180 2627 3238 tan-

398 3299 539 3356 tum
571 3288 914 3356 difficultas
947 3306 1086 3354 esse
1124 3296 1340 3372 potest
1362 3253 1870 3374 quoad⁸modum
1892 3288 2301 3373 intelligendi
2337 3287 2628 3355 residen-

397 3409 555 3472 tiam
591 3407 791 3483 illam,
825 3404 908 3470 ad
943 3423 1137 3489 quam
1173 3411 1509 3470 tenentur.

490 3523 756 3587 Constat
767 3526 1072 3604 posterior
1093 3522 1487 3584 conclusionis
1505 3540 1656 3601 pars
1681 3518 2019 3606 (parochos
2038 3537 2275 3603 nempe
2298 3525 2366 3582 in
2387 3521 2618 3600 habitu,

398 3660 528 3705 non
579 3638 894 3721 obstringi
935 3635 1305 3702 residentiae
1340 3634 1510 3721 lege)
1540 3656 1623 3702 ex
1674 3656 1755 3703 eo
1791 3634 1968 3721 quod
2016 3656 2145 3702 non
2188 3638 2318 3701 sint
2363 3637 2625 3720 proprie

398 3757 632 3822 curati.
671 3755 928 3820 Dicitur
957 3754 1198 3837 quippe
1238 3753 1556 3834 parochus
1587 3759 1654 3815 in
1699 3755 1909 3816 habitu
1941 3754 2073 3829 ille,
2107 3754 2217 3838 qui
2245 3753 2627 3836 dignitatem

397 3872 871 3938 beneficiumve
897 3868 1210 3952 possidet,
1241 3868 1347 3931 cui
1368 3887 1619 3932 annexa
1647 3866 1915 3952 quidem
1938 3876 2039 3933 est
2057 3870 2414 3933 animarum
2440 3871 2620 3946 cu'ra,

397 3986 513 4053 sed
547 4006 668 4070 per
705 3986 1022 4052 vicarium
1069 3982 1475 4066 exercenda3
1519 3983 1607 4048 ita
1663 3981 1840 4067 quod
1887 3983 2291 4067 principalia,
2327 4004 2456 4049 non
2486 3993 2628 4049 tan-

401 4110 540 4166 tum
572 4121 703 4166 non
739 4099 985 4165 debeat
1014 4118 1238 4165 curam
1271 4117 1617 4176 exercere,
1654 4096 1773 4163 sed
1810 4117 1893 4163 ne
1933 4096 2040 4182 jus
2084 4096 2347 4183 quidem
2394 4099 2632 4165 habeat

402 4235 542 4282 sese
569 4216 637 4282 in
662 4234 802 4282 eam
833 4215 1191 4299 ingerendi.
1222 4218 1401 4280 Tunc
1437 4216 1610 4280 euim
1648 4213 1883 4280 vicario
1908 4214 2222 4281 incumbit
2245 4216 2627 4280 exercitium

403 4351 596 4408 curte,
632 4338 701 4395 et
745 4332 883 4414 ipse
915 4338 1014 4396 est
1049 4350 1243 4397 verus
1282 4339 1581 4406 curatuS,
1610 4348 1740 4394 non
1776 4337 1995 4394 autem
2033 4329 2354 4411 parochus
2386 4330 2628 4413 princi-

401 4447 587 4532 palis.
617 4447 779 4512 Cum
801 4464 959 4531 ergo
979 4452 1118 4511 tota
1147 4447 1313 4512 ratio
1327 4446 1493 4530 legis
1521 4445 1608 4511 de
1638 4443 1987 4511 residentia
2010 4444 2118 4520 sit,
2141 4464 2225 4509 nc
2257 4442 2629 4527 parochiani
