3146 4973
616 411 704 474 20
1289 425 1665 476 moruus
1712 424 1801 476 ns
1841 422 2171 474 PAROCHO.

614 550 879 612 Ecclesia
908 555 1332 631 seqrcqaverit,
1366 557 1425 613 et
1450 555 1751 632 privatim
1779 548 1944 631 apud
1978 568 2042 611 se
2078 550 2342 611 collectis
2365 550 2614 632 populis
2642 551 2842 614 altare

613 670 840 745 eriqere
861 682 1043 727 ausus
1062 666 1365 744 fueram,
1383 665 1539 729 hunc
1562 666 1760 727 modis
1780 664 2052 727 omnibus
2079 665 2542 745 deponendum..
2560 713 2574 727 .
2591 667 2764 745 Quod
2782 671 2841 727 si

611 781 796 840 etiam
831 784 1308 859 perseveraverit
1336 781 1698 843 conturbans
1728 786 1787 842 et
1822 784 2130 842 concitans
2165 779 2512 855 Ecclesiam,
2547 797 2664 861 per
2707 798 2856 842 eam·

609 912 740 974 quoe
764 896 917 973 foris
949 901 1040 957 cst
1060 902 1421 977 potestatem
1455 903 1599 959 tunc
1628 903 1913 977 tanquam
1939 897 2288 959 seditiosum
2317 900 2546 975 corripi
2578 901 2834 977 oportet.

609 1008 706 1073 Ex
741 1007 867 1074 hoc
912 1026 1156 1074 canone
1193 1008 1370 1077 idem
1411 1028 1683 1096 prorsus
1734 1008 2259 1077 concludendum
2297 1028 2371 1076 ac
2400 1029 2484 1076 ex
2515 1010 2839 1095 superiori

607 1140 853 1189 canone
879 1125 1250 1208 apostolico.

694 1239 772 1302 In
796 1239 1062 1304 concilio
1093 1240 1583 1325 Carthaginensi
1606 1239 1918 1319 secunda,
1954 1241 2104 1306 anni
2137 1242 2270 1307 390
2298 1240 2389 1327 (in
2423 1238 2648 1306 codice
2672 1239 2838 1306 afri-

606 1370 918 1418 canorum
943 1373 1286 1436 canonum,
1310 1359 1475 1421 n.10
1492 1363 1563 1422 et
1588 1361 1610 1421 l
1633 1354 1717 1441 1),
1734 1362 2074 1441 postquam
2094 1355 2184 1420 ita
2198 1355 2640 1439 proposuisset
2655 1356 2833 1421 Felix

602 1467 999 1553 Episcopus:
1033 1474 1106 1534 Si
1126 1476 1261 1552 quis
1290 1474 1449 1551 forte
1464 1474 1802 1554 presbyter,
1825 1474 1902 1534 ab
1924 1475 2216 1553 Episcopo
2243 1478 2569 1552 correptus,
2603 1477 2833 1533 imore

601 1585 697 1646 vel
724 1587 1002 1666 superbia
1036 1585 1294 1663 inflatus
1311 1592 1628 1668 putaverit
1648 1592 1977 1669 separatim
2001 1585 2309 1664 sacrificia
2337 1589 2463 1649 Deo
2496 1587 2825 1667 offerenda,

601 1703 699 1763 vel
720 1703 894 1764 aliud
916 1704 1264 1783 eriqendum
1292 1706 1490 1768 altare
1520 1711 1734 1768 contra
1759 1707 2218 1767 ecclesiasticmn
2240 1703 2422 1781 fidem
2440 1705 2536 1766 vel
2561 1705 2832 1785 discipli-

594 1835 737 1879 nam
762 1818 1108 1897 crediderit,
1142 1837 1263 1881 non
1281 1826 1457 1882 exeat
1481 1825 1856 1901 impunitus;
1873 1825 1945 1884 et
1969 1817 2285 1883 Genesius
2311 1818 2668 1901 Episcopus
2682 1836 2832 1883 sen-

594 1931 865 1997 tentiam
889 1948 1067 1997 suam
1106 1933 1486 2015 protulisset
1513 1933 1613 1999 his
1637 1934 1860 2001 verbis
1889 1940 2261 2000 :necessario
2291 1936 2632 2016 disciplinae
2651 1934 2830 1997 eccle-

595 2051 857 2111 siasticae
891 2055 950 2111 et
988 2048 1137 2127 fidei
1164 2068 1426 2130 conqrua
1459 2056 1637 2129 sunt‚·
1670 2050 1986 2115 sancitum
2033 2056 2135 2115 est
2165 2048 2510 2114 decretum
2550 2049 2617 2113 in
2655 2048 2830 2113 hunc

594 2160 862 2227 modum
903 2184 919 2227 :
952 2166 1025 2227 Si
1049 2169 1184 2245 quis
1206 2167 1523 2246 presbyter
1543 2184 1584 2226 a
1615 2171 1941 2247 proeposito
1972 2184 2080 2228 suo
2101 2172 2427 2246 correptus.
2446 2211 2522 2243 ..‚
2552 2166 2832 2245 superbia

598 2276 778 2363 (quod
799 2275 981 2362 absit)
1007 2280 1287 2358 inflatus,
1323 2281 1742 2343 secernendum
1770 2299 1833 2342 se
1867 2283 1944 2343 ab
1983 2283 2269 2361 Episcopi
2295 2286 2393 2343 sui
2421 2284 2831 2342 communione

594 2394 865 2471 duxerit,
910 2399 969 2455 et
1008 2399 1337 2473 separatim
1385 2414 1519 2458 cum
1550 2396 1856 2476 aliquibus
1899 2395 2158 2458 schisma
2183 2397 2417 2475 fecerit,
2461 2394 2831 2473 sacrificium

592 2510 715 2570 Deo
738 2509 1044 2587 obtulerit,
1081 2509 1401 2572 anathema
1431 2510 1724 2573 habeatur
1769 2515 1828 2573 et
1874 2512 2064 2573 locum
2091 2515 2340 2574 amittat
2359 2533 2390 2590 ‚·
2434 2511 2832 2573 niutomimcs

595 2629 654 2685 et
688 2624 765 2685 de
784 2626 1031 2686 civitate
1048 2630 1110 2687 et
1141 2630 1596 2706 conqreqatioae
1631 2629 1699 2687 in
1728 2644 1847 2704 qua
1878 2627 2066 2705 suerit
2097 2627 2333 2707 lonqius
2354 2627 2714 2707 depellatur,
2751 2644 2830 2688 ne

597 2738 692 2798 vel
730 2743 1076 2817 iquoraates
1110 2740 1207 2801 vel
1252 2740 1553 2821 simplices
1595 2746 1821 2802 mentes
1871 2744 2215 2821 serpentina
2256 2742 2476 2820 fraude
2521 2742 2783 2820 decipiat
2795 2762 2830 2818 ‚-

590 2858 894 2934 quoniam
936 2858 1258 2920 secundum
1287 2857 1660 2937 Apostolum,
1693 2859 1973 2942 Ecclesia„
1986 2876 2108 2920 una
2129 2864 2245 2936 est,
2267 2873 2392 2921 una
2425 2856 2601 2936 fide-⁹,
2641 2874 2830 2920 mm

595 2971 895 3051 baptisma
920 2967 1036 3056 (1).
1075 2970 1166 3033 Ex
1197 2948 1550 3053 praecitatis
1581 2970 1939 3036 canonibus
1961 2969 2293 3037 concludit
2312 2971 2550 3036 Marius
2576 2971 2821 3053 Lupus,

598 3105 634 3144 ε(
673 3084 790 3149 hos
836 3104 1135 3163 canones,
1191 3085 1623 3170 antiquiorem
1670 3085 2129 3152 confirmantes
2174 3086 2606 3171 disciplinam,
2639 3103 2830 3170 sepa-

599 3221 635 3263 «
672 3208 852 3266 ratos
884 3220 1103 3266 sacros
1138 3207 1498 3266 conventus
1533 3220 1827 3268 seorsum
1865 3201 1948 3267 ab
1978 3202 2296 3287 Episcopo
2347 3202 2416 3266 in
2453 3200 2828 3268 civitatibus

601 3341 632 3376 «
676 3314 1087 3382 interdixisse
1157 3324 1227 3383 et
1283 3316 1567 3383 nefarios
1624 3316 2023 3401 declarasse3
2087 3316 2365 3402 ideoque
2421 3316 2824 3400 apertissime

599 3455 634 3488 κ
672 3429 875 3497 fidem
899 3432 1142 3510 facere,
1197 3449 1346 3496 cum
1388 3428 1636 3497 conditi
1677 3438 1793 3496 aut
1837 3430 2198 3497 confirmati
2244 3432 2460 3510 fuere,
2507 3432 2719 3498 nullas
2757 3431 2826 3494 in

600 3567 636 3609 α
675 3545 950 3612 urbibus
998 3544 1205 3631 justas
1249 3545 1449 3611 fuisse
1504 3545 1845 3630 parochias
1867 3569 1900 3608 n
1939 3541 2387 3633 (ἀέΡανωσίἰε,
2433 3546 2693 3612 dissert.
2750 3547 2820 3624 2,

598 3680 743 3745 cap.
774 3663 840 3738 6,
883 3678 1029 3745 pag.
1066 3663 1221 3739 201,
1259 3659 1461 3727 editio
1497 3662 1803 3744 Bel-gomi
1857 3658 2077 3745 1788).
2114 3660 2674 3745 objectiunculam
2708 3679 2828 3726 au-

598 3783 733 3842 tem
788 3795 931 3861 quae
976 3772 1117 3842 fieri
1163 3783 1402 3860 posset,
1454 3776 1521 3840 in
1561 3775 1660 3840 his
1703 3792 1938 3860 nempe
1993 3774 2346 3841 canonibus
2394 3776 2830 3842 animadverti

597 3901 828 3957 contra
855 3873 1213 3959 conventus
1232 3911 1450 3958 sacros
1470 3892 1583 3977 qui
1601 3912 1640 3956 a
1658 3890 2066 3976 presbyteris
2080 3909 2375 3957 seorsum
2395 3891 2478 3957 ab
2504 3892 2828 3974 Episcopo

596 4006 837 4072 fierent
861 4006 1218 4072 schismatis
1243 4004 1330 4072 de
1353 4024 1563 4083 causa,
1597 4025 1728 4071 non
1758 4025 1918 4072 vero
1958 4013 2185 4072 contra
2213 4025 2490 4091 synaxes
2515 4024 2631 4071 seu
2663 4023 2830 4071 cou-

596 4126 833 4187 ventus
858 4137 1076 4187 sacros
1102 4122 1276 4186 omni
1310 4120 1667 4186 schismatis
1696 4120 2060 4204 suspicione
2093 4121 2439 4200 immunes,
2473 4119 2667 4188 diluit
2689 4122 2832 4186 Ma·-

596 4237 734 4302 rius
760 4237 1002 4320 Lupus,
1043 4233 1290 4302 ibidem
1318 4237 1551 4320 pagina
1579 4236 1732 4300 204.

665 4482 740 4546 (l)
764 4477 1077 4533 conomius
1102 4481 1190 4532 fult
1216 4481 1295 4536 ille
1317 4495 1464 4532 canon
1490 4482 1537 4530 in
1564 4481 1764 4532 coneilio
1787 4482 2142 4545 Carthaginensi
2171 4487 2304 4533 sexto
2331 4482 2440 4534 anni
2466 4483 2582 4534 519.
