3146 4973
572 346 700 410 414
1248 361 1625 412 mama-us
1671 362 1761 410 na
1802 362 2133 412 maocno.

572 492 660 552 Ra
701 487 1109 565 bettonem-ia,
1142 486 1187 551 1.
1218 490 1275 564 1,
1305 505 1371 571 q.
1406 490 1516 565 33,
1554 507 1621 552 n.
1655 486 1743 571 1.)
1778 488 1874 553 Ex
1908 487 2007 554 his
2043 496 2114 554 et
2143 486 2456 554 sinilibus
2486 485 2806 552 definitio-

571 602 763 668 nibus
797 608 1076 680 eonmn,
1101 617 1224 686 per
1265 602 1755 668 manualitatem
1795 605 2191 670 unanimiter
2226 603 2501 686 intelligi
2541 602 2808 667 faculta-

571 727 710 785 ten
735 719 910 785 illam
933 716 1289 784 revocandi
1318 721 1402 781 ad
1427 725 1676 798 matum;
1700 726 1771 783 et
1797 719 2021 784 nullus
2044 727 2147 785 est
2169 719 2524 796 canonista,
2541 719 2653 802 qni
2684 735 2806 801 pro

573 834 854 899 manuali
889 832 1126 899 habeat
1160 831 1582 907 beneficium,
1634 834 1686 898 si
1736 832 1887 898 fieri
1920 840 2202 919 nequeat
2238 832 2325 899 ad
2352 840 2585 898 nutum
2616 851 2808 898 revo-

568 950 764 1014 catio.
796 950 935 1014 Imo
957 961 1180 1014 omnes
1204 951 1667 1012 mmlitatem
1696 955 1765 1013 et
1795 951 2305 1014 revocabilimm
2331 953 2415 1013 ad
2442 957 2657 1013 nutum
2680 965 2806 1031 pro

571 1083 699 1130 una
734 1063 1098 1150 eademque
1132 1084 1208 1130 re
1244 1064 1511 1130 habent.
1554 1063 1745 1130 Unde
1778 1065 1989 1148 primo
2034 1065 2259 1150 negari
2302 1065 2554 1150 nequit,
2589 1063 2675 1129 de
2704 1083 2809 1128 es-

571 1180 778 1245 sentia
815 1180 1250 1245 manualitatis
1289 1198 1454 1256 esse,
1491 1186 1566 1244 ut
1604 1179 1801 1261 possit
1846 1179 2278 1256 beneficiatus
2321 1183 2404 1244 ad
2446 1188 2659 1245 nutum
2704 1199 2804 1244 re·

574 1297 816 1362 vocari.

658 1413 802 1476 Jam
828 1429 987 1476 vero
1020 1410 1474 1478 revooebilitas
1500 1413 1585 1475 aa
1606 1417 1825 1475 ntem
1848 1430 2071 1477 seeum
2092 1414 2459 1478 necessario
2476 1412 2677 1477 infert
2700 1431 2810 1477 re·

573 1527 1050 1593 vocabilitatem
1080 1533 1208 1590 sine
1248 1546 1462 1605 cauam·
1508 1525 1693 1611 quod
1736 1529 1828 1592 sic
1869 1527 2189 1610 probatur
2238 1552 2253 1594 :
2309 1530 2423 1612 qui
2467 1528 2572 1612 jus
2607 1528 2811 1593 babet

571 1641 818 1727 aliquid
863 1641 1144 1708 faciendi
1182 1646 1266 1706 ad
1314 1650 1560 1720 mcum,
1605 1639 1713 1726 jus
1756 1641 1958 1709 habet
1997 1642 2165 1708 illud
2204 1642 2489 1708 faciendi
2542 1642 2804 1728 quando

573 1757 741 1835 vuit,
789 1762 862 1822 et
889 1775 973 1822 ex
1010 1759 1200 1821 libera
1234 1757 1569 1822 voluntate
1606 1779 1621 1822 ε
1670 1777 1704 1817 α
1731 1756 1811 1822 Id
1847 1759 2020 1822 enim
2060 1760 2369 1841 importat
2400 1758 2683 1824 verbum
2714 1761 2801 1821 ad

576 1893 612 1933 α
644 1881 859 1936 nuum
890 1873 1005 1958 (ait
1034 1872 1362 1956 Gareias);
1396 1878 1469 1937 et
1492 1880 1679 1957 patet
1707 1892 1795 1939 ex
1818 1875 1955 1956 ipsa
1981 1873 2447 1956 sigiufieatione
2480 1875 2801 1950 vocabuli,

574 2009 609 2047 α
640 1986 818 2071 quod
845 1988 1162 2071 accipitur
1196 2006 1316 2072 pro
1345 1991 1690 2068 voluntem
1724 1996 1793 2053 et
1842 1989 2118 2054 verbum
2168 1992 2449 2053 voluntas
2489 1990 2804 2072 importat

573 2122 608 2162 α
641 2101 913 2168 liberam
944 2109 1015 2168 et
1050 2102 1412 2169 absolutam
1457 2102 1885 2179 voluntatem,
1924 2111 1993 2167 et
2033 2115 2161 2168 non
2210 2103 2597 2186 regulatam.
2620 2126 2653 2164 ι
2692 2103 2806 2188 (De

569 2218 910 2295 Beneficiis,
955 2225 1143 2300 parte
1201 2221 1258 2296 1,
1293 2237 1352 2282 e.
1396 2220 1462 2293 2,
1518 2238 1585 2282 n.
1632 2215 1770 2299 85.)
1826 2215 1907 2282 Id
1945 2217 2199 2299 pariter
2229 2215 2502 2283 adnotat
2529 2215 2805 2282 Reiffen-

568 2333 764 2398 stuel.
786 2333 1139 2417 Postquam
1165 2334 1337 2398 enim
1370 2332 1687 2398 beneficia
1707 2331 2026 2398 manualia
2042 2331 2381 2399 definivit:
2414 2356 2447 2394 α
2483 2334 2640 2413 Qua!
2672 2350 2803 2396 non

574 2468 608 2509 α
643 2447 1074 2514 conferuntur
1100 2446 1293 2513 alicui
1315 2447 1382 2512 iu
1403 2456 1822 2531 perpetuum,
1852 2444 1972 2513 aed
1997 2445 2085 2512 ad
2112 2455 2346 2514 nutum
2378 2446 2797 2524 conferentia,

573 2586 604 2623 a
645 2564 755 2629 vel
792 2564 1095 2646 alterius3
1137 2566 1228 2629 ita
1264 2572 1341 2629 ut
1382 2561 1839 2629 beneficiarius
1871 2581 1991 2646 pro
2027 2563 2217 2628 libitu
2259 2564 2458 2646 ipsius
2509 2564 2799 2628 amoveri

573 2702 607 2739 α
643 2680 865 2761 possit,
891 2702 925 2741 υ
960 2677 1295 2763 subjungit
1334 2678 1402 2742 in
1428 2678 1605 2743 hune
1645 2676 1913 2743 modum
1948 2700 1962 2743 :
2010 2700 2045 2740 α
2077 2676 2360 2743 Additur
2390 2685 2700 2744 notanter
2732 2678 2796 2740 in

572 2818 605 2855 α
642 2794 790 2860 data
818 2793 1192 2860 definitione
1223 2798 1306 2858 ad
1345 2803 1557 2858 nutum
1589 2798 2064 2877 conserentis...;
2108 2793 2231 2858 hoc
2265 2801 2365 2859 est
2402 2792 2489 2859 ad
2528 2792 2801 2858 liberam

565 2932 605 2971 ,κ
643 2911 840 2991 ipsius
878 2917 947 2975 et
995 2908 1357 2975 absolutam
1397 2911 1821 2987 voluntatem,
1867 2918 1936 2975 et
1982 2929 2116 2975 non
2143 2911 2510 2976 necessario
2549 2909 2803 2992 regula-

571 3047 604 3086 «
641 3033 772 3089 tam
831 3046 844 3090 ε
902 3022 972 3088 id
1022 3026 1193 3090 enim
1249 3028 1559 3109 importat
1600 3025 1669 3109 ly
1720 3029 1803 3089 ad
1844 3034 2057 3089 nutum
2091 3048 2125 3087 υ
2183 3025 2272 3111 (ἰιι
2311 3026 2414 3091 tit.
2462 3026 2522 3101 5,
2555 3021 2703 3087 libri
2756 3026 2794 3086 3

566 3140 850 3219 decret„
883 3161 950 3206 n.
977 3143 1058 3206 43
1092 3149 1164 3206 et
1192 3139 1329 3225 45).
1354 3143 1523 3225 Ergo
1552 3141 1797 3207 habere
1831 3140 1940 3226 jus
1976 3139 2220 3226 aliquid
2250 3137 2539 3206 faciendi
2573 3142 2656 3202 ad
2691 3159 2803 3201 nu-

559 3262 716 3334 mm,
758 3265 860 3323 est
888 3256 1130 3324 habere
1154 3255 1260 3341 jus
1301 3256 1470 3322 illud
1491 3256 1775 3323 faciendi
1809 3276 1933 3341 pro
1959 3256 2173 3334 libitu,
2216 3274 2336 3321 seu
2367 3276 2453 3320 ex
2489 3273 2670 3321 mera
2693 3274 2802 3320 vo-

563 3374 839 3440 luntate.
875 3374 1048 3457 Ergo
1087 3372 1198 3456 jus
1231 3370 1586 3438 revocandi
1619 3372 1703 3437 ad
1744 3380 1978 3438 nutum
2015 3378 2117 3438 est
2151 3370 2261 3455 jus
2294 3368 2646 3437 revocandi
2678 3387 2801 3451 pro

563 3491 755 3559 libitu
798 3501 870 3559 et
912 3512 996 3558 ex
1020 3504 1206 3557 mero
1234 3492 1585 3557 voluntatis
1612 3490 1905 3556 arbitrio.
1940 3490 2070 3556 Sed
2095 3489 2203 3575 jus
2240 3489 2362 3557 hoc
2389 3485 2587 3554 modo
2613 3505 2800 3553 revo-

559 3608 776 3686 candi,
803 3606 980 3673 idem
1005 3613 1109 3672 est
1142 3623 1217 3671 ac
1242 3606 1349 3691 jus
1373 3604 1748 3684 revocandi,
1783 3608 1918 3672 sive
1949 3606 2165 3690 aliqua
2203 3622 2394 3671 causa
2423 3604 2792 3670 revocatio-

561 3744 716 3790 nem
760 3724 978 3807 exigat
1018 3729 1133 3789 aut
1177 3721 1473 3800 suadeat,
1508 3722 1645 3788 aive
1688 3723 1867 3789 nulla
1914 3721 2241 3807 ejusmodi
2278 3740 2471 3789 eausa
2510 3722 2797 3787 interve-

562 3842 698 3906 niat
763 3862 776 3904 ε
839 3839 979 3905 aliis
1037 3837 1337 3904 terminis
1410 3846 1512 3904 est
1585 3838 1692 3923 jus
1752 3837 2107 3905 revocandi
2168 3844 2298 3901 sine
2352 3857 2561 3900 causa.
2637 3835 2793 3917 Quae

559 3953 1037 4037 argumentatio
1086 3954 1180 4018 sie
1227 3951 1521 4019 breviter
1582 3951 1879 4018 contrabi
1931 3958 2151 4033 potest
2188 3973 2203 4015 z
2240 3958 2343 4016 est
2384 3948 2470 4016 de
2516 3952 2795 4016 essentia

561 4070 996 4135 manualitatia
1025 4075 1102 4135 ut
1123 4069 1326 4152 possit
1354 4066 1500 4133 fieri
1532 4067 1868 4133 revoeatio
1902 4069 1985 4130 ad
2017 4074 2264 4146 numen,-
2303 4065 2421 4132 sed
2457 4067 2565 4150 jus
2601 4084 2673 4131 re
2682 4084 2783 4128 vo·

560 4187 753 4255 candi
773 4190 857 4252 ad
883 4195 1118 4264 nutum,
1147 4192 1249 4251 est
1285 4183 1393 4268 jus
1425 4183 1778 4250 revocandi
1804 4189 1933 4248 stne
1963 4200 2178 4263 ocimu
2212 4198 2371 4265 ergo
2400 4180 2485 4247 de
2515 4182 2789 4248 essentia

561 4304 993 4371 manualitatis
1026 4308 1150 4379 est,
1179 4307 1255 4367 ut
1281 4300 1566 4384 legitime
1612 4301 1813 4384 possit
1856 4300 2195 4365 revocatio
2229 4304 2358 4362 aiae
2398 4315 2580 4362 causa
2615 4296 2785 4363 fieri.

649 4424 1045 4488 Pnoroemo
1086 4418 1196 4482 n·.
1232 4452 1323 4465 --·
1355 4416 1757 4494 Beneficium-³
1795 4417 2160 4496 amovimus,
2219 4420 2349 4479 sine
2386 4432 2565 4479 caena
2624 4433 2794 4475 revo-
