3146 4973
1197 413 1358 460 rAns
1398 413 1626 460 raum.
2402 408 2519 470 133

293 541 351 605 in
377 547 514 605 tota
546 539 674 603 hac
707 535 963 621 synodo
1001 536 1356 602 verbulum
1382 538 1740 620 reperitur,
1778 537 2067 605 indicans
2101 547 2259 608 tunc
2292 544 2523 611 immu-

291 662 481 721 tatam
499 654 627 721 hoc
659 652 862 719 modo
888 652 1083 717 fuisse
1107 650 1535 736 disciplinam,
1581 659 1649 717 et
1687 674 1725 718 a
1756 655 2165 740 presbyteris
2199 658 2522 726 sublatam

290 771 535 836 externi
558 768 692 836 fori
721 765 1279 851 jurisdictionem?
1309 768 1450 832 Non
1479 766 1751 833 abstulit
1779 777 1939 834 tunc
1967 772 2259 855 synodus
2284 794 2320 839 a
2350 794 2526 858 pres-

290 885 533 971 byteris
582 880 1196 949 excommunicandi
1253 890 1685 966 potestatem,
1731 884 1848 952 sed
1885 887 2265 971 simpliciter
2304 888 2523 956 decla-

289 1002 451 1067 ravit
499 1018 647 1064 eam
703 998 794 1064 ad
846 996 1265 1082 presbyteros
1329 1015 1461 1062 non
1517 999 1886 1083 pertinere3
1949 1021 2071 1068 nec
2120 1006 2519 1071 contrarium

287 1117 605 1182 insinuare
659 1114 897 1180 debuit
938 1113 1410 1192 ThomassinuS,
1454 1115 1649 1180 nullis
1688 1115 1959 1200 adiectis
2000 1119 2511 1201 probationibus.

289 1233 414 1298 Cur
459 1238 685 1295 autem
738 1229 1145 1313 presbyteris
1197 1229 1517 1314 ejusmodi
1570 1239 1963 1314 potestatem
2018 1235 2305 1302 Ecclesia
2363 1214 2520 1302 nun-

287 1364 474 1430 quam
495 1345 916 1421 commiserit,
945 1342 1060 1409 sed
1083 1343 1369 1409 voluerit
1393 1345 1690 1410 Praelatis
1710 1347 2068 1429 propriam,
2098 1351 2311 1431 aperit
2331 1370 2520 1435 syno-

288 1461 408 1527 dus
436 1462 534 1527 his
555 1462 804 1538 verbiS,
834 1479 871 1523 a
904 1460 1314 1526 Thomassino
1351 1463 1821 1543 praetermisSiS,
1855 1484 1931 1527 ne
1964 1468 2249 1548 Episcopi
2276 1470 2519 1532 vilescat

282 1586 566 1662 potestas.
605 1578 1000 1644 Gravissima
1028 1596 1181 1642 sane
1213 1578 1423 1660 ratio;
1457 1580 1606 1662 quia
1634 1598 1869 1645 revera
1899 1580 1967 1644 in
2000 1581 2269 1645 nihilum
2306 1582 2519 1649 abiret

284 1693 665 1779 episcopalis
718 1693 1050 1777 regiminis
1098 1694 1477 1770 auctoritas,
1519 1695 1573 1757 si
1611 1702 1955 1780 utramque
2002 1696 2516 1781 jurisdictionem

279 1806 715 1891 parochorum
749 1806 1020 1889 quisque
1044 1806 1107 1868 in
1137 1824 1254 1869 sua
1285 1804 1613 1888 parochia,
1645 1814 1720 1872 ut
1746 1808 1974 1873 volunt
2006 1809 2511 1893 presbyterium,

279 1921 674 2007 possideret.
690 1922 1045 1998 Praeterea,
1072 1941 1199 1986 non
1218 1921 1396 1987 exiis
1411 1930 1554 1986 erat
1568 1921 2020 1988 ‘thomassinus
2047 1926 2159 2009 qui
2176 1929 2518 2008 presbyteri·

278 2046 344 2103 et
369 2039 625 2119 parochi
656 2037 973 2104 vocabula
1011 2055 1130 2119 pro
1174 2037 1556 2121 synonymis
1602 2036 1669 2100 in
1713 2039 2115 2122 antiquitatis
2144 2047 2518 2123 promptua-

277 2154 372 2218 rio
415 2150 657 2219 stolide
701 2153 1040 2234 accipiant.
1089 2149 1434 2234 Quomodo
1486 2171 1644 2235 ergo
1689 2171 1817 2217 non
1857 2151 2165 2230 advertit,
2212 2154 2279 2218 in
2318 2155 2517 2220 citato

276 2276 461 2335 textu
491 2287 625 2333 non
659 2269 764 2350 agi
802 2266 886 2332 de
898 2271 1268 2351 presbyteris
1287 2268 1765 2349 parochialibus,
1808 2287 1936 2353 qua
1964 2289 2125 2335 voce
2156 2277 2313 2334 tunc
2345 2269 2516 2335 desi-

275 2385 645 2466 gnabantur
682 2384 917 2460 curati,
951 2381 1071 2448 sed
1097 2383 1654 2448 indiscriminatim
1693 2382 1778 2448 de
1808 2387 2181 2468 presbyteris
2203 2388 2233 2447 ‚⁹
2263 2386 2511 2450 Textus

273 2519 427 2584 ergo
455 2501 565 2566 ille
600 2508 836 2584 aperte
875 2498 1110 2582 probat
1135 2499 1372 2564 thesim
1411 2500 1794 2582 oppositam,
1834 2507 2224 2583 potestatem
2265 2501 2513 2566 scilicet

274 2613 888 2680 excommunicandi
936 2611 1023 2678 ad
1073 2612 1497 2696 presbyteros
1546 2633 1676 2679 non
1739 2615 2150 2697 pertinuisse,
2195 2615 2312 2681 sed
2362 2617 2512 2699 Epi-

269 2732 475 2815 scopis
507 2732 712 2796 fuisse
745 2730 1102 2812 propriam.

352 2848 431 2910 V·
476 2863 882 2912 mammo.
918 2881 1009 2893 -—-
1044 2845 1334 2911 Ratherii
1369 2843 1761 2910 Veronensis
1802 2846 2102 2931 Episcopi
2141 2847 2452 2930 synodica
2487 2869 2501 2912 ε

264 2969 352 3028 De
381 2967 637 3027 occultis
664 2968 930 3045 peccatis
943 2967 1367 3043 paenitentiam
1393 2981 1496 3024 vos
1522 2965 1671 3024 dare
1707 2981 1880 3041 posse
1906 2969 2115 3025 scitote
2128 2987 2158 3041 ,·
2199 2966 2273 3026 de
2300 2966 2509 3045 publi-

263 3089 347 3144 cis
374 3084 460 3144 ad
491 3101 600 3144 nos
631 3082 1012 3160 referendum
1033 3083 1338 3160 aqnoscice
1374 3073 1489 3160 (1).
1533 3077 1921 3142 Inscribitur
1957 3085 2178 3143 autem
2224 3079 2335 3143 illa
2372 3080 2509 3162 epi-

259 3200 423 3265 stola
454 3220 469 3262 :
510 3198 788 3262 Ratkerii
835 3197 1184 3258 Veronensis
1233 3197 1518 3273 Episcopi
1552 3196 1862 3274 synodica,
1912 3196 1996 3256 ad
2030 3197 2414 3275 presbyteros
2446 3204 2505 3256 et

258 3320 504 3381 ordines
539 3322 785 3378 coeteros
812 3315 1164 3392 forinsecus,
1205 3313 1271 3372 id
1297 3315 1410 3384 est,
1447 3327 1558 3386 per
1587 3313 1929 3371 universam
1951 3311 2247 3372 dioecesim
2281 3316 2505 3373 consti·

260 3442 444 3497 tutos.
472 3430 599 3497 Ad
641 3431 916 3496 citatum
950 3434 1200 3493 textum
1234 3431 1553 3509 provocat
1595 3423 2043 3508 Thomassinus
2087 3424 2255 3512 (loco
2306 3443 2503 3509 supra

258 3545 705 3631 transcripto),
752 3552 829 3608 ut
885 3541 1222 3608 videamus
1265 3545 1661 3626 potestatem
1707 3539 2307 3607 excommunicandi
2351 3541 2501 3606 olim

257 3665 343 3731 ad
365 3662 692 3749 parochos
714 3661 1128 3745 pertinuisse.
1167 3659 1305 3741 Ego
1343 3674 1504 3720 vero
1526 3675 1813 3739 provoco
1844 3664 2152 3741 tanquam
2180 3656 2268 3722 ad
2296 3656 2500 3723 docu-

261 3789 554 3846 mentum
602 3775 998 3844 contrariam
1043 3774 1410 3840 doctrinam
1459 3778 1800 3837 attestans.
1849 3771 2065 3838 Judex
2111 3773 2194 3838 sit
2236 3773 2445 3838 lector
2480 3794 2495 3837 ε

258 3894 421 3963 adeo
452 3897 627 3961 enim
665 3898 944 3977 apertus
971 3899 1072 3956 est
1108 3897 1354 3967 textuS‚
1388 3895 1465 3952 ut
1493 3906 2050 3971 supervacaneum
2079 3887 2383 3954 videatur
2408 3887 2500 3952 illi

258 4011 651 4077 excutiendo
671 4007 1030 4076 immorari.

344 4131 455 4194 vl·
486 4145 893 4196 maculo.
933 4159 1023 4170 —
1066 4123 1350 4208 Epistola
1395 4118 1741 4186 Alexandri
1771 4120 1888 4198 111,
1925 4121 1993 4185 in
2036 4139 2165 4206 qua
2208 4120 2500 4187 refertur

261 4245 577 4328 quomodo
595 4248 925 4330 presbyter
946 4243 1021 4304 cle
1045 4245 1244 4320 Burqo
1273 4242 1471 4302 sancti
1491 4241 1747 4320 Remiqii
1769 4236 2496 4303 excommunicationem

332 4499 400 4559 (Ι)
426 4499 556 4561 Apud
585 4499 771 4551 labbe,
806 4501 938 4543 tomo
965 4493 1018 4551 9,
1050 4491 1218 4552 pagina
1245 4490 1426 4547 ultima,
1458 4487 1674 4538 editionis
1704 4487 1981 4538 parisiensis
2014 4489 2161 4536 1671.
