<?xml version="1.0" encoding="UTF-8"?>
<!DOCTYPE html PUBLIC "-//W3C//DTD XHTML 1.0 Transitional//EN"
    "http://www.w3.org/TR/xhtml1/DTD/xhtml1-transitional.dtd">
<html xmlns="http://www.w3.org/1999/xhtml" xml:lang="en" lang="en">
 <head>
  <title>
</title>
<meta http-equiv="Content-Type" content="text/html;charset=utf-8" />
  <meta name='ocr-system' content='tesseract 3.04.00' />
  <meta name='ocr-capabilities' content='ocr_page ocr_carea ocr_par ocr_line ocrx_word'/>
</head>
<body>
  <div class='ocr_page' id='page_1' title='image "./tractatusdeparo00bouigoog_0307.png"; bbox 0 0 3146 4973; ppageno 0'>
   <div class='ocr_carea' id='block_1_1' title="bbox 1258 344 2635 407">
    <p class='ocr_par' dir='ltr' id='par_1_1' title="bbox 1258 344 2635 407">
     <span class='ocr_line' id='line_1_1' title="bbox 1258 344 2635 407; baseline 0.006 -11"><span class='ocrx_word' id='word_1_1' title='bbox 1258 349 1414 397; x_wconf 71' lang='lat' dir='ltr'><strong>mas</strong></span> <span class='ocrx_word' id='word_1_2' title='bbox 1460 350 1776 398; x_wconf 73' lang='lat' dir='ltr'><strong>SECUNDA.</strong></span> <span class='ocrx_word' id='word_1_3' title='bbox 2509 344 2635 407; x_wconf 74' lang='lat'><strong>295</strong></span> 
     </span>
    </p>
   </div>
   <div class='ocr_carea' id='block_1_2' title="bbox 390 477 2641 2291">
    <p class='ocr_par' dir='ltr' id='par_1_2' title="bbox 401 477 2641 1135">
     <span class='ocr_line' id='line_1_2' title="bbox 402 477 2639 562; baseline 0.005 -25"><span class='ocrx_word' id='word_1_4' title='bbox 402 502 435 538; x_wconf 89' lang='lat'>«</span> <span class='ocrx_word' id='word_1_5' title='bbox 473 486 542 544; x_wconf 90' lang='lat' dir='ltr'><strong>et</strong></span> <span class='ocrx_word' id='word_1_6' title='bbox 572 477 1062 545; x_wconf 82' lang='lat' dir='ltr'><strong>convenientius</strong></span> <span class='ocrx_word' id='word_1_7' title='bbox 1094 477 1200 554; x_wconf 88' lang='lat' dir='ltr'><strong>sit,</strong></span> <span class='ocrx_word' id='word_1_8' title='bbox 1243 481 1312 540; x_wconf 89' lang='lat' dir='ltr'><strong>et</strong></span> <span class='ocrx_word' id='word_1_9' title='bbox 1335 495 1506 559; x_wconf 83' lang='lat' dir='ltr'><strong>saepe</strong></span> <span class='ocrx_word' id='word_1_10' title='bbox 1537 485 1765 542; x_wconf 83' lang='lat' dir='ltr'><strong>contra</strong></span> <span class='ocrx_word' id='word_1_11' title='bbox 1794 480 2053 562; x_wconf 87' lang='lat' dir='ltr'><strong>propria</strong></span> <span class='ocrx_word' id='word_1_12' title='bbox 2083 480 2424 547; x_wconf 84' lang='lat' dir='ltr'><strong>commoda</strong></span> <span class='ocrx_word' id='word_1_13' title='bbox 2467 483 2639 549; x_wconf 88' lang='lat' dir='ltr'><strong>labo-</strong></span> 
     </span>
     <span class='ocr_line' id='line_1_3' title="bbox 406 591 2638 683; baseline 0.006 -32"><span class='ocrx_word' id='word_1_14' title='bbox 406 622 429 651; x_wconf 76' lang='lat'>«</span> <span class='ocrx_word' id='word_1_15' title='bbox 470 601 594 660; x_wconf 83' lang='lat' dir='ltr'><strong>rat.</strong></span> <span class='ocrx_word' id='word_1_16' title='bbox 636 595 700 659; x_wconf 91' lang='lat' dir='ltr'><strong>Si</strong></span> <span class='ocrx_word' id='word_1_17' title='bbox 729 602 947 659; x_wconf 85' lang='lat' dir='ltr'><strong>tamen</strong></span> <span class='ocrx_word' id='word_1_18' title='bbox 978 591 1062 657; x_wconf 87' lang='lat' dir='ltr'><strong>de</strong></span> <span class='ocrx_word' id='word_1_19' title='bbox 1104 593 1278 656; x_wconf 85' lang='lat' dir='ltr'><strong>facto</strong></span> <span class='ocrx_word' id='word_1_20' title='bbox 1305 593 1524 657; x_wconf 90' lang='lat' dir='ltr'><strong>unioni</strong></span> <span class='ocrx_word' id='word_1_21' title='bbox 1554 611 1624 658; x_wconf 90' lang='lat' dir='ltr'><strong>se</strong></span> <span class='ocrx_word' id='word_1_22' title='bbox 1655 601 1960 676; x_wconf 87' lang='lat' dir='ltr'><strong>opponat,</strong></span> <span class='ocrx_word' id='word_1_23' title='bbox 2000 603 2068 660; x_wconf 92' lang='lat' dir='ltr'><strong>et</strong></span> <span class='ocrx_word' id='word_1_24' title='bbox 2092 595 2332 678; x_wconf 86' lang='lat' dir='ltr'><strong>justam</strong></span> <span class='ocrx_word' id='word_1_25' title='bbox 2362 599 2638 683; x_wconf 78' lang='lat' dir='ltr'><strong>aliquam</strong></span> 
     </span>
     <span class='ocr_line' id='line_1_4' title="bbox 403 707 2638 800; baseline 0.006 -32"><span class='ocrx_word' id='word_1_26' title='bbox 403 733 435 768; x_wconf 85' lang='lat'>«</span> <span class='ocrx_word' id='word_1_27' title='bbox 468 711 707 795; x_wconf 80' lang='lat' dir='ltr'>alleget</span> <span class='ocrx_word' id='word_1_28' title='bbox 755 727 1034 784; x_wconf 88' lang='lat' dir='ltr'><strong>causam,</strong></span> <span class='ocrx_word' id='word_1_29' title='bbox 1090 707 1176 772; x_wconf 90' lang='lat' dir='ltr'><strong>ob</strong></span> <span class='ocrx_word' id='word_1_30' title='bbox 1220 725 1414 792; x_wconf 88' lang='lat' dir='ltr'><strong>quam</strong></span> <span class='ocrx_word' id='word_1_31' title='bbox 1448 707 1534 772; x_wconf 89' lang='lat' dir='ltr'><strong>ad</strong></span> <span class='ocrx_word' id='word_1_32' title='bbox 1578 709 1884 775; x_wconf 88' lang='lat' dir='ltr'><strong>unionem</strong></span> <span class='ocrx_word' id='word_1_33' title='bbox 1935 709 2231 776; x_wconf 89' lang='lat' dir='ltr'><strong>deveniri</strong></span> <span class='ocrx_word' id='word_1_34' title='bbox 2268 731 2395 779; x_wconf 87' lang='lat' dir='ltr'><strong>non</strong></span> <span class='ocrx_word' id='word_1_35' title='bbox 2442 735 2638 800; x_wconf 81' lang='lat' dir='ltr'><strong>expc-</strong></span> 
     </span>
     <span class='ocr_line' id='line_1_5' title="bbox 401 823 2640 916; baseline 0.005 -29"><span class='ocrx_word' id='word_1_36' title='bbox 401 848 434 887; x_wconf 85' lang='lat'>«</span> <span class='ocrx_word' id='word_1_37' title='bbox 472 825 630 902; x_wconf 89' lang='lat' dir='ltr'><strong>diat,</strong></span> <span class='ocrx_word' id='word_1_38' title='bbox 666 823 990 890; x_wconf 89' lang='lat' dir='ltr'><strong>audienda</strong></span> <span class='ocrx_word' id='word_1_39' title='bbox 1024 831 1124 888; x_wconf 89' lang='lat' dir='ltr'><strong>est</strong></span> <span class='ocrx_word' id='word_1_40' title='bbox 1155 844 1170 906; x_wconf 85' lang='lat'>3</span> <span class='ocrx_word' id='word_1_41' title='bbox 1206 824 1355 907; x_wconf 84' lang='lat' dir='ltr'><strong>quia</strong></span> <span class='ocrx_word' id='word_1_42' title='bbox 1385 842 1501 889; x_wconf 90' lang='lat' dir='ltr'><strong>sua</strong></span> <span class='ocrx_word' id='word_1_43' title='bbox 1544 824 1818 890; x_wconf 87' lang='lat' dir='ltr'><strong>interest</strong></span> <span class='ocrx_word' id='word_1_44' title='bbox 1862 824 2107 891; x_wconf 89' lang='lat' dir='ltr'><strong>bonum</strong></span> <span class='ocrx_word' id='word_1_45' title='bbox 2157 827 2399 895; x_wconf 89' lang='lat' dir='ltr'><strong>habere</strong></span> <span class='ocrx_word' id='word_1_46' title='bbox 2433 839 2640 916; x_wconf 87' lang='lat' dir='ltr'><strong>pasto-</strong></span> 
     </span>
     <span class='ocr_line' id='line_1_6' title="bbox 402 939 2641 1027; baseline 0.004 -27"><span class='ocrx_word' id='word_1_47' title='bbox 402 966 434 1003; x_wconf 86' lang='lat'>«</span> <span class='ocrx_word' id='word_1_48' title='bbox 467 960 641 1025; x_wconf 84' lang='lat' dir='ltr'><strong>rem3</strong></span> <span class='ocrx_word' id='word_1_49' title='bbox 680 949 756 1006; x_wconf 90' lang='lat' dir='ltr'><strong>ut</strong></span> <span class='ocrx_word' id='word_1_50' title='bbox 786 940 913 1005; x_wconf 88' lang='lat' dir='ltr'><strong>fuit</strong></span> <span class='ocrx_word' id='word_1_51' title='bbox 940 958 1165 1005; x_wconf 89' lang='lat' dir='ltr'><strong>sensus</strong></span> <span class='ocrx_word' id='word_1_52' title='bbox 1193 941 1401 1004; x_wconf 82' lang='lat' dir='ltr'><strong>Sacrae</strong></span> <span class='ocrx_word' id='word_1_53' title='bbox 1441 939 1973 1024; x_wconf 79' lang='lat' dir='ltr'><strong>congregationis</strong></span> <span class='ocrx_word' id='word_1_54' title='bbox 2005 939 2292 1021; x_wconf 79' lang='lat' dir='ltr'><strong>Concssii,</strong></span> <span class='ocrx_word' id='word_1_55' title='bbox 2336 946 2401 1010; x_wconf 90' lang='lat' dir='ltr'><strong>in</strong></span> <span class='ocrx_word' id='word_1_56' title='bbox 2438 950 2641 1027; x_wconf 75' lang='lat' dir='ltr'><strong>Fulqi-</strong></span> 
     </span>
     <span class='ocr_line' id='line_1_7' title="bbox 402 1054 1547 1135; baseline 0.001 -17"><span class='ocrx_word' id='word_1_57' title='bbox 402 1081 433 1118; x_wconf 88' lang='lat'>«</span> <span class='ocrx_word' id='word_1_58' title='bbox 468 1063 726 1135; x_wconf 69' lang='lat' dir='ltr'><strong>ructensi,</strong></span> <span class='ocrx_word' id='word_1_59' title='bbox 753 1059 825 1121; x_wconf 81' lang='lat'><strong>21</strong></span> <span class='ocrx_word' id='word_1_60' title='bbox 872 1054 1244 1120; x_wconf 84' lang='lat' dir='ltr'>novembris</span> <span class='ocrx_word' id='word_1_61' title='bbox 1284 1057 1471 1119; x_wconf 79' lang='lat'><strong>1722.</strong></span> <span class='ocrx_word' id='word_1_62' title='bbox 1514 1076 1547 1112; x_wconf 90' lang='lat'>»</span> 
     </span>
    </p>

    <p class='ocr_par' dir='ltr' id='par_1_3' title="bbox 397 1167 2640 1700">
     <span class='ocr_line' id='line_1_8' title="bbox 486 1167 2630 1257; baseline 0.002 -21"><span class='ocrx_word' id='word_1_63' title='bbox 486 1179 643 1236; x_wconf 81' lang='lat' dir='ltr'><strong>Nota</strong></span> <span class='ocrx_word' id='word_1_64' title='bbox 675 1175 766 1236; x_wconf 88' lang='lat'><strong>1⁰.</strong></span> <span class='ocrx_word' id='word_1_65' title='bbox 803 1209 892 1219; x_wconf 90' lang='lat'><strong>-—</strong></span> <span class='ocrx_word' id='word_1_66' title='bbox 930 1173 1029 1237; x_wconf 87' lang='lat' dir='ltr'><strong>De</strong></span> <span class='ocrx_word' id='word_1_67' title='bbox 1068 1170 1509 1255; x_wconf 80' lang='lat' dir='ltr'><strong>appellatione</strong></span> <span class='ocrx_word' id='word_1_68' title='bbox 1548 1189 1587 1234; x_wconf 92' lang='lat' dir='ltr'><strong>a</strong></span> <span class='ocrx_word' id='word_1_69' title='bbox 1633 1167 1906 1236; x_wconf 84' lang='lat' dir='ltr'><strong>decreto</strong></span> <span class='ocrx_word' id='word_1_70' title='bbox 1954 1173 2305 1257; x_wconf 89' lang='lat' dir='ltr'><strong>episcopali</strong></span> <span class='ocrx_word' id='word_1_71' title='bbox 2356 1177 2630 1254; x_wconf 83' lang='lat' dir='ltr'><strong>unionis,</strong></span> 
     </span>
     <span class='ocr_line' id='line_1_9' title="bbox 397 1283 2639 1375; baseline 0.001 -21"><span class='ocrx_word' id='word_1_72' title='bbox 397 1287 568 1354; x_wconf 89' lang='lat' dir='ltr'><strong>idem</strong></span> <span class='ocrx_word' id='word_1_73' title='bbox 605 1287 814 1353; x_wconf 88' lang='lat' dir='ltr'><strong>currit</strong></span> <span class='ocrx_word' id='word_1_74' title='bbox 858 1286 984 1371; x_wconf 86' lang='lat' dir='ltr'><strong>jus,</strong></span> <span class='ocrx_word' id='word_1_75' title='bbox 1020 1305 1094 1350; x_wconf 92' lang='lat' dir='ltr'><strong>ac</strong></span> <span class='ocrx_word' id='word_1_76' title='bbox 1134 1283 1217 1350; x_wconf 91' lang='lat' dir='ltr'><strong>de</strong></span> <span class='ocrx_word' id='word_1_77' title='bbox 1262 1285 1699 1369; x_wconf 82' lang='lat' dir='ltr'><strong>appellatione</strong></span> <span class='ocrx_word' id='word_1_78' title='bbox 1751 1306 1788 1351; x_wconf 98' lang='lat' dir='ltr'><strong>a</strong></span> <span class='ocrx_word' id='word_1_79' title='bbox 1828 1284 2113 1353; x_wconf 83' lang='lat' dir='ltr'><strong>decretis</strong></span> <span class='ocrx_word' id='word_1_80' title='bbox 2162 1289 2639 1375; x_wconf 86' lang='lat' dir='ltr'><strong>episcopalibus</strong></span> 
     </span>
     <span class='ocr_line' id='line_1_10' title="bbox 397 1399 2640 1486; baseline 0.001 -19"><span class='ocrx_word' id='word_1_81' title='bbox 397 1402 1008 1469; x_wconf 89' lang='lat' dir='ltr'><strong>dismembrationis.</strong></span> <span class='ocrx_word' id='word_1_82' title='bbox 1060 1399 1249 1466; x_wconf 85' lang='lat' dir='ltr'>Unde</span> <span class='ocrx_word' id='word_1_83' title='bbox 1311 1419 1459 1464; x_wconf 91' lang='lat' dir='ltr'><strong>cum</strong></span> <span class='ocrx_word' id='word_1_84' title='bbox 1514 1399 1620 1485; x_wconf 86' lang='lat' dir='ltr'><strong>jus</strong></span> <span class='ocrx_word' id='word_1_85' title='bbox 1668 1400 1833 1466; x_wconf 88' lang='lat' dir='ltr'><strong>illud</strong></span> <span class='ocrx_word' id='word_1_86' title='bbox 1890 1421 2088 1486; x_wconf 89' lang='lat' dir='ltr'><strong>supra</strong></span> <span class='ocrx_word' id='word_1_87' title='bbox 2150 1406 2640 1485; x_wconf 82' lang='lat' dir='ltr'><strong>exposuerimus</strong></span> 
     </span>
     <span class='ocr_line' id='line_1_11' title="bbox 400 1516 2630 1603; baseline 0.001 -18"><span class='ocrx_word' id='word_1_88' title='bbox 400 1519 612 1603; x_wconf 88' lang='lat' dir='ltr'><strong>quoad</strong></span> <span class='ocrx_word' id='word_1_89' title='bbox 679 1519 1045 1585; x_wconf 79' lang='lat' dir='ltr'><strong>erectiones</strong></span> <span class='ocrx_word' id='word_1_90' title='bbox 1100 1516 1552 1601; x_wconf 85' lang='lat' dir='ltr'><strong>parochiarum</strong></span> <span class='ocrx_word' id='word_1_91' title='bbox 1607 1536 1728 1601; x_wconf 89' lang='lat' dir='ltr'><strong>per</strong></span> <span class='ocrx_word' id='word_1_92' title='bbox 1788 1519 1956 1583; x_wconf 86' lang='lat' dir='ltr'><strong>viam</strong></span> <span class='ocrx_word' id='word_1_93' title='bbox 2020 1518 2630 1601; x_wconf 53' lang='lat' dir='ltr'><strong>dismembrationis</strong></span> 
     </span>
     <span class='ocr_line' id='line_1_12' title="bbox 399 1632 1648 1700; baseline -0.003 -1"><span class='ocrx_word' id='word_1_94' title='bbox 399 1654 526 1700; x_wconf 87' lang='lat' dir='ltr'><strong>non</strong></span> <span class='ocrx_word' id='word_1_95' title='bbox 554 1642 653 1699; x_wconf 83' lang='lat' dir='ltr'><strong>est</strong></span> <span class='ocrx_word' id='word_1_96' title='bbox 679 1653 798 1699; x_wconf 91' lang='lat' dir='ltr'><strong>cur</strong></span> <span class='ocrx_word' id='word_1_97' title='bbox 835 1632 1062 1699; x_wconf 87' lang='lat' dir='ltr'><strong>eadem</strong></span> <span class='ocrx_word' id='word_1_98' title='bbox 1088 1633 1212 1697; x_wconf 88' lang='lat' dir='ltr'><strong>huc</strong></span> <span class='ocrx_word' id='word_1_99' title='bbox 1239 1650 1648 1697; x_wconf 80' lang='lat' dir='ltr'><strong>revocemus,</strong></span> 
     </span>
    </p>

    <p class='ocr_par' dir='ltr' id='par_1_4' title="bbox 390 1748 2628 2291">
     <span class='ocr_line' id='line_1_13' title="bbox 488 1748 2628 1835; baseline 0.001 -20"><span class='ocrx_word' id='word_1_100' title='bbox 488 1755 649 1817; x_wconf 82' lang='lat' dir='ltr'><strong>Nota</strong></span> <span class='ocrx_word' id='word_1_101' title='bbox 688 1754 778 1814; x_wconf 81' lang='lat'><strong>2⁰.</strong></span> <span class='ocrx_word' id='word_1_102' title='bbox 817 1788 906 1797; x_wconf 90' lang='lat'>—</span> <span class='ocrx_word' id='word_1_103' title='bbox 935 1750 1011 1814; x_wconf 89' lang='lat' dir='ltr'><strong>In</strong></span> <span class='ocrx_word' id='word_1_104' title='bbox 1043 1748 1247 1813; x_wconf 88' lang='lat' dir='ltr'><strong>Gallia</strong></span> <span class='ocrx_word' id='word_1_105' title='bbox 1284 1755 1528 1831; x_wconf 83' lang='lat' dir='ltr'><strong>praeter</strong></span> <span class='ocrx_word' id='word_1_106' title='bbox 1564 1756 1799 1814; x_wconf 83' lang='lat' dir='ltr'><strong>caetera</strong></span> <span class='ocrx_word' id='word_1_107' title='bbox 1834 1749 1916 1815; x_wconf 92' lang='lat' dir='ltr'><strong>ad</strong></span> <span class='ocrx_word' id='word_1_108' title='bbox 1960 1752 2263 1816; x_wconf 89' lang='lat' dir='ltr'><strong>unionem</strong></span> <span class='ocrx_word' id='word_1_109' title='bbox 2295 1753 2628 1835; x_wconf 87' lang='lat' dir='ltr'><strong>parochia-</strong></span> 
     </span>
     <span class='ocr_line' id='line_1_14' title="bbox 396 1862 2623 1950; baseline -0 -19"><span class='ocrx_word' id='word_1_110' title='bbox 396 1885 539 1931; x_wconf 87' lang='lat' dir='ltr'><strong>rum</strong></span> <span class='ocrx_word' id='word_1_111' title='bbox 572 1865 906 1950; x_wconf 86' lang='lat' dir='ltr'><strong>requisita,</strong></span> <span class='ocrx_word' id='word_1_112' title='bbox 946 1864 1347 1929; x_wconf 82' lang='lat' dir='ltr'><strong>intervenire</strong></span> <span class='ocrx_word' id='word_1_113' title='bbox 1413 1864 1610 1927; x_wconf 88' lang='lat' dir='ltr'><strong>ctiam</strong></span> <span class='ocrx_word' id='word_1_114' title='bbox 1656 1862 1853 1929; x_wconf 87' lang='lat' dir='ltr'><strong>debet</strong></span> <span class='ocrx_word' id='word_1_115' title='bbox 1903 1865 2201 1948; x_wconf 86' lang='lat' dir='ltr'><strong>gubernii</strong></span> <span class='ocrx_word' id='word_1_116' title='bbox 2255 1887 2623 1933; x_wconf 81' lang='lat' dir='ltr'><strong>consensus,</strong></span> 
     </span>
     <span class='ocr_line' id='line_1_15' title="bbox 396 1975 2628 2067; baseline 0 -22"><span class='ocrx_word' id='word_1_117' title='bbox 396 1979 470 2046; x_wconf 91' lang='lat' dir='ltr'><strong>ld</strong></span> <span class='ocrx_word' id='word_1_118' title='bbox 511 1979 693 2062; x_wconf 86' lang='lat' dir='ltr'><strong>sequi</strong></span> <span class='ocrx_word' id='word_1_119' title='bbox 752 1977 1020 2043; x_wconf 80' lang='lat' dir='ltr'><strong>videtur</strong></span> <span class='ocrx_word' id='word_1_120' title='bbox 1080 1997 1165 2042; x_wconf 79' lang='lat' dir='ltr'><strong>ex</strong></span> <span class='ocrx_word' id='word_1_121' title='bbox 1239 1977 1515 2041; x_wconf 87' lang='lat' dir='ltr'><strong>articulo</strong></span> <span class='ocrx_word' id='word_1_122' title='bbox 1591 1975 1968 2042; x_wconf 82' lang='lat' dir='ltr'><strong>concordati</strong></span> <span class='ocrx_word' id='word_1_123' title='bbox 2048 1983 2197 2044; x_wconf 89' lang='lat' dir='ltr'><strong>auni</strong></span> <span class='ocrx_word' id='word_1_124' title='bbox 2253 1985 2443 2058; x_wconf 87' lang='lat'>1801,</span> <span class='ocrx_word' id='word_1_125' title='bbox 2498 2001 2628 2067; x_wconf 91' lang='lat' dir='ltr'><strong>quo</strong></span> 
     </span>
     <span class='ocr_line' id='line_1_16' title="bbox 394 2093 2622 2180; baseline 0.001 -23"><span class='ocrx_word' id='word_1_126' title='bbox 394 2097 547 2162; x_wconf 88' lang='lat' dir='ltr'><strong>Pius</strong></span> <span class='ocrx_word' id='word_1_127' title='bbox 586 2096 704 2160; x_wconf 85' lang='lat' dir='ltr'><strong>vll</strong></span> <span class='ocrx_word' id='word_1_128' title='bbox 730 2095 1047 2160; x_wconf 82' lang='lat' dir='ltr'><strong>concessit</strong></span> <span class='ocrx_word' id='word_1_129' title='bbox 1081 2100 1155 2156; x_wconf 90' lang='lat' dir='ltr'><strong>ut</strong></span> <span class='ocrx_word' id='word_1_130' title='bbox 1193 2093 1275 2157; x_wconf 88' lang='lat' dir='ltr'><strong>ab</strong></span> <span class='ocrx_word' id='word_1_131' title='bbox 1316 2094 1645 2175; x_wconf 88' lang='lat' dir='ltr'><strong>Episcopis</strong></span> <span class='ocrx_word' id='word_1_132' title='bbox 1683 2093 1826 2157; x_wconf 89' lang='lat' dir='ltr'><strong>fieri</strong></span> <span class='ocrx_word' id='word_1_133' title='bbox 1857 2114 1987 2159; x_wconf 90' lang='lat' dir='ltr'><strong>non</strong></span> <span class='ocrx_word' id='word_1_134' title='bbox 2021 2097 2269 2177; x_wconf 85' lang='lat' dir='ltr'><strong>possint</strong></span> <span class='ocrx_word' id='word_1_135' title='bbox 2293 2097 2622 2180; x_wconf 86' lang='lat' dir='ltr'><strong>parochia-</strong></span> 
     </span>
     <span class='ocr_line' id='line_1_17' title="bbox 390 2204 2235 2291; baseline -0.001 -16"><span class='ocrx_word' id='word_1_136' title='bbox 390 2228 536 2275; x_wconf 89' lang='lat' dir='ltr'><strong>rum</strong></span> <span class='ocrx_word' id='word_1_137' title='bbox 574 2209 1224 2291; x_wconf 80' lang='lat' dir='ltr'><strong>circumscriptioneS,</strong></span> <span class='ocrx_word' id='word_1_138' title='bbox 1266 2206 1385 2271; x_wconf 91' lang='lat' dir='ltr'><strong>nisi</strong></span> <span class='ocrx_word' id='word_1_139' title='bbox 1420 2204 1504 2270; x_wconf 90' lang='lat' dir='ltr'><strong>de</strong></span> <span class='ocrx_word' id='word_1_140' title='bbox 1540 2224 1859 2274; x_wconf 87' lang='lat' dir='ltr'><strong>consensu</strong></span> <span class='ocrx_word' id='word_1_141' title='bbox 1899 2209 2235 2274; x_wconf 86' lang='lat' dir='ltr'><strong>Gubernii.</strong></span> 
     </span>
    </p>
   </div>
   <div class='ocr_carea' id='block_1_3' title="bbox 1256 2471 1745 2541">
    <p class='ocr_par' dir='ltr' id='par_1_5' title="bbox 1256 2471 1745 2541">
     <span class='ocr_line' id='line_1_18' title="bbox 1256 2471 1745 2541; baseline 0.002 -4"><span class='ocrx_word' id='word_1_142' title='bbox 1256 2471 1523 2539; x_wconf 82' lang='lat' dir='ltr'><strong>CAPUT</strong></span> <span class='ocrx_word' id='word_1_143' title='bbox 1572 2476 1745 2541; x_wconf 82' lang='lat' dir='ltr'>VIII.</span> 
     </span>
    </p>
   </div>
   <div class='ocr_carea' id='block_1_4' title="bbox 517 2708 2483 2875">
    <p class='ocr_par' dir='ltr' id='par_1_6' title="bbox 517 2708 2483 2875">
     <span class='ocr_line' id='line_1_19' title="bbox 517 2708 2483 2772; baseline 0 -13"><span class='ocrx_word' id='word_1_144' title='bbox 517 2710 652 2772; x_wconf 78' lang='lat' dir='ltr'><strong>QuA</strong></span> <span class='ocrx_word' id='word_1_145' title='bbox 678 2709 909 2759; x_wconf 69' lang='lat' dir='ltr'>NORMA</span> <span class='ocrx_word' id='word_1_146' title='bbox 944 2708 1286 2757; x_wconf 75' lang='lat' dir='ltr'><strong>PARocfflAE</strong></span> <span class='ocrx_word' id='word_1_147' title='bbox 1337 2709 1456 2757; x_wconf 87' lang='lat' dir='ltr'><strong>SUB</strong></span> <span class='ocrx_word' id='word_1_148' title='bbox 1498 2710 1664 2756; x_wconf 77' lang='lat' dir='ltr'><strong>sum-2</strong></span> <span class='ocrx_word' id='word_1_149' title='bbox 1708 2709 2129 2758; x_wconf 73' lang='lat' dir='ltr'><strong>PATRONATUS</strong></span> <span class='ocrx_word' id='word_1_150' title='bbox 2159 2712 2483 2762; x_wconf 70' lang='lat' dir='ltr'>CANOMCE</span> 
     </span>
     <span class='ocr_line' id='line_1_20' title="bbox 1218 2826 1775 2875; baseline 0.002 -3"><span class='ocrx_word' id='word_1_151' title='bbox 1218 2826 1775 2875; x_wconf 73' lang='lat' dir='ltr'>CONSTITUANTUR.</span> 
     </span>
    </p>
   </div>
   <div class='ocr_carea' id='block_1_5' title="bbox 377 3059 2611 3488">
    <p class='ocr_par' dir='ltr' id='par_1_7' title="bbox 377 3059 2611 3488">
     <span class='ocr_line' id='line_1_21' title="bbox 471 3059 2611 3145; baseline 0.002 -21"><span class='ocrx_word' id='word_1_152' title='bbox 471 3060 827 3145; x_wconf 76' lang='lat' dir='ltr'><strong>Antequam</strong></span> <span class='ocrx_word' id='word_1_153' title='bbox 855 3059 1246 3142; x_wconf 84' lang='lat' dir='ltr'><strong>propositam</strong></span> <span class='ocrx_word' id='word_1_154' title='bbox 1306 3059 1727 3141; x_wconf 78' lang='lat' dir='ltr'><strong>quaestionem</strong></span> <span class='ocrx_word' id='word_1_155' title='bbox 1757 3060 2103 3138; x_wconf 86' lang='lat' dir='ltr'><strong>solvamus,</strong></span> <span class='ocrx_word' id='word_1_156' title='bbox 2143 3063 2611 3144; x_wconf 70' lang='lat' dir='ltr'><strong>praemittemus</strong></span> 
     </span>
     <span class='ocr_line' id='line_1_22' title="bbox 381 3172 2607 3258; baseline 0 -17"><span class='ocrx_word' id='word_1_157' title='bbox 381 3176 672 3241; x_wconf 84' lang='lat' dir='ltr'><strong>breviter</strong></span> <span class='ocrx_word' id='word_1_158' title='bbox 713 3175 1083 3258; x_wconf 84' lang='lat' dir='ltr'><strong>generalem</strong></span> <span class='ocrx_word' id='word_1_159' title='bbox 1123 3173 1206 3238; x_wconf 89' lang='lat' dir='ltr'><strong>de</strong></span> <span class='ocrx_word' id='word_1_160' title='bbox 1235 3172 1384 3257; x_wconf 90' lang='lat' dir='ltr'><strong>jure</strong></span> <span class='ocrx_word' id='word_1_161' title='bbox 1417 3178 1819 3255; x_wconf 83' lang='lat' dir='ltr'><strong>patronatus,</strong></span> <span class='ocrx_word' id='word_1_162' title='bbox 1862 3181 1930 3239; x_wconf 88' lang='lat' dir='ltr'><strong>et</strong></span> <span class='ocrx_word' id='word_1_163' title='bbox 1970 3175 2054 3240; x_wconf 88' lang='lat' dir='ltr'><strong>de</strong></span> <span class='ocrx_word' id='word_1_164' title='bbox 2087 3179 2274 3242; x_wconf 85' lang='lat' dir='ltr'><strong>variis</strong></span> <span class='ocrx_word' id='word_1_165' title='bbox 2301 3177 2467 3243; x_wconf 89' lang='lat' dir='ltr'><strong>illud</strong></span> <span class='ocrx_word' id='word_1_166' title='bbox 2501 3198 2607 3242; x_wconf 91' lang='lat' dir='ltr'><strong>ac-</strong></span> 
     </span>
     <span class='ocr_line' id='line_1_23' title="bbox 378 3286 2606 3374; baseline 0.002 -23"><span class='ocrx_word' id='word_1_167' title='bbox 378 3287 681 3374; x_wconf 86' lang='lat' dir='ltr'><strong>quirendi</strong></span> <span class='ocrx_word' id='word_1_168' title='bbox 733 3286 941 3353; x_wconf 89' lang='lat' dir='ltr'><strong>modis</strong></span> <span class='ocrx_word' id='word_1_169' title='bbox 983 3288 1310 3352; x_wconf 87' lang='lat' dir='ltr'><strong>notionem</strong></span> <span class='ocrx_word' id='word_1_170' title='bbox 1354 3308 1367 3349; x_wconf 89' lang='lat'>:</span> <span class='ocrx_word' id='word_1_171' title='bbox 1407 3292 1547 3350; x_wconf 91' lang='lat' dir='ltr'><strong>tum</strong></span> <span class='ocrx_word' id='word_1_172' title='bbox 1577 3286 1992 3372; x_wconf 88' lang='lat' dir='ltr'><strong>subjiciemus</strong></span> <span class='ocrx_word' id='word_1_173' title='bbox 2024 3291 2366 3373; x_wconf 86' lang='lat' dir='ltr'><strong>requisitas</strong></span> <span class='ocrx_word' id='word_1_174' title='bbox 2393 3290 2606 3355; x_wconf 89' lang='lat' dir='ltr'><strong>condi·</strong></span> 
     </span>
     <span class='ocr_line' id='line_1_24' title="bbox 377 3400 2270 3488; baseline 0.001 -21"><span class='ocrx_word' id='word_1_175' title='bbox 377 3404 605 3481; x_wconf 81' lang='lat' dir='ltr'><strong>tioneS‚</strong></span> <span class='ocrx_word' id='word_1_176' title='bbox 639 3411 710 3469; x_wconf 87' lang='lat' dir='ltr'><strong>ut</strong></span> <span class='ocrx_word' id='word_1_177' title='bbox 738 3403 1039 3488; x_wconf 86' lang='lat' dir='ltr'><strong>parochia</strong></span> <span class='ocrx_word' id='word_1_178' title='bbox 1075 3403 1196 3467; x_wconf 87' lang='lat' dir='ltr'><strong>sub</strong></span> <span class='ocrx_word' id='word_1_179' title='bbox 1222 3400 1370 3486; x_wconf 88' lang='lat' dir='ltr'><strong>jure</strong></span> <span class='ocrx_word' id='word_1_180' title='bbox 1407 3407 1788 3485; x_wconf 83' lang='lat' dir='ltr'><strong>patronatus</strong></span> <span class='ocrx_word' id='word_1_181' title='bbox 1815 3403 2270 3469; x_wconf 85' lang='lat' dir='ltr'><strong>constituatur.</strong></span> 
     </span>
    </p>
   </div>
   <div class='ocr_carea' id='block_1_6' title="bbox 593 3856 2368 3922">
    <p class='ocr_par' dir='ltr' id='par_1_8' title="bbox 593 3856 2368 3922">
     <span class='ocr_line' id='line_1_25' title="bbox 593 3856 2368 3922; baseline 0.001 -16"><span class='ocrx_word' id='word_1_182' title='bbox 593 3859 657 3906; x_wconf 81' lang='lat' dir='ltr'><strong>De</strong></span> <span class='ocrx_word' id='word_1_183' title='bbox 679 3860 785 3920; x_wconf 82' lang='lat' dir='ltr'><strong>jure</strong></span> <span class='ocrx_word' id='word_1_184' title='bbox 811 3866 1102 3922; x_wconf 76' lang='lat' dir='ltr'><strong>patronatus,</strong></span> <span class='ocrx_word' id='word_1_185' title='bbox 1125 3864 1171 3907; x_wconf 79' lang='lat' dir='ltr'><strong>ct</strong></span> <span class='ocrx_word' id='word_1_186' title='bbox 1189 3857 1331 3907; x_wconf 82' lang='lat' dir='ltr'><strong>variis</strong></span> <span class='ocrx_word' id='word_1_187' title='bbox 1359 3856 1475 3906; x_wconf 84' lang='lat' dir='ltr'><strong>illud</strong></span> <span class='ocrx_word' id='word_1_188' title='bbox 1498 3857 1769 3920; x_wconf 86' lang='lat' dir='ltr'><strong>acquirendi</strong></span> <span class='ocrx_word' id='word_1_189' title='bbox 1787 3858 1938 3908; x_wconf 78' lang='lat' dir='ltr'><strong>modis</strong></span> <span class='ocrx_word' id='word_1_190' title='bbox 1968 3859 2199 3922; x_wconf 78' lang='lat' dir='ltr'><strong>generalis</strong></span> <span class='ocrx_word' id='word_1_191' title='bbox 2225 3862 2368 3909; x_wconf 85' lang='lat' dir='ltr'><strong>notio.</strong></span> 
     </span>
    </p>
   </div>
   <div class='ocr_carea' id='block_1_7' title="bbox 372 4058 2594 4491">
    <p class='ocr_par' dir='ltr' id='par_1_9' title="bbox 372 4058 2594 4491">
     <span class='ocr_line' id='line_1_26' title="bbox 460 4058 2594 4143; baseline 0.001 -19"><span class='ocrx_word' id='word_1_192' title='bbox 460 4062 511 4124; x_wconf 94' lang='grc' dir='ltr'><strong>Ι.</strong></span> <span class='ocrx_word' id='word_1_193' title='bbox 555 4063 720 4123; x_wconf 77' lang='lat' dir='ltr'><strong>Unde</strong></span> <span class='ocrx_word' id='word_1_194' title='bbox 741 4068 941 4124; x_wconf 78' lang='lat' dir='ltr'><strong>ortum</strong></span> <span class='ocrx_word' id='word_1_195' title='bbox 962 4065 1073 4143; x_wconf 81' lang='lat' dir='ltr'><strong>jus</strong></span> <span class='ocrx_word' id='word_1_196' title='bbox 1099 4068 1486 4141; x_wconf 76' lang='lat' dir='ltr'><strong>patronatus.</strong></span> <span class='ocrx_word' id='word_1_197' title='bbox 1517 4097 1606 4106; x_wconf 92' lang='lat'><strong>--</strong></span> <span class='ocrx_word' id='word_1_198' title='bbox 1642 4082 1674 4117; x_wconf 89' lang='lat'>«</span> <span class='ocrx_word' id='word_1_199' title='bbox 1701 4058 1966 4125; x_wconf 82' lang='lat' dir='ltr'><strong>Attento</strong></span> <span class='ocrx_word' id='word_1_200' title='bbox 2007 4061 2347 4143; x_wconf 79' lang='lat' dir='ltr'><strong>primitivae</strong></span> <span class='ocrx_word' id='word_1_201' title='bbox 2373 4063 2594 4128; x_wconf 86' lang='lat' dir='ltr'><strong>Eccle-</strong></span> 
     </span>
     <span class='ocr_line' id='line_1_27' title="bbox 372 4174 2590 4262; baseline 0.005 -29"><span class='ocrx_word' id='word_1_202' title='bbox 372 4199 406 4233; x_wconf 87' lang='lat'>«</span> <span class='ocrx_word' id='word_1_203' title='bbox 441 4175 545 4241; x_wconf 83' lang='lat' dir='ltr'><strong>siae</strong></span> <span class='ocrx_word' id='word_1_204' title='bbox 570 4192 713 4252; x_wconf 90' lang='lat' dir='ltr'><strong>usu,</strong></span> <span class='ocrx_word' id='word_1_205' title='bbox 752 4174 1049 4240; x_wconf 81' lang='lat' dir='ltr'><strong>fundatio</strong></span> <span class='ocrx_word' id='word_1_206' title='bbox 1080 4178 1188 4242; x_wconf 86' lang='lat' dir='ltr'><strong>vel</strong></span> <span class='ocrx_word' id='word_1_207' title='bbox 1216 4174 1462 4242; x_wconf 86' lang='lat' dir='ltr'><strong>dotatio</strong></span> <span class='ocrx_word' id='word_1_208' title='bbox 1492 4176 1909 4242; x_wconf 89' lang='lat' dir='ltr'><strong>ecclesiarum</strong></span> <span class='ocrx_word' id='word_1_209' title='bbox 1941 4195 2053 4242; x_wconf 89' lang='lat' dir='ltr'><strong>seu</strong></span> <span class='ocrx_word' id='word_1_210' title='bbox 2096 4176 2590 4262; x_wconf 58' lang='lat' dir='ltr'><strong>praebendarum</strong></span> 
     </span>
     <span class='ocr_line' id='line_1_28' title="bbox 372 4288 2593 4374; baseline 0.006 -27"><span class='ocrx_word' id='word_1_211' title='bbox 372 4288 541 4373; x_wconf 82' lang='lat' dir='ltr'><strong>«jus</strong></span> <span class='ocrx_word' id='word_1_212' title='bbox 596 4288 958 4355; x_wconf 84' lang='lat' dir='ltr'><strong>istiusmodi</strong></span> <span class='ocrx_word' id='word_1_213' title='bbox 1012 4310 1139 4355; x_wconf 92' lang='lat' dir='ltr'><strong>non</strong></span> <span class='ocrx_word' id='word_1_214' title='bbox 1197 4292 1533 4374; x_wconf 82' lang='lat' dir='ltr'><strong>gignebat3</strong></span> <span class='ocrx_word' id='word_1_215' title='bbox 1590 4310 1735 4356; x_wconf 90' lang='lat' dir='ltr'><strong>cum</strong></span> <span class='ocrx_word' id='word_1_216' title='bbox 1783 4292 1917 4357; x_wconf 87' lang='lat' dir='ltr'><strong>haec</strong></span> <span class='ocrx_word' id='word_1_217' title='bbox 1968 4294 2180 4357; x_wconf 88' lang='lat' dir='ltr'><strong>omnia</strong></span> <span class='ocrx_word' id='word_1_218' title='bbox 2222 4293 2456 4357; x_wconf 85' lang='lat' dir='ltr'><strong>fierent</strong></span> <span class='ocrx_word' id='word_1_219' title='bbox 2511 4314 2593 4361; x_wconf 74' lang='lat' dir='ltr'><strong>ex</strong></span> 
     </span>
     <span class='ocr_line' id='line_1_29' title="bbox 372 4404 2587 4491; baseline 0.003 -28"><span class='ocrx_word' id='word_1_220' title='bbox 372 4427 407 4463; x_wconf 89' lang='lat'>«</span> <span class='ocrx_word' id='word_1_221' title='bbox 441 4404 575 4469; x_wconf 91' lang='lat' dir='ltr'><strong>solo</strong></span> <span class='ocrx_word' id='word_1_222' title='bbox 613 4404 891 4488; x_wconf 87' lang='lat' dir='ltr'><strong>impulsu</strong></span> <span class='ocrx_word' id='word_1_223' title='bbox 950 4405 1224 4487; x_wconf 80' lang='lat' dir='ltr'><strong>pietatiS,</strong></span> <span class='ocrx_word' id='word_1_224' title='bbox 1274 4413 1341 4471; x_wconf 90' lang='lat' dir='ltr'><strong>et</strong></span> <span class='ocrx_word' id='word_1_225' title='bbox 1382 4425 1599 4471; x_wconf 89' lang='lat' dir='ltr'><strong>amore</strong></span> <span class='ocrx_word' id='word_1_226' title='bbox 1662 4406 1990 4491; x_wconf 77' lang='lat' dir='ltr'><strong>religionis</strong></span> <span class='ocrx_word' id='word_1_227' title='bbox 2031 4407 2462 4491; x_wconf 59' lang='lat' dir='ltr'><strong>propagandae</strong></span> <span class='ocrx_word' id='word_1_228' title='bbox 2522 4415 2587 4471; x_wconf 84' lang='lat' dir='ltr'><strong>et</strong></span> 
     </span>
    </p>
   </div>
  </div>
 </body>
</html>
