3146 4973
1349 294 1508 345 rsus
1551 296 1782 345 rums.
2508 314 2523 333 .
2543 282 2668 347 237

446 436 724 489 numero
760 427 830 485 et
861 396 1504 502 circumscriptioue3
1540 418 1859 504 siquidem
1905 417 1976 484 id
2024 424 2279 487 tantum
2315 438 2353 485 a
2396 420 2514 486 Pio
2551 422 2674 495 vu

447 536 513 597 in
554 534 751 599 citata
798 533 1178 600 concordati
1234 533 1652 615 dispositione
1696 533 2013 617 gubernio
2055 531 2458 600 conceditur.
2515 536 2677 601 Arti-

446 648 582 713 culi
601 655 825 715 autem
868 651 1177 731 organici,
1224 649 1290 713 in
1341 655 1657 732 quantum
1689 667 1819 715 non
1857 648 2159 713 nituntur
2202 647 2365 715 dicti
2412 666 2675 715 concor-

447 761 585 829 dati
611 762 956 846 pontificiis
982 762 1522 841 concessionibus,
1541 781 1666 846 per
1699 782 1768 827 se
1798 764 1931 828 vim
1951 763 2194 831 nullam
2216 763 2384 848 juris
2400 763 2667 840 habent,

447 885 679 962 utpote
713 878 800 945 ab
838 880 1326 963 incompetente
1366 880 1436 944 in
1474 878 1847 962 hujusmodi
1891 879 2339 947 ecclesiasticis
2381 879 2673 947 materiis

450 994 837 1061 auctoritate
849 992 1116 1061 conditi.
1146 996 1215 1057 2⁰
1236 995 1336 1058 De
1352 992 1529 1058 facto
1549 990 1848 1076 Episcopi
1870 999 2303 1073 memoratum
2327 993 2672 1059 articulum

449 1105 628 1173 dicto
664 1126 861 1175 sensu
896 1108 1328 1185 intellectum,
1359 1127 1491 1175 non
1518 1114 1983 1204 acceptas-unu
2020 1107 2139 1173 sed
2168 1127 2206 1173 e
2246 1115 2472 1175 contra
2501 1107 2673 1192 reje-

449 1227 718 1305 cerunt3
767 1220 1088 1306 siquidem
1128 1221 1650 1298 deservitoribus
1701 1242 1926 1289 curam
1971 1224 2332 1289 animarum
2350 1270 2367 1301 ,
2405 1223 2673 1307 proprio

451 1339 731 1416 nomine,
756 1335 1192 1407 exercendam
1217 1340 1598 1405 commisere
1626 1358 1642 1420 ;
1684 1339 1773 1402 ita
1802 1354 2039 1420 nempe
2061 1344 2138 1402 ut
2161 1337 2483 1420 parochiae
2508 1355 2673 1422 proe-

449 1456 653 1537 cipuae
682 1462 906 1521 rector
939 1473 1166 1521 curam
1203 1455 1526 1523 actualem
1576 1454 1647 1517 in
1687 1451 2042 1517 succursali
2089 1451 2330 1537 nullam
2370 1449 2664 1528 haberet,

449 1589 571 1635 nec
620 1577 838 1654 posset
885 1573 952 1635 in
1003 1591 1082 1637 ea
1122 1590 1264 1638 sese
1304 1573 1695 1637 immiscere.
1739 1570 1810 1632 3⁰
1850 1567 2210 1650 Ipsummet
2245 1565 2668 1650 gabei-nium,

451 1704 639 1751 snum
665 1685 1015 1751 articulum
1045 1687 1456 1753 intellectum
1479 1683 1691 1751 voluit
1726 1701 1806 1748 eo
1830 1700 2049 1759 sensu,
2078 1682 2191 1767 qui
2220 1679 2416 1747 modo
2438 1681 2674 1765 agendi

454 1802 918 1883 Episcoporum
961 1809 1368 1868 consonaret.
1389 1801 1552 1867 Nam
1596 1800 1663 1862 in
1708 1816 1824 1863 sua
1860 1795 2143 1881 quadam
2199 1795 2285 1860 ad
2324 1794 2676 1879 Episcopos

452 1915 727 1998 epistola
759 1915 868 2001 (25
891 1915 1133 1982 therm.
1158 1935 1242 1981 an
1275 1913 1379 2000 10)
1413 1913 1862 1999 praemonebat
1893 1912 2197 1981 dominus
2219 1913 2520 1990 Portalis‚
2544 1932 2675 1979 non
2709 1953 2720 1964 -

455 2031 519 2094 in
554 2028 731 2095 aliud
755 2029 1114 2099 intendisse
1145 2031 1496 2099 articulum
1530 2030 1904 2114 organicum
1924 2076 1941 2107 ,
1977 2046 2171 2113 quam
2206 2035 2283 2092 ut
2326 2028 2673 2110 praecipuae

453 2145 769 2229 parocffiae
824 2147 1068 2213 rectori
1111 2148 1433 2212 committi
1478 2145 1562 2212 ab
1601 2145 1919 2229 Episcopo
1966 2148 2189 2228 posset
2239 2142 2558 2226 inspectio
2609 2145 2675 2208 in

453 2259 909 2337 succursalem‚
942 2278 1197 2326 necnon
1223 2261 1530 2339 visitatio,
1555 2261 1808 2344 aliaque
1842 2258 1993 2343 jura
2025 2258 2179 2324 olim
2221 2257 2676 2343 archipresby-

453 2376 612 2441 teris
640 2382 711 2439 et
740 2373 1009 2440 decanis
1040 2375 1502 2457 competentia.

544 2488 734 2556 Unde
763 2497 1017 2554 certum
1049 2490 1306 2556 omnino
1337 2499 1439 2556 est
1464 2491 1738 2558 cuilibet
1774 2490 2171 2566 deservitori
2198 2491 2517 2564 commisti
2540 2490 2679 2558 ani-

454 2623 703 2672 marum
730 2622 976 2682 curam,
1013 2622 1143 2670 non
1174 2611 1479 2689 tanquam
1524 2607 1765 2672 vicario
1792 2607 2087 2686 alteriuS,
2122 2605 2244 2672 sed
2276 2607 2680 2690 propt-iono-

457 2724 627 2787 mine
663 2719 1124 2790 exercendam.
1164 2721 1247 2785 Et
1273 2722 1443 2786 sicut
1478 2722 1744 2806 proprie
1775 2721 1994 2788 dictus
2023 2721 2300 2806 quilibet
2331 2722 2673 2805 parochus,

456 2840 546 2902 ita
597 2836 967 2902 deservitor
1006 2854 1090 2902 ex
1142 2834 1347 2901 officio
1400 2843 1670 2902 tenetur
1712 2836 2031 2920 parochiae
2062 2855 2194 2902 suoe
2219 2836 2444 2902 incolis
2471 2855 2683 2906 sacra-

457 2959 679 3017 menta
707 2949 1100 3033 ministrare3
1141 2956 1212 3014 et
1240 2949 1517 3015 vicissim
1538 2948 1607 3014 hi
1632 2956 1945 3017 tenentur
1965 2950 2051 3016 ad
2090 2952 2303 3034 ipsum
2334 2969 2680 3020 recurrere

457 3066 526 3130 in
551 3066 628 3130 iis
653 3064 926 3143 casibus,
944 3065 1013 3128 in
1038 3063 1279 3149 quibus
1313 3062 1399 3128 de
1422 3062 1570 3147 jure
1596 3071 1909 3132 tenentur
1938 3065 2319 3147 parochiani
2343 3069 2681 3151 proprium

459 3200 647 3247 suum
675 3177 1055 3262 parochum,
1091 3185 1161 3242 et
1195 3196 1325 3243 non
1351 3177 1569 3257 alium,
1602 3177 1825 3261 adire3
1860 3179 2049 3245 verbi
2084 3182 2317 3264 gratia,
2357 3183 2424 3246 in
2460 3184 2683 3250 matri-

459 3299 823 3364 moniorum
850 3294 1314 3372 celebratione,
1350 3295 1416 3360 in
1447 3294 1826 3378 recipienda
1850 3297 2055 3362 semel
2081 3297 2145 3361 in
2184 3297 2490 3381 paschate
2518 3319 2685 3366 com-

460 3413 789 3489 munione,
838 3417 968 3476 etc.
1020 3410 1177 3491 Quae
1230 3408 1657 3490 conditiones,
1704 3429 1852 3478 cum
1895 3411 2238 3494 ipsammet
2276 3413 2687 3495 parochiatus

459 3528 803 3594 essentiam
843 3525 1239 3592 constituant
1275 3525 1373 3610 (ut
1411 3544 1610 3610 supra
1654 3525 2001 3609 probatum
2056 3525 2205 3611 est),
2242 3529 2506 3594 omnino
2532 3549 2688 3600 con-

463 3642 864 3710 cludendum
903 3641 1090 3710 venit
1104 3687 1121 3718 ,
1176 3639 1525 3708 hodiernos
1573 3641 1797 3707 Galliae
1855 3648 2116 3708 curatos
2138 3689 2155 3720 ,
2209 3645 2322 3728 qui
2370 3653 2689 3714 vocamur

464 3762 860 3836 deuorvaats,
894 3774 1089 3822 veros
1111 3773 1254 3826 esse
1301 3764 1374 3826 et
1399 3756 1668 3840 proprie
1700 3756 1933 3835 dictos,
1969 3758 2037 3822 in
2064 3776 2258 3824 sensu
2278 3757 2464 3844 juris,
2507 3779 2688 3846 poro·

464 3875 640 3942 cbos.

553 3995 823 4072 objicies.
863 4025 954 4039 --
992 3989 1203 4054 Verus
1229 3984 1554 4070 parochus
1590 4004 1721 4051 non
1756 3993 1858 4052 est
1894 3987 2019 4052 nisi
2049 3994 2411 4070 perpetuus
2452 4010 2469 4055 :
2507 3993 2689 4076 atqui

464 4105 907 4172 deservitores
960 4109 1114 4172 sunt
1145 4099 1234 4167 ad
1265 4106 1500 4166 nutum
1530 4100 1935 4168 revocabiles
1972 4123 1987 4166 ε
2021 4120 2178 4186 ergo
2207 4121 2341 4168 non
2365 4111 2521 4172 sunt
2553 4108 2691 4174 veri

464 4220 756 4304 parochi.
790 4255 882 4268 --
909 4214 1340 4300 Respondeo:
1374 4233 1546 4299 nego
1565 4214 1907 4300 majorem.
1959 4218 2121 4286 Nam
2157 4220 2562 4301 perpetuitas
2604 4220 2689 4288 ad

466 4317 808 4403 essentiam
837 4332 1252 4418 parochiatus
1305 4350 1439 4398 non
1480 4333 1803 4417 pertinet3
1837 4331 1959 4398 sed
2003 4342 2137 4400 tam
2175 4354 2333 4400 vere
2370 4335 2691 4419 parochus
