3146 4973
1205 427 1364 477 rius
1407 428 1637 478 rums.
1700 393 1715 406 ⁶
2455 418 2530 479 17

1356 679 1489 755 sl.

313 911 562 961 Prioribus
584 912 809 962 Ecclesia
828 913 1013 963 saeculis
1033 912 1185 963 instar
1199 913 1318 976 legis
1340 913 1515 977 ubique
1530 914 1729 977 vigentis
1752 914 1856 977 luit,
1876 924 1931 965 ut
1954 914 2136 980 fideles,
2160 926 2258 967 tum
2285 918 2427 979 iutra,
2447 926 2547 969 tun

381 1009 523 1058 etism
549 1018 685 1058 extra
708 1009 1025 1084 episcopalem·
1045 1009 1277 1059 civitatem
1300 1010 1548 1073 degentes,
1578 1012 1768 1063 nonnisi
1794 1010 1918 1074 apud
1946 1013 2226 1076 Episcopum
2248 1026 2410 1064 sacros
2433 1028 2550 1065 cou-

382 1111 551 1153 ventus
577 1117 816 1154 sucrsmve
838 1104 1072 1166 liturgiam
1097 1105 1403 1156 celebrarent.

411 1350 721 1411 Ρνοὺαιπιν
770 1352 861 1414 1⁰.
900 1352 1290 1414 Eruditorum
1333 1356 1716 1415 auctoritate.
1761 1386 1852 1399 -—-
1880 1352 2261 1419 Unanimem
2304 1352 2426 1418 huc
2470 1351 2557 1420 de

318 1481 398 1528 re
429 1463 1065 1545 praeclarissimorum
1111 1465 1501 1549 scriptorum
1532 1467 1919 1533 sententiam
1942 1465 2034 1531 sic
2081 1475 2398 1534 memorat
2425 1470 2559 1535 Mu-

322 1579 470 1642 rius
497 1576 751 1661 Lupus,
784 1577 852 1642 in
882 1595 1001 1646 suo
1030 1579 1266 1645 eximio
1294 1596 1497 1661 opere
1530 1583 1607 1644 de
1635 1584 1926 1645 Paroeciis
1967 1590 2110 1647 ante
2137 1602 2362 1651 annum
2392 1585 2564 1651 1000

326 1690 515 1777 (diss.
550 1695 613 1770 2,
650 1694 862 1777 capite
895 1696 958 1773 5,
993 1694 1227 1777 pagina
1264 1696 1413 1770 173,
1448 1693 1612 1761 edit.
1649 1694 1977 1780 Bergomi)
2019 1719 2036 1764 ε

424 1832 461 1869 α.
496 1808 881 1892 Complures
926 1806 1349 1875 eruditissimi
1394 1816 1467 1875 et
1500 1811 1695 1893 primi
1740 1810 2028 1877 subsellii
2075 1812 2198 1879 viri
2232 1813 2566 1880 unanimes

334 1946 372 1985 ι
396 1921 762 2003 tradidere,
804 1931 877 1989 et
908 1923 1416 2008 locupletissime
1466 1925 1534 1991 in
1564 1923 1852 1992 medium
1904 1926 2112 1991 allatis
2154 1929 2567 2013 antiquorum

334 2061 372 2101 α
398 2039 789 2106 testimoniis
833 2038 1306 2107 confirmarunt
1322 2086 1339 2115 ‚
1391 2039 1617 2107 christi
1662 2039 1889 2109 fideles
1924 2042 2114 2107 unius
2149 2044 2450 2121 civitatis,
2500 2051 2572 2109 et

334 2177 373 2217 α
399 2154 860 2239 antiquissimis
897 2153 1307 2238 temporibus
1354 2157 1551 2221 etium
1601 2157 2043 2237 proximorum
2098 2175 2427 2239 agrorum,
2484 2155 2573 2225 ud

339 2291 377 2332 α
400 2286 656 2337 suerum
682 2266 1137 2339 celebrandam
1163 2269 1495 2353 liturgiam
1523 2286 1936 2355 quocumque
1962 2269 2231 2337 tandem
2253 2272 2427 2351 loco,
2459 2279 2578 2339 aut

338 2407 376 2449 α
400 2387 473 2451 in
504 2387 647 2470 ipsu
689 2383 892 2462 urbe,
929 2391 1045 2449 aut
1084 2385 1153 2448 in
1197 2383 1621 2462 suburbanis,
1666 2402 1870 2469 penes
1919 2386 2349 2473 Episcopos...
2394 2388 2580 2475 (quo-.

338 2524 377 2565 (ι
399 2501 812 2586 tiescumque
843 2517 965 2583 per
994 2498 1271 2583 gentiles
1312 2497 1584 2584 licebat)
1620 2500 1689 2564 in
1718 2520 1919 2566 unum
1950 2503 2350 2568 convenisse.
2387 2499 2578 2570 Idem

340 2639 378 2681 α
404 2623 739 2682 servatum
759 2631 1069 2699 peraeque
1093 2613 1316 2693 fuisse,
1335 2622 1679 2700 postquam
1703 2623 1946 2699 praeter
1969 2635 2169 2684 unum
2191 2617 2403 2701 primo
2418 2624 2576 2683 tem·

340 2754 378 2795 α
405 2732 589 2817 plum
618 2729 883 2814 proprie
918 2727 1199 2808 dictum,
1226 2729 1292 2794 in
1327 2728 1603 2795 urbibus
1631 2728 1942 2797 aedificari
1966 2739 2198 2815 coeptae
2229 2739 2382 2798 sunt
2407 2750 2578 2816 quoe·

340 2873 377 2912 α
405 2848 563 2914 dam
590 2847 727 2912 uliae
753 2863 953 2911 sscrae
993 2843 1169 2911 aedes
1200 2867 1216 2911 :
1249 2864 1400 2911 nam
1426 2845 1841 2912 nihilominus
1868 2839 1956 2914 ud
1982 2863 2127 2912 eum
2168 2847 2576 2914 solummodo

341 2985 378 3025 α
402 2965 474 3028 in
501 2979 630 3048 qua
658 2961 1016 3044 Episcopus
1040 2978 1221 3026 sacra
1247 2958 1531 3028 faciebat
1568 2959 2001 3026 accurrebant
2017 3008 2035 3039 ‚
2069 2961 2287 3047 ibique
2318 2968 2576 3029 tantum

344 3105 381 3145 α
410 3078 875 3147 celebrabatur
909 3078 1192 3163 synaxis.
1240 3079 1426 3144 Hunc
1469 3098 1628 3145 vero
1656 3096 1909 3145 morem
1939 3079 2139 3145 etiam
2169 3078 2323 3146 data
2351 3099 2390 3145 a
2419 3081 2579 3146 Con-

344 3219 383 3260 «
406 3195 696 3262 stuntino
717 3211 877 3278 pace
902 3198 1138 3278 quarto
1157 3193 1396 3259 saeculo
1417 3192 1811 3277 perdurasse
1834 3192 2129 3278 plerique
2152 3202 2570 3259 censuerunt.

347 3333 388 3374 α
412 3311 668 3377 Horum
720 3308 1219 3374 clarissimorum
1272 3315 1615 3374 auctorum
1676 3307 1941 3392 longum
2005 3326 2158 3374 sane
2219 3306 2578 3376 indiculum

350 3450 389 3491 «ι
414 3434 775 3493 contexere
812 3439 1100 3508 possem3
1134 3421 1255 3490 sed
1282 3431 1357 3488 ut
1385 3421 1824 3489 heterodoxos
1852 3425 2248 3508 caeteroquin
2289 3422 2585 3489 eruditis-

353 3567 392 3607 «
417 3544 619 3609 simos
644 3541 1014 3624 complures
1042 3541 1332 3605 omittam
1352 3588 1369 3617 ‚
1402 3541 1575 3606 inter
1604 3538 1958 3605 catholicos
1998 3557 2243 3622 paucos
2268 3537 2582 3625 quosdam

354 3683 389 3722 α
416 3658 633 3725 solum
677 3673 1177 3722 commemorare
1214 3656 1298 3720 sit
1332 3656 1521 3739 satis3
1556 3673 1793 3738 nempe
1824 3654 2253 3720 Christianum
2281 3656 2537 3738 Lupum
2551 3705 2572 3738 ‚

356 3797 393 3838 ι(
417 3768 829 3838 Simondum
845 3817 863 3849 ,
901 3769 1225 3835 valesium
1245 3817 1262 3848 ‚
1299 3767 1619 3834 Morinum
1637 3815 1654 3846 ,
1690 3769 1959 3852 Pugium
1977 3814 1996 3847 ,
2031 3769 2295 3854 Fleury,
2329 3777 2400 3835 et
2425 3772 2588 3837 Tho-

360 3913 395 3952 «
420 3888 797 3956 massinum.
842 3884 1121 3967 Insuper
1154 3881 1509 3950 doctissimi
1537 3883 1665 3948 viri
1705 3883 1817 3968 qui
1858 3881 1945 3949 de
1966 3882 2282 3967 liturgicis
2307 3896 2588 3969 egerunt

363 4028 397 4068 σι
421 4004 649 4082 rebus,
700 3999 977 4067 tradunt
1021 3997 1448 4082 presbyteros
1484 3997 1747 4064 urbicos
1790 4017 1921 4063 non
1964 3998 2173 4064 solum
2215 4000 2396 4083 apud
2440 4003 2587 4086 Epi·

366 4144 401 4184 α
427 4136 703 4203 scopum
737 4116 1114 4196 convenisse
1140 4132 1364 4180 omnes
1389 4114 1708 4198 liturgicis
1736 4112 1991 4191 diebus,
2034 4133 2183 4181 cum
2215 4114 2592 4186 diaconibus

369 4261 404 4301 α
426 4244 502 4304 et
528 4235 784 4303 eoeteris
811 4233 1063 4303 clericis
1092 4232 1489 4318 populoque,
1523 4230 1644 4298 sed
1671 4250 1803 4298 una
1832 4250 1983 4299 cum
2012 4232 2244 4300 eodem
2276 4235 2596 4321 Episcopo

373 4375 411 4418 a
433 4354 693 4418 missam
741 4348 1108 4415 celem-me
1162 4354 1237 4412 et
1280 4345 1735 4413 eucharistiam
1782 4346 2168 4426 confecisse,
2228 4368 2310 4415 eo
2359 4369 2600 4435 prope-

379 4487 413 4531 α
436 4464 707 4536 modum
747 4470 938 4549 pacto
966 4480 1098 4548 quo
1128 4481 1299 4528 nuuc
1340 4468 1696 4548 usurpatur
1734 4463 1800 4526 in
1835 4462 2375 4547 presbyterorum
2407 4465 2604 4534 Ordi-

2353 4576 2393 4633 2
