3146 4973
1210 358 1370 406 rans
1416 357 1736 407 sscusoa.
2297 429 2302 435 .
2457 344 2586 405 275

355 477 639 543 matricis
664 476 916 545 reditus
950 497 1080 547 non
1107 478 1426 561 sufficiant
1450 481 1567 546 nisi
1608 478 1695 545 ad
1724 480 2215 547 convenientem
2245 481 2446 565 ipsius
2475 500 2591 565 pa-

356 594 539 659 rochi
581 596 1146 675 sustentationem,
1189 615 1321 661 non
1371 595 1578 663 debet
1609 595 1967 681 quidquam
2023 617 2110 662 ex
2149 596 2275 661 illis
2320 596 2593 664 distrahi

356 710 441 777 ad
473 710 828 779 dotandam
854 733 1090 780 novam
1122 715 1517 798 parochiam.
1563 716 1663 780 Ita
1693 715 2053 780 communis
2082 713 2428 780 doctorum
2453 735 2592 782 sen-

355 827 583 904 tentia,
615 846 758 912 quae
792 847 913 912 pro
945 833 1124 895 certa
1155 829 1385 914 regula
1431 828 1712 894 habetur
1761 828 1936 913 apud
1985 829 2301 895 Romanas
2329 847 2594 913 congre-

356 941 671 1023 gationes.

445 1060 735 1122 Secundo.
772 1057 941 1124 Casu
970 1077 1099 1145 quo
1129 1060 1392 1144 antiqua
1425 1060 1693 1127 ecclesia
1727 1059 1886 1124 nihil
1934 1059 2131 1126 habet
2188 1067 2427 1145 proeter
2479 1082 2595 1127 ne-

361 1173 703 1238 cessariam
775 1175 1314 1241 sustentationem
1329 1223 1345 1254 ,
1418 1174 1692 1241 tradunt
1767 1174 2072 1242 doctores
2138 1179 2589 1255 communiter,

364 1311 398 1349 α
432 1287 798 1372 cogendum
816 1308 957 1357 esse
981 1290 1160 1377 (sunt
1182 1290 1382 1356 verba
1406 1289 1712 1376 Fagnani)
1747 1291 1831 1356 ab
1875 1292 2192 1377 Episcopo
2227 1292 2594 1377 subjectum

367 1427 399 1463 c«
434 1404 755 1488 parochioe
785 1404 1121 1488 populum,
1147 1413 1224 1471 ut
1252 1406 1644 1490 presbytero
1672 1405 2072 1471 instituendo
2094 1408 2460 1473 necessaria
2486 1408 2597 1472 mi-

366 1541 397 1578 «
434 1519 695 1584 nistret.
725 1519 1034 1603 Arguitur
1064 1521 1272 1603 capite
1306 1524 1457 1585 Cum
1488 1528 1572 1585 sit
1599 1525 1894 1603 Romana,
1931 1525 2006 1585 dc
2041 1526 2361 1602 Simonia;
2386 1528 2456 1587 et
2481 1541 2597 1586 ex-

259 1655 277 1672 ·
364 1656 398 1692 «
433 1651 654 1716 presse
716 1640 977 1701 cautum
1052 1642 1153 1700 est
1208 1634 1477 1701 decreto
1538 1636 1797 1702 concilii
1867 1635 2230 1702 Tridentini
2290 1637 2455 1725 (cap.
2522 1639 2590 1715 4,

362 1770 395 1808 «
432 1768 589 1814 sess.
630 1747 766 1834 21),
803 1750 919 1815 ubi
965 1750 1317 1815 innovatur
1353 1750 1477 1815 hoc
1510 1758 1731 1833 caput,
1771 1756 1841 1814 et
1886 1752 2197 1815 statuitur
2242 1757 2339 1830 ut,
2379 1751 2432 1815 si
2483 1769 2599 1815 ne-

361 1886 394 1924 «
428 1882 605 1930 cesse
636 1863 859 1944 fuerit,
895 1866 1290 1949 compellere
1321 1866 1527 1950 possit
1557 1866 1916 1949 Episcopus
1955 1866 2279 1949 populum
2323 1884 2402 1930 ea
2447 1865 2596 1930 sub·

361 2002 395 2039 α
432 1980 823 2058 ministrare,
851 2000 994 2067 quae
1029 1980 1347 2047 sufficiant
1372 1980 1458 2046 ad
1488 1982 1689 2046 vitam
1713 1982 1913 2065 ipsius
1948 1979 2310 2046 sacerdotis
2341 1989 2597 2045 susten-

365 2116 396 2154 «
434 2092 723 2161 tandum.
758 2095 936 2159 Facit
956 2102 1153 2179 caput
1183 2104 1246 2173 7,
1272 2095 1569 2161 sessionis
1596 2097 1705 2173 21,
1748 2095 1842 2160 ibi
1875 2114 1890 2156 ε
1929 2100 2006 2159 In
2032 2098 2276 2157 illorum
2304 2097 2596 2176 defectum

367 2232 398 2269 «
424 2211 822 2291 parochianos
856 2213 1126 2275 omnibus
1163 2213 1447 2275 remediis
1484 2216 1839 2291 opportunis
1874 2212 1957 2273 ad
1986 2212 2288 2291 proeclicta
2326 2218 2540 2290 coqant
2573 2231 2594 2273 .·

366 2348 399 2387 α
435 2332 505 2390 et
531 2333 729 2408 caput
764 2328 841 2392 13
872 2326 1169 2391 sessionis
1217 2327 1324 2402 24,
1364 2326 1431 2389 in
1470 2325 1596 2390 illis
1643 2324 1861 2390 verbis
1894 2346 1910 2389 ε
1943 2329 2065 2388 Per
2094 2326 2597 2407 parochianorum

366 2462 400 2502 a
440 2444 704 2524 symbola
726 2449 835 2507 aut
862 2445 1162 2522 collectas,
1206 2449 1315 2506 aut
1350 2461 1469 2524 qua
1507 2443 1894 2505 commodiori
1915 2446 1972 2504 ei
1994 2443 2298 2506 videbitur
2334 2448 2590 2524 ratione,

368 2579 402 2618 α
439 2566 673 2622 tantum
732 2562 1068 2640 rediqacur,
1104 2561 1260 2640 quod
1298 2579 1419 2641 pro
1458 2563 1712 2622 rectoris
1758 2565 1866 2621 aut
1899 2560 2200 2640 parochiae
2247 2566 2597 2622 necessitate

369 2696 401 2732 α
435 2676 707 2738 decenter
734 2675 1030 2754 sufficiat.
1061 2696 1094 2734 »
1137 2674 1520 2760 (FagnanUS,
1553 2674 1623 2738 in
1663 2693 1720 2739 c.
1758 2677 1854 2738 Ad
1880 2676 2253 2753 audentiam,
2289 2676 2364 2736 de
2391 2676 2595 2736 Eccle-

359 2795 473 2851 siis
495 2792 690 2870 cedis„
727 2809 795 2854 n.
832 2787 923 2864 5.)
957 2787 1145 2855 Unde
1176 2808 1412 2855 revera
1440 2787 1762 2854 sufficiens
1792 2796 2153 2872 proventus
2176 2787 2263 2853 ad
2297 2791 2451 2854 novi
2486 2809 2595 2873 pa-

360 2903 541 2978 rochi
557 2906 1113 2984 sustentationem,
1138 2904 1194 2970 si
1218 2909 1501 2990 nequeat
1521 2923 1606 2969 ex
1628 2903 1951 2969 reditibus
1979 2904 2264 2968 matricis
2291 2905 2584 2971 ecclesiae

360 3017 636 3096 desumi,
673 3020 919 3103 abipso
968 3020 1230 3085 noviter
1275 3027 1512 3085 erectae
1550 3018 1872 3104 parochiae
1921 3018 2168 3102 populo
2204 3026 2309 3084 est
2349 3021 2584 3086 consti-

359 3132 673 3216 tuendus3
721 3135 833 3219 qui
867 3134 1144 3219 populus
1180 3141 1337 3198 tunc
1381 3132 1466 3198 ad
1493 3131 1566 3197 id
1605 3133 1688 3197 ab
1719 3133 2040 3216 Episcopo
2086 3139 2189 3197 est
2225 3132 2580 3216 cogendus,

340 3324 353 3334 .
452 3255 674 3313 Tertio.
725 3273 757 3312 «
794 3251 902 3315 Sin
934 3258 1155 3315 autem
1196 3255 1543 3334 paupertas
1590 3248 2008 3340 parochianos
2051 3255 2320 3342 excuset
2338 3296 2353 3326 ,
2396 3257 2587 3332 cogat

364 3387 399 3425 «
431 3366 785 3449 Episcopus
806 3365 1107 3431 abbatem
1131 3365 1238 3430 vel
1264 3366 1700 3449 praepositum,
1735 3364 1841 3429 cui
1864 3362 2160 3447 parochia
2180 3363 2292 3427 illa
2325 3364 2395 3427 in
2421 3371 2585 3429 tem-

365 3504 401 3542 α
441 3481 766 3564 poralibus
799 3481 1045 3559 subest,
1073 3479 1159 3546 ad
1186 3479 1664 3564 suppeditanda
1696 3481 1841 3545 vitae
1877 3479 2239 3545 necessaria
2257 3478 2584 3546 sacerdoti

366 3620 400 3658 α
430 3596 850 3677 instituendo,
880 3603 955 3662 ut
986 3597 1201 3681 capite
1236 3601 1611 3674 Sanctorum,
1643 3595 1929 3661 distinct.
1967 3596 2074 3672 70,
2110 3601 2178 3660 et
2208 3596 2423 3679 capite
2457 3599 2585 3658 Ex-

367 3735 399 3773 a
435 3716 755 3794 limandos,
789 3716 865 3777 de
892 3715 1264 3778 ProebendiS.
1311 3734 1344 3773 υ

451 3834 701 3909 Quarto.
753 3850 785 3890 α
814 3827 1004 3909 Quod
1039 3828 1092 3892 si
1126 3835 1195 3893 et
1232 3827 1375 3891 illos
1423 3834 1694 3892 excuset
1742 3824 1977 3908 inopia,
2039 3823 2386 3915 provideat
2434 3827 2578 3911 Epi-

365 3965 398 4005 «
430 3962 663 4027 scopus
687 3963 771 4008 ex
804 3962 1025 4009 mensa
1051 3960 1166 4007 sua
1207 3941 1441 4028 (capite
1466 3945 1635 4004 Inter
1663 3947 1898 4016 coetera,
1931 3941 2006 4002 dc
2030 3940 2250 4019 Officio
2287 3939 2518 4023 ordin.)
2560 3962 2574 4006 ε

365 4081 400 4120 a
434 4057 522 4123 ad
548 4058 673 4125 hoc
700 4060 875 4124 enim
919 4064 1189 4123 tenetur
1224 4057 1600 4141 Episcopus,
1635 4054 1687 4119 si
1716 4052 2054 4119 commode
2084 4059 2303 4138 potest
2348 4055 2446 4141 (ut
2479 4075 2578 4122 ca-

368 4197 400 4236 «
436 4173 572 4256 pite
617 4176 683 4251 2,
738 4175 840 4251 16,
890 4191 955 4258 q.
1003 4175 1084 4255 33
1132 4173 1344 4254 capite
1393 4174 1783 4251 Praecipimus
1831 4176 1901 4233 et
1953 4170 2165 4253 capite
2211 4172 2588 4235 Ecclesiasti-

367 4310 400 4347 «
431 4307 565 4351 cum
598 4291 702 4368 12,
732 4305 796 4374 q.
840 4290 898 4372 ¹3
950 4289 1161 4370 capite
1203 4289 1478 4369 Reqenda
1516 4291 1587 4350 et
1629 4288 1750 4349 Per
1787 4292 1975 4349 totam
2019 4287 2120 4362 10,
2156 4303 2222 4370 q.
2268 4289 2327 4368 13
2371 4293 2440 4352 et
2483 4305 2589 4352 ca-

368 4426 403 4466 «
436 4406 571 4488 pite
596 4409 929 4488 Episcopus
958 4406 1173 4470 habeat
1196 4410 1579 4488 potestatem,
1622 4405 1726 4482 10,
1763 4420 1828 4487 q.
1867 4400 1959 4487 2).
1981 4426 2015 4466 u
