3146 4973
1250 392 1410 443 rans
1455 394 1685 443 raim.
2497 386 2572 451 41

348 515 532 600 fixit3
571 532 785 601 neque
813 517 898 584 ab
926 517 1067 602 ipso
1108 518 1397 603 rigorose
1434 518 1700 604 probari
1727 520 1851 588 hoc
1878 521 2146 607 praecise
2187 543 2356 591 anno
2382 524 2590 593 dictas

349 633 693 718 parochias
716 633 1062 701 exordium
1090 637 1460 720 sumpdsse.
1548 706 1555 713 ,

438 754 813 834 Respondeo,
860 769 990 817 non
1036 770 1119 819 eo
1167 771 1359 818 sensu
1403 756 1676 837 positam
1725 776 1763 823 a
1807 757 1952 823 viro
2002 757 2352 826 clar-‘naimo
2389 759 2587 826 fuisse

350 865 596 933 dictam
630 867 941 954 epocham
961 918 978 949 ‚
1014 869 1194 954 qnod
1225 870 1353 939 isto
1383 873 1654 955 praecise
1688 892 1858 940 anno
1885 874 2138 941 institui
2167 875 2490 960 parochioe
2519 878 2588 943 in

349 982 627 1050 urbibus
654 985 997 1070 coeperint‚
1030 984 1147 1053 sed
1170 1006 1250 1054 eo
1282 984 1626 1055 dumtaxat
1652 1008 1845 1056 sensu
1869 989 2052 1075 quod
2080 998 2273 1056 antea
2296 989 2588 1057 nondum

349 1100 681 1165 institutas
707 1108 987 1168 constet.
1016 1101 1341 1171 Coeterum
1363 1122 1774 1190 nequaquam
1800 1105 2076 1172 affirmat
2099 1106 2320 1172 statim
2340 1105 2587 1192 ubique

350 1214 476 1281 sub
500 1215 758 1282 initium
785 1216 1114 1285 undecimi
1137 1221 1355 1286 saeculi
1387 1228 1689 1307 exortas3
1722 1220 1842 1288 sed
1869 1222 2083 1307 aliqua
2112 1240 2196 1287 ex
2217 1229 2376 1289 tunc
2407 1241 2592 1307 repe-

352 1330 468 1395 riri
514 1332 582 1395 in
626 1333 1064 1399 monumentis
1109 1333 1507 1401 urbanarum
1565 1336 2020 1420 parochiarum
2072 1336 2356 1421 rudera3
2409 1336 2592 1403 unde

351 1448 664 1530 paulatim
695 1456 915 1514 tractu
941 1451 1254 1536 temporis
1282 1458 1715 1537 propagatum
1739 1453 2108 1519 institutum
2131 1500 2150 1531 ,
2183 1458 2254 1518 et
2281 1451 2550 1519 inditam
2565 1499 2584 1531 ‚

349 1578 494 1646 quae
536 1560 662 1645 ipsi
695 1563 959 1647 propria
988 1583 1163 1629 nunc
1190 1572 1388 1649 atque
1433 1566 1791 1632 essentialis
1819 1573 1955 1644 est,
2000 1566 2297 1634 formam.
2333 1569 2435 1634 De
2462 1585 2591 1653 qua

349 1673 731 1742 urbicarum
760 1678 1193 1759 paroeciarum
1221 1683 1369 1762 post
1392 1697 1634 1745 annum
1664 1682 1834 1747 1000
1856 1680 2131 1765 origine,
2160 1678 2590 1749 disserentem

349 1790 703 1874 ipsummet
745 1793 1018 1858 Marium
1059 1795 1312 1878 Lupum
1330 1841 1348 1873 ,
1380 1812 1502 1878 pro
1546 1795 1649 1860 rei
1693 1798 2037 1880 gravitate,
2077 1797 2286 1863 visum
2330 1803 2431 1862 est
2468 1796 2591 1862 suh

349 1906 649 1990 sequenti
686 1907 1088 1992 paragrapho
1124 1907 1481 1977 adducere.

1380 2166 1411 2236 S
1460 2161 1567 2225 lv.

570 2380 903 2431 Parochiarum
932 2382 981 2431 in
1007 2381 1276 2432 civitatibus
1301 2382 1650 2446 episcopalibus
1677 2392 1783 2447 post
1811 2396 1980 2434 annum
2010 2387 2142 2437 1000
2167 2384 2378 2436 exordia.

447 2635 481 2673 (ι
517 2611 927 2678 Urbanorum
947 2611 1400 2695 parochiarum
1418 2614 1706 2698 primum
1724 2613 2054 2694 indicium,
2082 2634 2158 2682 ac
2175 2615 2382 2681 veluti
2400 2614 2597 2681 linea·

354 2751 393 2790 «
426 2735 651 2794 menta
680 2727 977 2814 quaedam
1018 2734 1089 2794 et
1117 2726 1516 2807 rudimenta,
1563 2727 1783 2796 adhuc
1811 2738 2033 2797 tamen
2062 2747 2332 2816 prorsus
2359 2729 2597 2813 imper·

353 2866 394 2905 α
429 2843 629 2922 fecta,
668 2844 735 2908 in
777 2843 942 2910 urbe
971 2852 1041 2912 et
1078 2843 1354 2910 concilio
1378 2845 1822 2912 Lemovicensi
1851 2846 2001 2912 anni
2034 2848 2201 2912 1032
2235 2843 2598 2930 deprehen-

354 2982 393 3024 (ι
431 2959 603 3027 disse
648 2960 806 3026 mihi
848 2961 1057 3027 visum
1106 2967 1231 3027 est.
1286 2963 1363 3027 In
1408 2979 1489 3028 eo
1532 2963 1744 3040 enim,
1799 2980 1991 3028 secus
2037 2979 2114 3026 ac
2157 2960 2599 3044 superioribus

360 3099 398 3139 α
434 3077 742 3157 conciliis»,
776 3076 1015 3163 quibus
1034 3075 1396 3144 identidem
1423 3076 1806 3144 confirmata
1829 3084 1899 3144 et
1920 3082 2168 3143 asserta
2189 3076 2317 3142 fuit
2336 3077 2601 3160 antiqua

359 3217 399 3256 (ι
432 3193 790 3277 disciplina,
817 3200 896 3257 ut
919 3192 1221 3271 vidimus,
1249 3192 1485 3260 eadem
1509 3201 1728 3276 coepta
1749 3200 1850 3259 est
1883 3191 2197 3270 relaxari,
2223 3199 2296 3259 et
2315 3192 2596 3276 primum

360 3330 399 3370 (ι
433 3308 503 3373 in
549 3305 875 3372 nonnullis
924 3304 1055 3371 hnc
1102 3306 1588 3390 pertinentibus
1635 3306 1720 3371 ab
1768 3307 2238 3391 antiquioribus
2291 3306 2600 3371 institutis

361 3447 399 3486 α
432 3421 769 3490 deviatum
791 3422 940 3488 fuit.
974 3423 1350 3489 Generatim
1390 3423 1632 3507 quippe
1657 3429 1845 3507 patet
1881 3420 2074 3506 hujus
2094 3421 2346 3488 concilii
2368 3421 2598 3486 Patres

361 3563 401 3603 κ
430 3538 741 3604 novitatis
781 3545 1072 3604 amantes
1114 3538 1338 3604 fuisse.
1355 3586 1371 3601 .
1454 3538 1674 3620 Longa
1721 3538 1891 3603 enim
1936 3538 2261 3621 praemissa
2306 3538 2599 3603 oratione

360 3679 399 3719 α
430 3653 716 3723 exilibus
748 3670 1014 3738 prorsus
1058 3653 1418 3720 rationibus
1445 3651 1724 3720 suadere
1761 3660 2098 3731 conantur,
2133 3672 2412 3720 canones
2455 3672 2596 3720 esse

362 3796 401 3835 α
433 3770 844 3857 temporibus
893 3778 1090 3855 atque
1140 3768 1516 3853 regionibus
1562 3767 1905 3853 aptandos.
1948 3770 2093 3851 Quo
2134 3767 2398 3855 quidem
2445 3770 2600 3834 satis

365 3912 403 3952 a
434 3895 669 3975 aperte
710 3886 1079 3964 declarant,
1130 3886 1195 3951 in
1236 3887 1313 3952 iis
1349 3904 1492 3971 quae
1540 3891 1765 3970 postea
1809 3884 2196 3964 decrevere,
2245 3886 2492 3952 nullam
2527 3905 2597 3953 se

367 4029 404 4068 α
436 4007 850 4091 antiquarum
872 4003 1403 4069 constitutionum
1430 4003 1749 4072 rationem
1775 4002 2109 4086 habuisse;
2142 4001 2339 4087 idque
2364 4021 2599 4070 revera

367 4145 405 4184 ι(
433 4129 579 4187 tum
626 4122 693 4185 in
736 4119 908 4197 aliis,
962 4127 1105 4186 tum
1143 4119 1212 4185 in
1256 4121 1335 4186 iis
1379 4138 1523 4206 quoe
1571 4117 1910 4205 subjiciam
1956 4118 2183 4205 liquet.
2230 4117 2393 4185 Cum
2443 4118 2600 4205 (ses-

366 4261 405 4299 «
437 4237 618 4304 m‘one
638 4232 703 4320 2)
721 4255 760 4300 a
776 4234 1030 4302 clericis
1053 4235 1432 4321 episcopalis
1454 4234 1652 4311 sedis,
1680 4233 1873 4314 idest,
1895 4231 2284 4301 cathedralis
2304 4233 2600 4300 Lemovi-

370 4376 405 4416 α
440 4353 649 4419 censis
692 4352 1013 4418 canonicis
1041 4350 1331 4419 delatum
1362 4351 1564 4419 fuerit
1603 4350 1691 4418 ad
1733 4351 1855 4419 hoc
1890 4352 2252 4430 concilium,
2291 4358 2600 4436 tanquam

374 4491 409 4531 a
442 4485 686 4534 novum
708 4466 955 4553 aliquid
977 4474 1046 4534 et
1068 4467 1425 4535 canonibus
1450 4468 1848 4535 contrarium
1863 4514 1878 4544 ‚
1907 4466 2087 4552 quod
2111 4466 2402 4533 solemne
2428 4465 2600 4531 cele-
