3146 4973
585 362 717 428 210
1260 379 1637 429 moruus
1682 380 1772 428 ne
1818 377 2145 428 ranocno.

580 501 787 568 altera
810 501 1046 586 nempe
1075 504 1158 566 ad
1178 510 1391 567 nutum
1416 507 1904 581 ordinariorum,
1944 503 2152 569 altera
2181 506 2265 568 ad
2300 511 2513 568 nutum
2527 507 2824 589 parocho-

580 638 716 680 rum
765 621 1218 701 principalium,
1254 617 1324 684 id
1365 626 1496 697 est,
1541 619 1998 705 capitulorum,
2036 621 2615 701 monasteriorum,
2660 623 2815 688 alio-

579 752 811 800 rumve
861 733 1251 820 hujusmodi,
1306 737 1418 821 qui
1453 754 1678 803 curam
1725 738 2085 802 animarum
2122 735 2440 803 adnexam
2467 736 2806 815 habentes„

579 850 892 915 vicarium
943 850 1029 917 ad
1081 852 1254 917 illam
1302 853 1741 920 exercendam
1789 853 2129 938 deputant,
2173 860 2241 919 et
2289 874 2439 920 eum
2480 873 2602 940 pro
2655 863 2811 922 natu

573 984 697 1031 suo
725 975 1038 1033 revocant
1068 975 1137 1033 et
1178 976 1459 1035 mutant.
1516 969 1658 1050 Qua
1720 969 2153 1053 praetermissa
2200 967 2636 1047 distinctione,
2680 988 2809 1035 non

576 1082 769 1164 pauci
823 1081 1122 1149 moderni
1178 1085 1525 1168 scriptores
1576 1085 2007 1150 vehementer
2063 1089 2400 1161 errarunt,
2459 1083 2544 1150 de
2606 1084 2808 1168 priori

574 1198 1064 1263 revocabilitate
1099 1200 1540 1265 existimantes
1567 1198 1841 1277 dictum,
1878 1196 2052 1283 quod
2083 1200 2246 1263 sacri
2276 1218 2555 1265 canones
2580 1218 2809 1266 sanxe-

569 1304 728 1378 runt
759 1310 1096 1379 dumtaxat
1136 1313 1219 1380 de
1249 1316 1598 1398 posteriori
1624 1336 1639 1399 ;
1675 1313 1743 1379 id
1771 1321 1870 1379 est
1904 1312 1989 1379 de
2015 1313 2511 1381 revocabilitate
2542 1316 2807 1381 vicario-

569 1446 716 1495 rum
772 1437 1148 1509 curatorum
1199 1448 1322 1513 per
1366 1429 1674 1513 capitula,
1724 1431 2134 1508 monasteria,
2174 1438 2333 1508 etc„
2372 1430 2804 1513 parochorum

565 1543 1017 1627 principalium
1071 1560 1412 1628 personam
1450 1546 1766 1629 gerentia.
1810 1545 1973 1609 Hinc
2010 1546 2220 1629 primo
2269 1548 2617 1630 separatim
2662 1564 2807 1631 age·

566 1676 709 1723 mus
745 1656 829 1724 de
862 1658 982 1723 hac
1018 1659 1411 1725 vicariorum
1464 1668 1841 1726 curatorum
1889 1674 2013 1743 per
2050 1660 2370 1744 parochos
2414 1659 2803 1745 principales

563 1772 1089 1858 revocabilitate3
1136 1780 1203 1840 et
1254 1773 1685 1840 concedemus
1735 1793 1876 1840 eam
1920 1792 2153 1841 revera
2204 1775 2484 1857 reperiri
2520 1794 2558 1839 a
2603 1776 2802 1841 sacris

562 1888 911 1953 canonibus
958 1897 1433 1972 oppugnatam,
1482 1897 1552 1955 et
1598 1890 1770 1955 intra
1826 1896 2043 1956 certos
2085 1890 2325 1956 limites
2376 1897 2793 1956 coarctatam.

559 2004 721 2069 Tum
760 2002 1032 2069 alteram
1067 2004 1651 2081 revocabilitatem,
1698 2009 1782 2069 ad
1829 2013 2043 2069 nutum
2090 2024 2298 2086 nempe
2346 2008 2791 2089 Epist-oporam,

559 2116 1030 2201 expendentes,
1076 2118 1538 2186 concludemus
1575 2136 1720 2186 eam
1770 2138 1891 2185 nec
1940 2121 2216 2205 antiques
2257 2118 2630 2203 disciplinas,
2675 2138 2795 2184 nec

553 2232 689 2316 J’uri
719 2236 1041 2300 communi
1068 2244 1220 2300 ante
1248 2234 1688 2301 Tridentinam
1708 2233 2033 2320 synodum
2066 2234 2333 2317 vigenti,
2369 2252 2494 2298 nec
2524 2233 2799 2300 Triden-

561 2350 708 2413 tinis
730 2350 1185 2428 sanctionibuS‚
1221 2366 1346 2415 nec
1371 2351 1565 2416 etiam
1604 2350 1891 2436 (seclusis
1918 2346 2247 2434 abusibus)
2279 2348 2565 2415 ecclesiae
2593 2348 2787 2423 bono,

557 2463 910 2533 adversari.

1605 2665 1742 2736 51.

553 2883 893 2933 Revocabilitas
919 2883 978 2931 ad
1021 2889 1205 2940 nutum,
1241 2896 1379 2945 quam
1409 2883 1702 2946 aliquatenus
1748 2889 2022 2931 aversantur
2051 2895 2273 2942 canones,
2299 2891 2345 2931 et
2380 2883 2522 2932 certis
2554 2891 2789 2932 coarctant

621 2977 868 3038 limitibus,
897 2989 989 3025 non
1010 2985 1083 3025 est
1099 2976 1425 3025 revocabilitas
1452 2989 1536 3037 per
1559 2975 1864 3037 Episcopum,
1891 2974 1973 3023 sed
1992 2975 2319 3024 revocabilitas
2340 2976 2623 3025 vicariorum
2647 2989 2785 3024 cura-

623 3079 773 3118 torum
793 3082 877 3131 per
899 3070 1129 3132 parochos
1149 3068 1450 3131 principales»,
1474 3068 1605 3117 verbi
1645 3067 1815 3130 gratia,
1840 3081 1925 3130 per
1947 3069 2152 3132 capitula
2186 3076 2265 3118 aut
2289 3070 2588 3132 monasteria,
2616 3069 2787 3132 quibus

622 3163 879 3211 animarum
914 3175 1027 3211 cura
1046 3162 1225 3213 adnexa
1253 3169 1343 3212 cst.

644 3395 699 3458 Ι.
738 3393 938 3459 Erant
964 3392 1115 3458 olim
1143 3392 1632 3478 quamplurimae
1659 3393 1975 3475 parochiae
2003 3391 2429 3468 monasteriis,
2458 3390 2775 3475 capitulis,

555 3507 1089 3593 dignitatibusve,
1146 3516 1259 3572 aut
1308 3510 1504 3573 etiam
1556 3525 1793 3572 mensae
1850 3507 2201 3592 episcopali
2247 3505 2539 3572 adnexae.
2591 3506 2664 3569 In
2711 3506 2785 3570 iis

556 3630 773 3691 autem
808 3622 1059 3688 solebat
1090 3625 1386 3687 exerceri
1411 3625 1770 3688 animarum
1814 3644 1970 3689 cura
2011 3642 2133 3707 per
2185 3623 2491 3688 vicarium
2527 3639 2541 3682 :
2586 3628 2782 3704 atque

555 3741 607 3804 is
643 3737 921 3804 vicarius
947 3756 1076 3803 non
1120 3744 1375 3803 tantum
1419 3737 1783 3823 eligebatur
1831 3747 1899 3804 et
1937 3737 2379 3822 deputabatur
2421 3757 2458 3802 a
2502 3733 2784 3821 parocho

553 3852 908 3937 principali,
939 3850 1008 3916 id
1039 3861 1161 3932 est,
1190 3873 1226 3918 a
1263 3853 1679 3933 monasterie,
1707 3855 1816 3920 vel
1845 3853 2152 3937 capitu10,
2187 3850 2305 3916 sed
2333 3858 2403 3916 et
2435 3850 2518 3915 ab
2550 3848 2782 3915 eodem

551 3988 673 4054 pro
713 3967 981 4034 arbitrio
1017 3970 1447 4036 revocabatur
1501 3976 1570 4036 et
1630 3970 2029 4035 mutabatur.
2080 3966 2412 4034 Parochiae
2481 3964 2785 4030 redditus

552 4086 764 4173 (verbi
793 4086 1020 4169 gratia,
1065 4086 1356 4166 decimae,
1389 4084 1783 4170 praediorum
1808 4086 2085 4163 fructuS‚
2124 4081 2281 4166 etc.)
2325 4079 2784 4148 retinebantur

550 4220 587 4265 a
620 4202 924 4284 capitu10,
969 4203 1471 4278 monasteriove,
1510 4207 1625 4266 aut
1662 4221 1697 4265 a
1734 4220 1953 4266 mensa
2003 4198 2387 4283 episcopali3
2430 4206 2500 4263 et
2541 4197 2785 4262 vicario

547 4316 631 4383 ad
662 4336 885 4382 curam
931 4316 1244 4401 deputato
1280 4316 1605 4383 modicum
1635 4317 1960 4396 salarium,
1998 4324 2306 4401 tanquam
2345 4314 2776 4389 mercenarie,

547 4432 960 4516 erogabatur.
997 4432 1073 4498 Id
1104 4449 1302 4517 porro
1329 4442 1635 4518 tanquam
1666 4432 1925 4497 noxium
1954 4431 2221 4497 concilia
2243 4438 2311 4496 et
2339 4429 2780 4496 Romanorum
