3146 4973
1210 357 1367 404 raas
1414 357 1699 418 onan-ra.
2431 342 2560 406 489

334 502 369 540 α
399 497 713 546 exercere
737 478 1251 564 jurisdictionem
1282 481 1348 545 in
1384 482 1720 547 territorio
1743 482 2030 566 parochi,
2068 484 2132 547 in
2175 501 2305 568 quo
2331 483 2424 548 illi
2456 482 2562 568 jus

333 618 367 654 «
406 594 658 660 nullum
684 594 949 672 habent,
993 601 1224 679 utpote
1256 599 1680 662 constrictum
1710 595 1793 662 ad
1843 598 2246 663 territorium
2273 599 2557 681 ipsorum

334 734 366 771 «
402 712 759 795 proprium,
779 709 954 794 qnod
978 712 1269 776 consistit
1292 712 1464 776 intra
1485 720 1670 796 septa
1689 720 1760 778 et
1777 712 2091 777 ambitum
2109 714 2554 778 monasterii.»

332 829 575 910 (Forum
596 825 1078 908 benefic.,parte
1120 830 1176 902 1,
1215 844 1279 910 q.
1317 825 1502 908 453.)

418 941 679 1006 Etiamsi
728 958 967 1023 corpus
1014 942 1077 1004 in
1133 940 1407 1008 ecclesia
1467 943 1869 1026 regularium
1921 939 2372 1026 sepeliendum
2426 940 2558 1026 jam

324 1059 497 1121 intn
524 1063 708 1138 septa
757 1056 1130 1121 monasterii
1174 1059 1412 1121 existat
1446 1057 1549 1143 (eo
1603 1057 1810 1140 quod,
1852 1057 2041 1123 verbi
2094 1047 2333 1141 gr'atia,
2373 1077 2561 1141 paro-

332 1170 595 1235 chianus
640 1168 726 1233 ibi
779 1188 964 1246 casu,
1017 1171 1123 1235 vel
1162 1177 1469 1255 tanquam
1517 1172 1753 1255 hospes
1799 1170 2090 1256 obierit),
2148 1172 2560 1238 nihilominus

331 1285 579 1351 debere
629 1285 981 1368 parochum
1014 1286 1100 1351 ad
1135 1282 1331 1351 funus
1363 1290 1607 1364 vocari,
1642 1287 1792 1352 vide
1832 1287 2006 1370 apud
2037 1286 2376 1353 laudatum
2398 1289 2561 1352 Leu-

331 1403 605 1479 renium‚
636 1400 779 1466 loco
799 1402 1018 1466 citato.

419 1514 549 1582 Sed
565 1524 834 1581 notetur
860 1517 1362 1600 propositionem
1380 1518 1654 1602 intelligi
1680 1517 1894 1603 quoad
1928 1519 2379 1602 parochianos:
2415 1537 2560 1583 nam

332 1634 383 1696 si
418 1640 648 1714 agatur
679 1630 763 1695 de
803 1631 1207 1715 regularibus
1235 1633 1407 1716 ipsis,
1440 1641 1628 1698 extra
1661 1634 2122 1699 monasterinm
2154 1651 2341 1698 suum
2376 1633 2561 1699 dece·

336 1747 676 1822 dentibus,
726 1767 914 1830 posse
960 1767 1105 1824 eos,
1155 1748 1529 1814 inconsultis
1564 1749 1898 1832 parochiS,
1964 1748 2048 1814 ad
2093 1749 2556 1815 monasterium

336 1863 583 1929 deferri
625 1869 692 1927 et
733 1863 821 1929 ibi
857 1865 1139 1948 sepeliri,
1178 1883 1297 1930 nec
1332 1884 1522 1948 posse
1573 1865 1643 1930 id
1696 1865 2014 1948 impedire
2071 1863 2383 1949 parochos
2437 1866 2558 1931 sub

332 1986 655 2063 praetextu
705 1978 883 2064 quod
926 1980 1108 2061 prius
1154 1980 1545 2045 solvendum
1598 1981 1681 2046 sit
1725 1981 1831 2064 jus
1876 1981 2250 2062 sepulturae,
2285 1979 2435 2045 vide
2478 1982 2559 2045 ab

332 2093 569 2160 eodem
596 2094 918 2160 Leurenio
940 2095 1312 2178 probatum,
1341 2097 1486 2161 loco
1509 2098 1729 2163 citato.

425 2211 684 2275 Dictum
722 2215 941 2275 autem
984 2210 1090 2294 jus
1132 2210 1570 2293 parochorum
1615 2211 2039 2277 interessendi
2085 2211 2448 2289 funeribuS,
2480 2233 2561 2278 ex

334 2325 411 2390 iis
469 2324 765 2390 omnibns
822 2327 1029 2391 Sacrae
1097 2327 1722 2411 congregationibus
1780 2328 2045 2394 Ritnum
2107 2326 2562 2395 declarationis

334 2440 661 2507 firmatum
708 2450 1025 2519 remanet,
1061 2462 1204 2528 quoe
1246 2451 1458 2510 certas
1494 2443 1648 2527 ipsis
1684 2442 2057 2510 functiones
2098 2444 2164 2508 in
2211 2444 2287 2508 iis
2322 2443 2562 2509 funeri-

226 2568 238 2579 ·
335 2556 457 2622 bus
510 2556 881 2622 attribuunt
902 2606 917 2634 ,
966 2566 1035 2623 et
1092 2576 1367 2643 quarum
1426 2560 1749 2626 nonnullae
1814 2560 1982 2625 infra
2043 2559 2448 2625 referuntur.
2500 2559 2562 2623 Si

335 2674 504 2738 enim
556 2679 771 2756 potest
811 2674 1131 2756 parochus
1168 2675 1231 2739 in
1277 2676 1353 2739 iis
1402 2676 1744 2740 funeribus
1795 2675 2096 2740 nonnulla
2143 2694 2480 2760 peragere,
2528 2696 2562 2739 a

335 2787 590 2854 fortiori
637 2795 853 2871 potest
902 2790 1152 2856 adesse.

1412 3014 1491 3075 ΙΙ.

340 3249 597 3305 Pau-ocae,
626 3255 882 3314 quatenus
906 3250 1083 3313 funeri
1106 3251 1493 3311 ὑποτυοηᾱοηεὲ,
1513 3262 1755 3314 mnam
1783 3249 2093 3312 [unctiones.
2118 3258 2420 3314 mamus
2437 3251 2566 3312 jura

1303 3350 1615 3407 competant.

440 3596 501 3654 1⁰
529 3591 834 3672 Quamvis
882 3593 1308 3674 parochianus
1354 3594 1423 3658 in
1470 3593 1678 3658 aliena
1721 3594 2016 3669 ecclesia,
2045 3599 2115 3657 et
2149 3593 2232 3659 ab
2270 3593 2428 3672 aliis,
2466 3612 2568 3659 se-

342 3708 605 3791 pultura
636 3706 976 3774 donandus
1016 3711 1119 3785 sit,
1155 3709 1240 3774 ad
1275 3710 1427 3793 ejus
1450 3709 1803 3793 parochum
1845 3711 2131 3793 pertinet
2171 3710 2398 3776 stolam
2452 3709 2568 3775 de-

342 3823 542 3900 ferre,
580 3841 817 3906 corpus
859 3843 896 3889 e
939 3823 1132 3891 domo
1181 3825 1428 3902 levare,
1473 3842 1639 3908 aqua
1671 3823 2018 3890 benedicta
2049 3843 2454 3909 respergere,
2501 3833 2569 3889 et

343 3938 700 4020 proecinere
734 3939 1148 4021 antiphonam
1170 3942 1529 4003 exultabunt
1553 3943 1829 4003 Domino.
1846 3974 1910 3985 --
1925 3940 2018 4003 Ex
2041 3940 2282 4018 multis,
2309 3956 2452 4025 quae
2483 3939 2569 4005 ad

341 4050 411 4119 id
442 4053 853 4136 probandum
883 4054 1125 4120 adduci
1154 4062 1439 4138 possent,
1465 4053 2032 4131 declarationibus,
2057 4065 2404 4141 sequentes
2433 4058 2574 4123 seli·

343 4170 550 4252 gimus
598 4192 612 4233 ε
667 4192 700 4230 α
746 4172 937 4235 Sacra
964 4170 1231 4237 Rituum
1279 4170 1728 4254 congregatio.
1743 4217 1759 4234 .
1775 4219 1789 4235 .
1844 4171 2115 4246 censuit,
2165 4171 2572 4255 regularibus

352 4312 379 4339 σι
418 4283 811 4370 supradictis
839 4286 1021 4353 nullo
1048 4285 1244 4354 modo
1273 4288 1494 4361 licere,
1531 4288 1727 4352 etiam
1772 4288 2064 4369 specialis
2114 4288 2382 4372 alicujus
2421 4306 2574 4353 con-

354 4420 387 4456 «
420 4396 787 4463 suetudinis
816 4405 1158 4481 praetextu,
1209 4399 1543 4480 parochias
1582 4417 1732 4463 cum
1774 4418 1969 4464 cruce
2011 4400 2574 4481 processionaliter
