3146 4973
578 379 705 441 :338
1253 394 1627 445 'raacra'rus
1675 400 1761 445 nn
1809 400 2136 447 PARocno.

573 540 732 584 mam
760 524 958 602 factes,
996 525 1371 600 surrepticioe
1405 541 1528 584 esse
1550 533 1901 588 censeantur
1930 546 1950 587 .·
1984 544 2106 589 non
2133 527 2505 590 obstantibus
2540 527 2678 590 huic
2703 530 2807 591 de-

570 645 729 700 creto
745 634 1238 719 exemptionibus,
1274 638 1553 717 indultis,
1585 642 1953 721 privileqiis‚
1978 643 2513 722 praeventionibus‚
2544 645 2809 723 affectio-

568 754 767 832 nibus,
794 757 966 815 novis
993 755 1458 833 provisionibus,
1482 755 1743 817 indultis
1772 762 2059 819 concessis
2089 758 2573 839 quibuscumque.
2608 761 2682 822 Si
2713 764 2804 821 ta-

570 888 702 930 men
730 870 878 931 adeo
899 873 1109 948 exiqui
1129 870 1404 932 redditus
1434 870 1614 932 dictoe
1643 872 2023 950 parochiales
2049 876 2305 953 fuerint,
2330 880 2398 935 ut
2424 878 2610 935 totius
2628 873 2806 954 hujus

567 989 1036 1047 examinationis
1071 1004 1308 1066 operam
1346 1004 1463 1048 non
1498 988 1738 1066 ferant,·
1774 994 1881 1049 aut
1917 1006 2087 1051 nemo
2122 993 2227 1066 sit,
2279 993 2384 1069 qui
2429 1007 2492 1049 se
2533 992 2807 1050 examini

566 1107 797 1180 quaerat
828 1103 1145 1183 subjicere,·
1177 1107 1284 1163 aut
1308 1101 1378 1162 ob
1400 1108 1644 1181 apertas
1672 1103 1966 1181 factiones
1991 1122 2094 1164 seu
2126 1105 2413 1183 dissidia,
2445 1120 2574 1182 quoe
2601 1107 2667 1164 in
2688 1100 2805 1163 ali-

565 1217 776 1296 quibus
809 1218 951 1279 locis
986 1222 1387 1298 reperiuntur,
1428 1219 1609 1297 facile
1638 1222 1947 1298 qraviores
1978 1223 2134 1280 rioeoe
2156 1236 2226 1280 ac
2254 1219 2547 1280 tumultus
2569 1223 2802 1298 possint

562 1337 854 1412 excitari,-
887 1338 1108 1414 poterit
1144 1336 1533 1411 ordinarius,
1587 1340 1644 1396 si
1673 1354 1790 1415 pro
1836 1354 1945 1396 sua
1985 1340 2345 1397 conscientia
2381 1353 2515 1396 cum
2551 1335 2803 1415 deputa-

563 1454 757 1510 torum
784 1437 1033 1510 consilio
1057 1453 1147 1510 ita
1175 1451 1457 1529 expedire
1486 1451 1913 1525 arbitrabitur,
1951 1450 2062 1511 hac
2087 1452 2284 1528 forma
2316 1453 2558 1528 omissa,
2589 1453 2802 1530 priva-

563 1572 689 1626 tum
733 1566 910 1627 aliud
945 1584 1218 1643 examen,
1257 1571 1487 1628 coeteris
1541 1572 1761 1644 tamen,
1813 1573 1883 1628 ut
1922 1586 2130 1647 supra,
2164 1572 2446 1645 servatis,
2490 1566 2793 1630 adhibere.

559 1681 782 1743 Licebit
816 1686 1000 1743 etiam
1033 1682 1257 1762 synodo
1283 1683 1676 1762 provinciali,
1722 1688 1777 1743 si
1807 1702 1926 1762 qua
1963 1687 2030 1743 in
2057 1684 2430 1763 supradictis
2468 1687 2626 1744 circa
2656 1701 2802 1743 επα-

556 1800 907 1858 minationis
940 1797 1193 1875 sormam
1241 1797 1521 1861 addenda
1565 1799 1998 1861 remittendave
2041 1818 2165 1860 esse
2206 1801 2544 1877 censuerit,
2591 1801 2801 1877 provi-

562 1914 721 1973 dere.

1608 2132 1638 2202 §
1672 2127 1754 2189 Π.

558 2365 799 2425 Quomodo
844 2372 1057 2414 sanetus,
1086 2364 1195 2412 Pius
1241 2365 1277 2411 V
1325 2372 1369 2412 et
1420 2365 1718 2413 Innocentius
1764 2365 1831 2412 xi
1883 2363 2201 2413 'tridentinam
2251 2363 2398 2425 legem
2444 2363 2593 2423 magis
2639 2361 2796 2411 deter-

1530 2459 1826 2508 initiaverint.

648 2712 742 2775 Ne
773 2712 978 2774 totam
1021 2705 1524 2771 transcribamus
1570 2706 1772 2770 sancti
1805 2705 1904 2768 Pii
1939 2705 1996 2768 V
2042 2702 2594 2779 constitutionem,
2651 2718 2794 2786 qua.-

558 2826 782 2908 incipit
813 2830 879 2886 in
915 2826 1287 2904 conserendis
1321 2821 1427 2908 (16
1460 2822 1606 2885 maii
1653 2817 1869 2903 1567),
1907 2816 2120 2904 quoad
2154 2817 2577 2883 substantiam
2603 2815 2797 2881 dum-

558 2946 742 3004 taxat
781 2939 1054 3004 sancitas
1085 2937 1149 3000 in
1181 2955 1257 3002 ea
1287 2935 1741 3019 dispositiones
1777 2933 2126 2999 referimus
2164 2956 2177 2998 :
2224 2941 2374 2999 sunt
2415 2940 2635 2999 autem
2675 2930 2794 2996 hu-

558 3053 839 3138 jusmodi
874 3075 887 3118 :

658 3173 722 3233 1⁰
768 3168 989 3235 Nullas
1032 3168 1374 3251 irritasque
1425 3164 1723 3231 decernit
1769 3177 1968 3228 omnes
2007 3172 2065 3228 et
2105 3165 2378 3245 sinqulas
2421 3165 2791 3237 collationes,

554 3291 949 3369 provisiones,
982 3290 1391 3348 institutiones
1426 3290 1485 3346 et
1514 3288 1754 3363 quasvis
1784 3283 2205 3363 dispositiones
2227 3279 2675 3361 parochialium
2710 3295 2802 3338 ec-

560 3406 901 3480 clesiarum,
942 3406 1164 3479 praeter
1184 3405 1242 3460 et
1269 3404 1475 3460 contra
1504 3400 1763 3476 sormam
1791 3397 1868 3459 ab
1906 3397 2104 3458 eoclem
2134 3395 2384 3456 concilio
2419 3395 2792 3470 Tridentino,

562 3524 897 3599 praesertim
923 3522 991 3578 in
1016 3520 1291 3578 examine
1309 3533 1421 3594 per
1438 3532 1784 3575 concursum
1807 3513 2102 3592 faciendo,
2129 3515 2570 3592 proescriptam‚
2605 3511 2801 3590 factas

562 3642 672 3698 aut
700 3639 764 3696 in
798 3635 1071 3712 flaturum
1100 3629 1410 3709 faciendas
1445 3625 1499 3711 (ᾗ
1538 3624 1628 3709 3).

652 3753 722 3813 2⁰
758 3743 1215 3811 Parochiarum
1252 3759 1394 3826 quoe
1438 3740 1755 3826 praedicto
1795 3740 1990 3807 modo
2039 3741 2312 3806 nulliter
2359 3739 2610 3804 collatae
2657 3738 2801 3803 fue·

564 3868 719 3942 rint,
763 3861 1170 3928 collationem
1200 3865 1498 3926 reservat
1520 3857 1672 3924 Sedi
1704 3857 2084 3943 Apostolicae
2121 3857 2175 3943 (3
2203 3854 2296 3940 3).

654 3984 723 4046 3⁰
774 3976 1019 4044 Eadem
1085 3977 1442 4042 reservatio
1509 3975 1914 4053 decernitur,
1977 3974 2032 4039 si
2080 3972 2390 4039 ordinarii
2452 3970 2802 4036 collatores

565 4104 732 4162 intra
768 4116 876 4159 sex
896 4101 1185 4158 mensium
1216 4100 1477 4175 spatium
1503 4113 1539 4155 a
1563 4096 1663 4157 clie
1694 4097 2029 4156 vacationis
2057 4096 2398 4156 vacantem
2427 4085 2800 4172 parochiam

564 4196 691 4279 non
718 4209 1138 4276 contulerint.

653 4330 723 4392 4⁰
744 4322 989 4391 Eadem
1020 4323 1378 4388 reservatio
1408 4323 1720 4387 statuitur
1746 4321 2008 4408 quando
2049 4319 2350 4408 parochia
2375 4327 2475 4384 est
2499 4317 2665 4405 juris
2687 4337 2798 4402 pa·

564 4447 860 4510 tronatus
891 4435 1300 4504 ecclesiastici
1324 4437 1429 4504 vel
1463 4438 1668 4514 mixti,
1715 4437 1765 4500 si
1797 4436 1968 4502 infra
1990 4447 2247 4521 tempus
2275 4434 2567 4520 patronis
2591 4454 2632 4498 a
2645 4432 2794 4517 jure
