<?xml version="1.0" encoding="UTF-8"?>
<!DOCTYPE html PUBLIC "-//W3C//DTD XHTML 1.0 Transitional//EN"
    "http://www.w3.org/TR/xhtml1/DTD/xhtml1-transitional.dtd">
<html xmlns="http://www.w3.org/1999/xhtml" xml:lang="en" lang="en">
 <head>
  <title>
</title>
<meta http-equiv="Content-Type" content="text/html;charset=utf-8" />
  <meta name='ocr-system' content='tesseract 3.04.00' />
  <meta name='ocr-capabilities' content='ocr_page ocr_carea ocr_par ocr_line ocrx_word'/>
</head>
<body>
  <div class='ocr_page' id='page_1' title='image "./tractatusdeparo00bouigoog_0040.png"; bbox 0 0 3146 4973; ppageno 0'>
   <div class='ocr_carea' id='block_1_1' title="bbox 556 320 2099 385">
    <p class='ocr_par' dir='ltr' id='par_1_1' title="bbox 556 320 2099 385">
     <span class='ocr_line' id='line_1_1' title="bbox 556 320 2099 385; baseline -0.005 -2"><span class='ocrx_word' id='word_1_1' title='bbox 556 320 642 385; x_wconf 80' lang='lat'><strong>28</strong></span> <span class='ocrx_word' id='word_1_2' title='bbox 1228 329 1610 380; x_wconf 68' lang='lat' dir='ltr'><strong>Tuae-rarus</strong></span> <span class='ocrx_word' id='word_1_3' title='bbox 1641 330 1732 379; x_wconf 72' lang='lat' dir='ltr'><strong>nr.-</strong></span> <span class='ocrx_word' id='word_1_4' title='bbox 1770 328 2099 381; x_wconf 66' lang='lat' dir='ltr'><strong>maome.</strong></span> 
     </span>
    </p>
   </div>
   <div class='ocr_carea' id='block_1_2' title="bbox 552 449 2784 885">
    <p class='ocr_par' dir='ltr' id='par_1_2' title="bbox 552 449 2784 885">
     <span class='ocr_line' id='line_1_2' title="bbox 554 449 2774 538; baseline -0.002 -17"><span class='ocrx_word' id='word_1_5' title='bbox 554 456 757 521; x_wconf 73' lang='lat' dir='ltr'><strong>Mario</strong></span> <span class='ocrx_word' id='word_1_6' title='bbox 798 453 985 538; x_wconf 85' lang='lat' dir='ltr'><strong>Lupo</strong></span> <span class='ocrx_word' id='word_1_7' title='bbox 1028 451 1321 529; x_wconf 65' lang='lat' dir='ltr'><strong>adboedt,</strong></span> <span class='ocrx_word' id='word_1_8' title='bbox 1368 450 1629 519; x_wconf 88' lang='lat' dir='ltr'><strong>duobus</strong></span> <span class='ocrx_word' id='word_1_9' title='bbox 1668 449 1860 518; x_wconf 86' lang='lat' dir='ltr'><strong>editis</strong></span> <span class='ocrx_word' id='word_1_10' title='bbox 1891 454 1993 516; x_wconf 79' lang='lat' dir='ltr'><strong>dei</strong></span> <span class='ocrx_word' id='word_1_11' title='bbox 2023 451 2283 517; x_wconf 76' lang='lat' dir='ltr'><strong>Parocki</strong></span> <span class='ocrx_word' id='word_1_12' title='bbox 2319 450 2774 529; x_wconf 76' lang='lat' dir='ltr'><strong>voluminibus,</strong></span> 
     </span>
     <span class='ocr_line' id='line_1_3' title="bbox 555 564 2774 652; baseline -0.001 -17"><span class='ocrx_word' id='word_1_13' title='bbox 555 569 736 635; x_wconf 88' lang='lat' dir='ltr'><strong>nulla</strong></span> <span class='ocrx_word' id='word_1_14' title='bbox 783 588 917 636; x_wconf 90' lang='lat' dir='ltr'><strong>non</strong></span> <span class='ocrx_word' id='word_1_15' title='bbox 970 568 1205 635; x_wconf 83' lang='lat' dir='ltr'><strong>merita</strong></span> <span class='ocrx_word' id='word_1_16' title='bbox 1266 566 1439 635; x_wconf 86' lang='lat' dir='ltr'><strong>fama</strong></span> <span class='ocrx_word' id='word_1_17' title='bbox 1491 574 1563 633; x_wconf 88' lang='lat' dir='ltr'><strong>et</strong></span> <span class='ocrx_word' id='word_1_18' title='bbox 1614 566 1753 652; x_wconf 86' lang='lat' dir='ltr'><strong>ipse</strong></span> <span class='ocrx_word' id='word_1_19' title='bbox 1810 567 2073 651; x_wconf 81' lang='lat' dir='ltr'><strong>insignis</strong></span> <span class='ocrx_word' id='word_1_20' title='bbox 2120 564 2496 634; x_wconf 84' lang='lat' dir='ltr'><strong>Ludovicus</strong></span> <span class='ocrx_word' id='word_1_21' title='bbox 2548 567 2604 631; x_wconf 84' lang='lat' dir='ltr'>N</span> <span class='ocrx_word' id='word_1_22' title='bbox 2605 565 2774 633; x_wconf 88' lang='lat' dir='ltr'><strong>ardi.</strong></span> 
     </span>
     <span class='ocr_line' id='line_1_4' title="bbox 554 680 2781 767; baseline -0.001 -17"><span class='ocrx_word' id='word_1_23' title='bbox 554 682 691 761; x_wconf 83' lang='lat' dir='ltr'><strong>His,</strong></span> <span class='ocrx_word' id='word_1_24' title='bbox 715 691 793 750; x_wconf 92' lang='lat' dir='ltr'><strong>ut</strong></span> <span class='ocrx_word' id='word_1_25' title='bbox 815 681 1116 761; x_wconf 86' lang='lat' dir='ltr'><strong>vidimus,</strong></span> <span class='ocrx_word' id='word_1_26' title='bbox 1153 680 1455 751; x_wconf 88' lang='lat' dir='ltr'><strong>moderni</strong></span> <span class='ocrx_word' id='word_1_27' title='bbox 1472 681 1886 750; x_wconf 69' lang='lat' dir='ltr'><strong>Bonandistae</strong></span> <span class='ocrx_word' id='word_1_28' title='bbox 1909 683 2104 767; x_wconf 81' lang='lat' dir='ltr'><strong>plene</strong></span> <span class='ocrx_word' id='word_1_29' title='bbox 2129 682 2564 748; x_wconf 85' lang='lat' dir='ltr'><strong>consentiunt.</strong></span> <span class='ocrx_word' id='word_1_30' title='bbox 2590 681 2781 748; x_wconf 84' lang='lat' dir='ltr'><strong>Unde</strong></span> 
     </span>
     <span class='ocr_line' id='line_1_5' title="bbox 552 797 2784 885; baseline -0 -20"><span class='ocrx_word' id='word_1_31' title='bbox 552 800 726 866; x_wconf 86' lang='lat' dir='ltr'><strong>sicut</strong></span> <span class='ocrx_word' id='word_1_32' title='bbox 750 806 942 865; x_wconf 87' lang='lat' dir='ltr'><strong>antea</strong></span> <span class='ocrx_word' id='word_1_33' title='bbox 970 816 1121 865; x_wconf 81' lang='lat' dir='ltr'><strong>cum</strong></span> <span class='ocrx_word' id='word_1_34' title='bbox 1144 798 1558 866; x_wconf 83' lang='lat' dir='ltr'><strong>Thomassino</strong></span> <span class='ocrx_word' id='word_1_35' title='bbox 1588 798 1673 864; x_wconf 87' lang='lat' dir='ltr'><strong>ab</strong></span> <span class='ocrx_word' id='word_1_36' title='bbox 1704 798 1981 865; x_wconf 86' lang='lat' dir='ltr'><strong>eruditis</strong></span> <span class='ocrx_word' id='word_1_37' title='bbox 2012 797 2100 866; x_wconf 88' lang='lat' dir='ltr'><strong>ad</strong></span> <span class='ocrx_word' id='word_1_38' title='bbox 2131 806 2436 885; x_wconf 89' lang='lat' dir='ltr'><strong>quartum</strong></span> <span class='ocrx_word' id='word_1_39' title='bbox 2475 799 2784 865; x_wconf 78' lang='lat' dir='ltr'><strong>saeculum</strong></span> 
     </span>
    </p>
   </div>
   <div class='ocr_carea' id='block_1_3' title="bbox 551 911 2783 1115">
    <p class='ocr_par' dir='ltr' id='par_1_3' title="bbox 551 911 2783 1115">
     <span class='ocr_line' id='line_1_6' title="bbox 551 911 2783 1000; baseline -0.001 -19"><span class='ocrx_word' id='word_1_40' title='bbox 551 913 1013 1000; x_wconf 86' lang='lat' dir='ltr'><strong>rejiciebantur</strong></span> <span class='ocrx_word' id='word_1_41' title='bbox 1045 913 1277 980; x_wconf 89' lang='lat' dir='ltr'><strong>urbani</strong></span> <span class='ocrx_word' id='word_1_42' title='bbox 1298 914 1588 997; x_wconf 81' lang='lat' dir='ltr'><strong>parochi,</strong></span> <span class='ocrx_word' id='word_1_43' title='bbox 1611 916 1702 982; x_wconf 86' lang='lat' dir='ltr'><strong>ita</strong></span> <span class='ocrx_word' id='word_1_44' title='bbox 1731 934 1906 983; x_wconf 89' lang='lat' dir='ltr'><strong>nunc</strong></span> <span class='ocrx_word' id='word_1_45' title='bbox 1935 934 2087 981; x_wconf 89' lang='lat' dir='ltr'><strong>cum</strong></span> <span class='ocrx_word' id='word_1_46' title='bbox 2120 916 2324 982; x_wconf 77' lang='lat' dir='ltr'><strong>Mario</strong></span> <span class='ocrx_word' id='word_1_47' title='bbox 2351 915 2535 1000; x_wconf 89' lang='lat' dir='ltr'><strong>Lupo</strong></span> <span class='ocrx_word' id='word_1_48' title='bbox 2556 932 2668 980; x_wconf 87' lang='lat' dir='ltr'><strong>eos</strong></span> <span class='ocrx_word' id='word_1_49' title='bbox 2696 911 2783 980; x_wconf 86' lang='lat' dir='ltr'><strong>ad</strong></span> 
     </span>
     <span class='ocr_line' id='line_1_7' title="bbox 554 1027 2775 1115; baseline -0.001 -19"><span class='ocrx_word' id='word_1_50' title='bbox 554 1027 969 1097; x_wconf 85' lang='lat' dir='ltr'><strong>undecimum</strong></span> <span class='ocrx_word' id='word_1_51' title='bbox 999 1047 1142 1097; x_wconf 85' lang='lat' dir='ltr'><strong>esse</strong></span> <span class='ocrx_word' id='word_1_52' title='bbox 1162 1027 1555 1115; x_wconf 82' lang='lat' dir='ltr'><strong>rejiciendos</strong></span> <span class='ocrx_word' id='word_1_53' title='bbox 1583 1029 1995 1100; x_wconf 87' lang='lat' dir='ltr'><strong>eruditorum</strong></span> <span class='ocrx_word' id='word_1_54' title='bbox 2023 1031 2350 1098; x_wconf 83' lang='lat' dir='ltr'><strong>sententia</strong></span> <span class='ocrx_word' id='word_1_55' title='bbox 2371 1029 2501 1098; x_wconf 87' lang='lat' dir='ltr'><strong>dici</strong></span> <span class='ocrx_word' id='word_1_56' title='bbox 2533 1036 2775 1115; x_wconf 87' lang='lat' dir='ltr'><strong>potest.</strong></span> 
     </span>
    </p>
   </div>
   <div class='ocr_carea' id='block_1_4' title="bbox 1580 1300 1745 1377">
    <p class='ocr_par' dir='ltr' id='par_1_4' title="bbox 1580 1300 1745 1377">
     <span class='ocr_line' id='line_1_8' title="bbox 1580 1300 1745 1377; baseline -0.006 -13"><span class='ocrx_word' id='word_1_57' title='bbox 1580 1304 1613 1377; x_wconf 73' lang='grc'>5</span> <span class='ocrx_word' id='word_1_58' title='bbox 1661 1300 1745 1364; x_wconf 87' lang='lat'><strong>11.</strong></span> 
     </span>
    </p>
   </div>
   <div class='ocr_carea' id='block_1_5' title="bbox 410 1519 2778 1589">
    <p class='ocr_par' dir='ltr' id='par_1_5' title="bbox 410 1519 2778 1589">
     <span class='ocr_line' id='line_1_9' title="bbox 410 1519 2778 1589; baseline 0.002 -21"><span class='ocrx_word' id='word_1_59' title='bbox 410 1532 414 1537; x_wconf 78' lang='grc'><strong>’</strong></span> <span class='ocrx_word' id='word_1_60' title='bbox 550 1519 651 1568; x_wconf 83' lang='lat' dir='ltr'><strong>Non</strong></span> <span class='ocrx_word' id='word_1_61' title='bbox 685 1519 923 1570; x_wconf 71' lang='lat' dir='ltr'>exstitisse</span> <span class='ocrx_word' id='word_1_62' title='bbox 962 1521 1209 1585; x_wconf 78' lang='lat' dir='ltr'><strong>parochias</strong></span> <span class='ocrx_word' id='word_1_63' title='bbox 1241 1521 1289 1572; x_wconf 89' lang='lat' dir='ltr'><strong>in</strong></span> <span class='ocrx_word' id='word_1_64' title='bbox 1322 1521 1591 1572; x_wconf 81' lang='lat' dir='ltr'><strong>civitatibus</strong></span> <span class='ocrx_word' id='word_1_65' title='bbox 1625 1521 1972 1585; x_wconf 73' lang='lat' dir='ltr'><strong>episcopalibus</strong></span> <span class='ocrx_word' id='word_1_66' title='bbox 1996 1528 2106 1589; x_wconf 77' lang='lat' dir='ltr'><strong>ante</strong></span> <span class='ocrx_word' id='word_1_67' title='bbox 2136 1534 2309 1572; x_wconf 79' lang='lat' dir='ltr'><strong>anuum</strong></span> <span class='ocrx_word' id='word_1_68' title='bbox 2347 1522 2497 1584; x_wconf 83' lang='grc'><strong>1000,</strong></span> <span class='ocrx_word' id='word_1_69' title='bbox 2539 1521 2778 1572; x_wconf 68' lang='lat' dir='ltr'><strong>nonnullis</strong></span> 
     </span>
    </p>
   </div>
   <div class='ocr_carea' id='block_1_6' title="bbox 1320 1613 1999 1678">
    <p class='ocr_par' dir='ltr' id='par_1_6' title="bbox 1320 1613 1999 1678">
     <span class='ocr_line' id='line_1_10' title="bbox 1320 1613 1999 1678; baseline 0.001 -15"><span class='ocrx_word' id='word_1_70' title='bbox 1320 1617 1611 1678; x_wconf 74' lang='lat' dir='ltr'><strong>argumentis</strong></span> <span class='ocrx_word' id='word_1_71' title='bbox 1631 1613 1999 1667; x_wconf 77' lang='lat' dir='ltr'><strong>demonstratur.</strong></span> 
     </span>
    </p>
   </div>
   <div class='ocr_carea' id='block_1_7' title="bbox 528 1840 2778 4472">
    <p class='ocr_par' dir='ltr' id='par_1_7' title="bbox 535 1840 2778 3660">
     <span class='ocr_line' id='line_1_11' title="bbox 634 1840 2778 1927; baseline 0 -19"><span class='ocrx_word' id='word_1_72' title='bbox 634 1845 1126 1908; x_wconf 68' lang='lat' dir='ltr'><strong>Proenotaudwn.</strong></span> <span class='ocrx_word' id='word_1_73' title='bbox 1178 1878 1269 1891; x_wconf 97' lang='lat'><strong>—</strong></span> <span class='ocrx_word' id='word_1_74' title='bbox 1312 1842 1524 1923; x_wconf 86' lang='lat' dir='ltr'><strong>Quam</strong></span> <span class='ocrx_word' id='word_1_75' title='bbox 1569 1842 1807 1909; x_wconf 82' lang='lat' dir='ltr'><strong>falsum</strong></span> <span class='ocrx_word' id='word_1_76' title='bbox 1857 1842 1966 1921; x_wconf 87' lang='lat' dir='ltr'><strong>sit,</strong></span> <span class='ocrx_word' id='word_1_77' title='bbox 2014 1840 2192 1927; x_wconf 89' lang='lat' dir='ltr'><strong>quod</strong></span> <span class='ocrx_word' id='word_1_78' title='bbox 2237 1840 2560 1907; x_wconf 83' lang='lat' dir='ltr'><strong>sustinere</strong></span> <span class='ocrx_word' id='word_1_79' title='bbox 2609 1842 2778 1909; x_wconf 86' lang='lat' dir='ltr'><strong>solet</strong></span> 
     </span>
     <span class='ocr_line' id='line_1_12' title="bbox 546 1957 2777 2043; baseline 0 -20"><span class='ocrx_word' id='word_1_80' title='bbox 546 1957 1059 2041; x_wconf 75' lang='lat' dir='ltr'><strong>parochiatarum</strong></span> <span class='ocrx_word' id='word_1_81' title='bbox 1090 1959 1487 2042; x_wconf 87' lang='lat' dir='ltr'><strong>scriptorum</strong></span> <span class='ocrx_word' id='word_1_82' title='bbox 1508 1966 1750 2037; x_wconf 88' lang='lat' dir='ltr'><strong>turma,</strong></span> <span class='ocrx_word' id='word_1_83' title='bbox 1790 1960 1860 2027; x_wconf 90' lang='lat' dir='ltr'><strong>in</strong></span> <span class='ocrx_word' id='word_1_84' title='bbox 1889 1958 2187 2026; x_wconf 87' lang='lat' dir='ltr'><strong>omnibus</strong></span> <span class='ocrx_word' id='word_1_85' title='bbox 2227 1976 2466 2043; x_wconf 86' lang='lat' dir='ltr'><strong>nempe</strong></span> <span class='ocrx_word' id='word_1_86' title='bbox 2506 1957 2777 2024; x_wconf 86' lang='lat' dir='ltr'><strong>civitati-</strong></span> 
     </span>
     <span class='ocr_line' id='line_1_13' title="bbox 543 2072 2774 2160; baseline -0.001 -20"><span class='ocrx_word' id='word_1_87' title='bbox 543 2074 669 2140; x_wconf 87' lang='lat' dir='ltr'><strong>bus</strong></span> <span class='ocrx_word' id='word_1_88' title='bbox 688 2072 820 2158; x_wconf 85' lang='lat' dir='ltr'><strong>jam</strong></span> <span class='ocrx_word' id='word_1_89' title='bbox 848 2073 933 2139; x_wconf 89' lang='lat' dir='ltr'><strong>ab</strong></span> <span class='ocrx_word' id='word_1_90' title='bbox 961 2074 1226 2160; x_wconf 85' lang='lat' dir='ltr'><strong>antiquo</strong></span> <span class='ocrx_word' id='word_1_91' title='bbox 1249 2074 1589 2158; x_wconf 80' lang='lat' dir='ltr'><strong>parochias</strong></span> <span class='ocrx_word' id='word_1_92' title='bbox 1613 2074 1962 2152; x_wconf 83' lang='lat' dir='ltr'><strong>institutas,</strong></span> <span class='ocrx_word' id='word_1_93' title='bbox 1991 2075 2185 2142; x_wconf 82' lang='lat' dir='ltr'><strong>facile</strong></span> <span class='ocrx_word' id='word_1_94' title='bbox 2223 2073 2545 2140; x_wconf 76' lang='lat' dir='ltr'><strong>evincitur</strong></span> <span class='ocrx_word' id='word_1_95' title='bbox 2579 2092 2662 2139; x_wconf 78' lang='lat' dir='ltr'><strong>ex</strong></span> <span class='ocrx_word' id='word_1_96' title='bbox 2689 2091 2774 2138; x_wconf 90' lang='lat' dir='ltr'><strong>eo</strong></span> 
     </span>
     <span class='ocr_line' id='line_1_14' title="bbox 541 2187 2766 2276; baseline -0.001 -21"><span class='ocrx_word' id='word_1_97' title='bbox 541 2188 723 2275; x_wconf 90' lang='lat' dir='ltr'><strong>quod</strong></span> <span class='ocrx_word' id='word_1_98' title='bbox 754 2187 1006 2255; x_wconf 88' lang='lat' dir='ltr'><strong>decimo</strong></span> <span class='ocrx_word' id='word_1_99' title='bbox 1034 2196 1222 2255; x_wconf 84' lang='lat' dir='ltr'><strong>sexto</strong></span> <span class='ocrx_word' id='word_1_100' title='bbox 1262 2191 1457 2256; x_wconf 88' lang='lat' dir='ltr'><strong>etiam</strong></span> <span class='ocrx_word' id='word_1_101' title='bbox 1498 2189 1739 2256; x_wconf 77' lang='lat' dir='ltr'><strong>saeculo</strong></span> <span class='ocrx_word' id='word_1_102' title='bbox 1781 2190 1860 2256; x_wconf 85' lang='lat' dir='ltr'><strong>iis</strong></span> <span class='ocrx_word' id='word_1_103' title='bbox 1895 2190 2098 2258; x_wconf 88' lang='lat' dir='ltr'><strong>urbes</strong></span> <span class='ocrx_word' id='word_1_104' title='bbox 2147 2190 2400 2276; x_wconf 77' lang='lat' dir='ltr'><strong>aliquot</strong></span> <span class='ocrx_word' id='word_1_105' title='bbox 2440 2195 2766 2256; x_wconf 80' lang='lat' dir='ltr'><strong>carerent.</strong></span> 
     </span>
     <span class='ocr_line' id='line_1_15' title="bbox 540 2299 2772 2387; baseline -0.001 -19"><span class='ocrx_word' id='word_1_106' title='bbox 540 2301 736 2384; x_wconf 82' lang='lat' dir='ltr'><strong>Quod</strong></span> <span class='ocrx_word' id='word_1_107' title='bbox 779 2302 868 2367; x_wconf 89' lang='lat' dir='ltr'><strong>sic</strong></span> <span class='ocrx_word' id='word_1_108' title='bbox 920 2301 1189 2367; x_wconf 87' lang='lat' dir='ltr'><strong>adnotat</strong></span> <span class='ocrx_word' id='word_1_109' title='bbox 1242 2303 1483 2368; x_wconf 78' lang='lat' dir='ltr'><strong>Marius</strong></span> <span class='ocrx_word' id='word_1_110' title='bbox 1530 2303 1699 2387; x_wconf 90' lang='lat' dir='ltr'><strong>Lupi</strong></span> <span class='ocrx_word' id='word_1_111' title='bbox 1752 2323 1768 2368; x_wconf 91' lang='lat'>:</span> <span class='ocrx_word' id='word_1_112' title='bbox 1837 2324 1871 2365; x_wconf 73' lang='grc' dir='ltr'><strong>α</strong></span> <span class='ocrx_word' id='word_1_113' title='bbox 1913 2302 2270 2368; x_wconf 78' lang='lat' dir='ltr'><strong>Concilium</strong></span> <span class='ocrx_word' id='word_1_114' title='bbox 2320 2299 2772 2369; x_wconf 84' lang='lat' dir='ltr'><strong>Tridentinum</strong></span> 
     </span>
     <span class='ocr_line' id='line_1_16' title="bbox 545 2413 2773 2503; baseline 0 -26"><span class='ocrx_word' id='word_1_115' title='bbox 545 2438 581 2477; x_wconf 74' lang='lat' dir='ltr'><strong>a</strong></span> <span class='ocrx_word' id='word_1_116' title='bbox 616 2417 797 2503; x_wconf 76' lang='lat' dir='ltr'><strong>(sess,</strong></span> <span class='ocrx_word' id='word_1_117' title='bbox 847 2417 956 2495; x_wconf 82' lang='lat'><strong>24,</strong></span> <span class='ocrx_word' id='word_1_118' title='bbox 994 2415 1215 2481; x_wconf 85' lang='lat' dir='ltr'><strong>habita</strong></span> <span class='ocrx_word' id='word_1_119' title='bbox 1241 2433 1412 2480; x_wconf 89' lang='lat' dir='ltr'><strong>anno</strong></span> <span class='ocrx_word' id='word_1_120' title='bbox 1450 2418 1641 2495; x_wconf 83' lang='lat'><strong>1563,</strong></span> <span class='ocrx_word' id='word_1_121' title='bbox 1691 2434 1837 2501; x_wconf 88' lang='lat' dir='ltr'><strong>cap.</strong></span> <span class='ocrx_word' id='word_1_122' title='bbox 1891 2419 1966 2483; x_wconf 86' lang='lat'><strong>13</strong></span> <span class='ocrx_word' id='word_1_123' title='bbox 2022 2419 2099 2481; x_wconf 80' lang='lat' dir='ltr'><strong>de</strong></span> <span class='ocrx_word' id='word_1_124' title='bbox 2127 2413 2289 2501; x_wconf 76' lang='lat' dir='ltr'><strong>Res.)</strong></span> <span class='ocrx_word' id='word_1_125' title='bbox 2321 2414 2598 2481; x_wconf 83' lang='lat' dir='ltr'><strong>sancivit</strong></span> <span class='ocrx_word' id='word_1_126' title='bbox 2636 2435 2652 2479; x_wconf 90' lang='lat'><strong>:</strong></span> <span class='ocrx_word' id='word_1_127' title='bbox 2691 2418 2773 2479; x_wconf 80' lang='lat' dir='ltr'><strong>Ut</strong></span> 
     </span>
     <span class='ocr_line' id='line_1_17' title="bbox 546 2533 2771 2616; baseline 0 -21"><span class='ocrx_word' id='word_1_128' title='bbox 546 2559 577 2593; x_wconf 72' lang='grc' dir='ltr'><strong>ιι</strong></span> <span class='ocrx_word' id='word_1_129' title='bbox 613 2538 894 2616; x_wconf 72' lang='lat' dir='ltr'><strong>Episcopi</strong></span> <span class='ocrx_word' id='word_1_130' title='bbox 928 2539 999 2597; x_wconf 74' lang='lat' dir='ltr'><strong>in</strong></span> <span class='ocrx_word' id='word_1_131' title='bbox 1034 2538 1115 2597; x_wconf 80' lang='lat' dir='ltr'><strong>iis</strong></span> <span class='ocrx_word' id='word_1_132' title='bbox 1153 2535 1504 2598; x_wconf 72' lang='lat' dir='ltr'><strong>civitatibus</strong></span> <span class='ocrx_word' id='word_1_133' title='bbox 1538 2542 1600 2600; x_wconf 75' lang='lat' dir='ltr'><strong>et</strong></span> <span class='ocrx_word' id='word_1_134' title='bbox 1633 2536 1803 2613; x_wconf 75' lang='lat' dir='ltr'><strong>loeis,</strong></span> <span class='ocrx_word' id='word_1_135' title='bbox 1849 2536 1955 2597; x_wconf 76' lang='lat' dir='ltr'><strong>ubi</strong></span> <span class='ocrx_word' id='word_1_136' title='bbox 1995 2535 2182 2598; x_wconf 66' lang='grc' dir='ltr'><strong><em>παίζω</em></strong></span> <span class='ocrx_word' id='word_1_137' title='bbox 2221 2539 2361 2597; x_wconf 74' lang='lat' dir='ltr'><strong>sunt</strong></span> <span class='ocrx_word' id='word_1_138' title='bbox 2392 2533 2771 2614; x_wconf 71' lang='lat' dir='ltr'><strong>parochiales</strong></span> 
     </span>
     <span class='ocr_line' id='line_1_18' title="bbox 544 2646 2767 2732; baseline 0.002 -23"><span class='ocrx_word' id='word_1_139' title='bbox 544 2671 578 2709; x_wconf 72' lang='grc' dir='ltr'><strong>α</strong></span> <span class='ocrx_word' id='word_1_140' title='bbox 609 2652 887 2730; x_wconf 76' lang='lat' dir='ltr'><strong>eeclesioe,</strong></span> <span class='ocrx_word' id='word_1_141' title='bbox 922 2654 1365 2731; x_wconf 74' lang='lat' dir='ltr'><strong>quamprimum</strong></span> <span class='ocrx_word' id='word_1_142' title='bbox 1413 2650 1555 2727; x_wconf 79' lang='lat' dir='ltr'><strong>fieri</strong></span> <span class='ocrx_word' id='word_1_143' title='bbox 1590 2656 1823 2716; x_wconf 70' lang='lat' dir='ltr'><strong>curent.</strong></span> <span class='ocrx_word' id='word_1_144' title='bbox 1859 2649 2030 2732; x_wconf 79' lang='lat' dir='ltr'><strong>Ergo</strong></span> <span class='ocrx_word' id='word_1_145' title='bbox 2076 2647 2310 2716; x_wconf 86' lang='lat' dir='ltr'><strong>eodem</strong></span> <span class='ocrx_word' id='word_1_146' title='bbox 2354 2666 2525 2713; x_wconf 82' lang='lat' dir='ltr'><strong>anno</strong></span> <span class='ocrx_word' id='word_1_147' title='bbox 2566 2646 2767 2714; x_wconf 87' lang='lat' dir='ltr'><strong>urbes</strong></span> 
     </span>
     <span class='ocr_line' id='line_1_19' title="bbox 545 2762 2768 2850; baseline 0.002 -25"><span class='ocrx_word' id='word_1_148' title='bbox 545 2787 579 2826; x_wconf 77' lang='grc' dir='ltr'>α</span> <span class='ocrx_word' id='word_1_149' title='bbox 614 2763 957 2831; x_wconf 83' lang='lat' dir='ltr'><strong>exstabant</strong></span> <span class='ocrx_word' id='word_1_150' title='bbox 983 2765 1054 2828; x_wconf 91' lang='lat' dir='ltr'><strong>in</strong></span> <span class='ocrx_word' id='word_1_151' title='bbox 1094 2763 1334 2850; x_wconf 88' lang='lat' dir='ltr'><strong>quibus</strong></span> <span class='ocrx_word' id='word_1_152' title='bbox 1356 2763 1535 2830; x_wconf 82' lang='lat' dir='ltr'><strong>nulla</strong></span> <span class='ocrx_word' id='word_1_153' title='bbox 1562 2769 1708 2830; x_wconf 88' lang='lat' dir='ltr'><strong>erat</strong></span> <span class='ocrx_word' id='word_1_154' title='bbox 1746 2762 2070 2846; x_wconf 86' lang='lat' dir='ltr'><strong>parochia.</strong></span> <span class='ocrx_word' id='word_1_155' title='bbox 2103 2763 2191 2829; x_wconf 85' lang='lat' dir='ltr'><strong>At</strong></span> <span class='ocrx_word' id='word_1_156' title='bbox 2210 2782 2294 2830; x_wconf 87' lang='lat' dir='ltr'><strong>ue</strong></span> <span class='ocrx_word' id='word_1_157' title='bbox 2314 2769 2477 2829; x_wconf 89' lang='lat' dir='ltr'><strong>tunc</strong></span> <span class='ocrx_word' id='word_1_158' title='bbox 2504 2762 2768 2849; x_wconf 88' lang='lat' dir='ltr'><strong>quidem</strong></span> 
     </span>
     <span class='ocr_line' id='line_1_20' title="bbox 542 2877 2769 2965; baseline 0 -23"><span class='ocrx_word' id='word_1_159' title='bbox 542 2903 575 2942; x_wconf 75' lang='grc' dir='ltr'>α</span> <span class='ocrx_word' id='word_1_160' title='bbox 610 2880 853 2965; x_wconf 87' lang='lat' dir='ltr'><strong>ubique</strong></span> <span class='ocrx_word' id='word_1_161' title='bbox 892 2878 1144 2945; x_wconf 88' lang='lat' dir='ltr'><strong>concilii</strong></span> <span class='ocrx_word' id='word_1_162' title='bbox 1186 2877 1458 2945; x_wconf 86' lang='lat' dir='ltr'><strong>decreto</strong></span> <span class='ocrx_word' id='word_1_163' title='bbox 1501 2880 2027 2964; x_wconf 84' lang='lat' dir='ltr'><strong>obtemperatum</strong></span> <span class='ocrx_word' id='word_1_164' title='bbox 2053 2879 2222 2963; x_wconf 83' lang='lat' dir='ltr'><strong>fuit3</strong></span> <span class='ocrx_word' id='word_1_165' title='bbox 2275 2887 2345 2946; x_wconf 88' lang='lat' dir='ltr'><strong>et</strong></span> <span class='ocrx_word' id='word_1_166' title='bbox 2372 2877 2587 2946; x_wconf 87' lang='lat' dir='ltr'><strong>adhuc</strong></span> <span class='ocrx_word' id='word_1_167' title='bbox 2617 2898 2769 2945; x_wconf 91' lang='lat' dir='ltr'><strong>con-</strong></span> 
     </span>
     <span class='ocr_line' id='line_1_21' title="bbox 544 2994 2758 3081; baseline 0.001 -24"><span class='ocrx_word' id='word_1_168' title='bbox 544 3023 573 3057; x_wconf 76' lang='lat'>«</span> <span class='ocrx_word' id='word_1_169' title='bbox 606 2996 907 3081; x_wconf 80' lang='lat' dir='ltr'><strong>sequenti</strong></span> <span class='ocrx_word' id='word_1_170' title='bbox 933 2995 1169 3062; x_wconf 80' lang='lat' dir='ltr'><strong>soeculo</strong></span> <span class='ocrx_word' id='word_1_171' title='bbox 1206 2996 1491 3080; x_wconf 83' lang='lat' dir='ltr'><strong>septimo</strong></span> <span class='ocrx_word' id='word_1_172' title='bbox 1519 2994 1773 3064; x_wconf 90' lang='lat' dir='ltr'><strong>decimo</strong></span> <span class='ocrx_word' id='word_1_173' title='bbox 1808 2996 2155 3073; x_wconf 78' lang='lat' dir='ltr'><strong>nonnuuae,</strong></span> <span class='ocrx_word' id='word_1_174' title='bbox 2189 2996 2416 3081; x_wconf 84' lang='lat' dir='ltr'><strong>utique</strong></span> <span class='ocrx_word' id='word_1_175' title='bbox 2451 2997 2518 3062; x_wconf 88' lang='lat' dir='ltr'><strong>in</strong></span> <span class='ocrx_word' id='word_1_176' title='bbox 2549 2995 2758 3071; x_wconf 88' lang='lat' dir='ltr'><strong>Italia,</strong></span> 
     </span>
     <span class='ocr_line' id='line_1_22' title="bbox 540 3107 2765 3193; baseline 0.003 -23"><span class='ocrx_word' id='word_1_177' title='bbox 540 3131 576 3170; x_wconf 87' lang='lat'>«</span> <span class='ocrx_word' id='word_1_178' title='bbox 608 3113 796 3178; x_wconf 81' lang='lat' dir='ltr'><strong>erant</strong></span> <span class='ocrx_word' id='word_1_179' title='bbox 826 3107 1280 3192; x_wconf 72' lang='lat' dir='ltr'><strong>antiquissimus</strong></span> <span class='ocrx_word' id='word_1_180' title='bbox 1316 3108 1515 3174; x_wconf 88' lang='lat' dir='ltr'><strong>etiam</strong></span> <span class='ocrx_word' id='word_1_181' title='bbox 1544 3107 1928 3193; x_wconf 78' lang='lat' dir='ltr'><strong>frequentes</strong></span> <span class='ocrx_word' id='word_1_182' title='bbox 1961 3126 2341 3193; x_wconf 74' lang='lat' dir='ltr'><strong>magumque</strong></span> <span class='ocrx_word' id='word_1_183' title='bbox 2363 3108 2765 3192; x_wconf 78' lang='lat' dir='ltr'><strong>episcopales</strong></span> 
     </span>
     <span class='ocr_line' id='line_1_23' title="bbox 538 3223 2758 3310; baseline 0.001 -25"><span class='ocrx_word' id='word_1_184' title='bbox 538 3247 574 3286; x_wconf 86' lang='lat'>«</span> <span class='ocrx_word' id='word_1_185' title='bbox 603 3224 924 3304; x_wconf 79' lang='lat' dir='ltr'><strong>civitates,</strong></span> <span class='ocrx_word' id='word_1_186' title='bbox 955 3242 1099 3308; x_wconf 80' lang='lat' dir='ltr'><strong>quae</strong></span> <span class='ocrx_word' id='word_1_187' title='bbox 1130 3223 1450 3306; x_wconf 85' lang='lat' dir='ltr'><strong>parochiis</strong></span> <span class='ocrx_word' id='word_1_188' title='bbox 1472 3242 1741 3310; x_wconf 87' lang='lat' dir='ltr'><strong>prorsus</strong></span> <span class='ocrx_word' id='word_1_189' title='bbox 1769 3223 2102 3291; x_wconf 86' lang='lat' dir='ltr'><strong>carebant.</strong></span> <span class='ocrx_word' id='word_1_190' title='bbox 2135 3224 2613 3309; x_wconf 85' lang='lat' dir='ltr'><strong>Ineptissimum</strong></span> <span class='ocrx_word' id='word_1_191' title='bbox 2644 3242 2758 3289; x_wconf 88' lang='lat' dir='ltr'><strong>au-</strong></span> 
     </span>
     <span class='ocr_line' id='line_1_24' title="bbox 535 3338 2758 3425; baseline 0.002 -24"><span class='ocrx_word' id='word_1_192' title='bbox 535 3362 571 3401; x_wconf 81' lang='lat'>«</span> <span class='ocrx_word' id='word_1_193' title='bbox 604 3347 743 3406; x_wconf 88' lang='lat' dir='ltr'><strong>tem</strong></span> <span class='ocrx_word' id='word_1_194' title='bbox 766 3345 943 3406; x_wconf 83' lang='lat' dir='ltr'><strong>esset</strong></span> <span class='ocrx_word' id='word_1_195' title='bbox 969 3345 1040 3406; x_wconf 90' lang='lat' dir='ltr'><strong>et</strong></span> <span class='ocrx_word' id='word_1_196' title='bbox 1064 3338 1524 3417; x_wconf 82' lang='lat' dir='ltr'><strong>deridendum,</strong></span> <span class='ocrx_word' id='word_1_197' title='bbox 1553 3359 1847 3408; x_wconf 76' lang='lat' dir='ltr'><strong>asserere</strong></span> <span class='ocrx_word' id='word_1_198' title='bbox 1877 3339 2203 3425; x_wconf 76' lang='lat' dir='ltr'><strong>prioribus</strong></span> <span class='ocrx_word' id='word_1_199' title='bbox 2223 3339 2525 3408; x_wconf 76' lang='lat' dir='ltr'><strong>Ecclesiae</strong></span> <span class='ocrx_word' id='word_1_200' title='bbox 2554 3358 2758 3407; x_wconf 80' lang='lat' dir='ltr'><strong>saecu-</strong></span> 
     </span>
     <span class='ocr_line' id='line_1_25' title="bbox 538 3454 2761 3542; baseline 0.004 -26"><span class='ocrx_word' id='word_1_201' title='bbox 538 3479 574 3516; x_wconf 87' lang='lat'>«</span> <span class='ocrx_word' id='word_1_202' title='bbox 605 3457 684 3522; x_wconf 85' lang='lat' dir='ltr'><strong>lis</strong></span> <span class='ocrx_word' id='word_1_203' title='bbox 700 3457 770 3522; x_wconf 91' lang='lat' dir='ltr'><strong>in</strong></span> <span class='ocrx_word' id='word_1_204' title='bbox 788 3454 1019 3523; x_wconf 83' lang='lat' dir='ltr'><strong>iisdem</strong></span> <span class='ocrx_word' id='word_1_205' title='bbox 1040 3456 1377 3540; x_wconf 80' lang='lat' dir='ltr'><strong>parochias</strong></span> <span class='ocrx_word' id='word_1_206' title='bbox 1398 3457 1745 3535; x_wconf 82' lang='lat' dir='ltr'><strong>exstitisse,</strong></span> <span class='ocrx_word' id='word_1_207' title='bbox 1767 3463 1836 3524; x_wconf 90' lang='lat' dir='ltr'><strong>et</strong></span> <span class='ocrx_word' id='word_1_208' title='bbox 1862 3456 2278 3542; x_wconf 89' lang='lat' dir='ltr'><strong>postmodum</strong></span> <span class='ocrx_word' id='word_1_209' title='bbox 2297 3457 2494 3525; x_wconf 85' lang='lat' dir='ltr'><strong>fuisse</strong></span> <span class='ocrx_word' id='word_1_210' title='bbox 2525 3458 2761 3525; x_wconf 81' lang='lat' dir='ltr'><strong>exstin-</strong></span> 
     </span>
     <span class='ocr_line' id='line_1_26' title="bbox 538 3572 2746 3660; baseline 0.003 -28"><span class='ocrx_word' id='word_1_211' title='bbox 538 3595 573 3636; x_wconf 88' lang='lat'>«</span> <span class='ocrx_word' id='word_1_212' title='bbox 604 3574 1254 3660; x_wconf 77' lang='lat' dir='ltr'><strong>ctas.»(DePar-oeoiis‚</strong></span> <span class='ocrx_word' id='word_1_213' title='bbox 1275 3572 1537 3641; x_wconf 81' lang='lat' dir='ltr'><strong>dissert.</strong></span> <span class='ocrx_word' id='word_1_214' title='bbox 1555 3575 1621 3651; x_wconf 80' lang='lat'><strong>2,</strong></span> <span class='ocrx_word' id='word_1_215' title='bbox 1636 3589 1780 3657; x_wconf 88' lang='lat' dir='ltr'><strong>cap.</strong></span> <span class='ocrx_word' id='word_1_216' title='bbox 1805 3577 1865 3651; x_wconf 89' lang='lat'><strong>1,</strong></span> <span class='ocrx_word' id='word_1_217' title='bbox 1880 3590 2029 3657; x_wconf 86' lang='lat' dir='ltr'><strong>pag.</strong></span> <span class='ocrx_word' id='word_1_218' title='bbox 2051 3576 2200 3652; x_wconf 84' lang='lat'><strong>136,</strong></span> <span class='ocrx_word' id='word_1_219' title='bbox 2215 3572 2375 3640; x_wconf 88' lang='lat' dir='ltr'><strong>edit.</strong></span> <span class='ocrx_word' id='word_1_220' title='bbox 2391 3572 2746 3659; x_wconf 84' lang='lat' dir='ltr'><strong>Bergomi.)</strong></span> 
     </span>
    </p>

    <p class='ocr_par' dir='ltr' id='par_1_8' title="bbox 528 3686 2761 4122">
     <span class='ocr_line' id='line_1_27' title="bbox 622 3686 2761 3771; baseline 0.001 -18"><span class='ocrx_word' id='word_1_221' title='bbox 622 3687 820 3753; x_wconf 83' lang='lat' dir='ltr'><strong>Nobis</strong></span> <span class='ocrx_word' id='word_1_222' title='bbox 851 3693 1071 3753; x_wconf 88' lang='lat' dir='ltr'><strong>autem</strong></span> <span class='ocrx_word' id='word_1_223' title='bbox 1103 3686 1208 3753; x_wconf 85' lang='lat' dir='ltr'><strong>hic</strong></span> <span class='ocrx_word' id='word_1_224' title='bbox 1232 3687 1637 3771; x_wconf 85' lang='lat' dir='ltr'><strong>probandum</strong></span> <span class='ocrx_word' id='word_1_225' title='bbox 1659 3687 2062 3767; x_wconf 85' lang='lat' dir='ltr'><strong>insumimus,</strong></span> <span class='ocrx_word' id='word_1_226' title='bbox 2096 3707 2226 3755; x_wconf 88' lang='lat' dir='ltr'><strong>non</strong></span> <span class='ocrx_word' id='word_1_227' title='bbox 2258 3695 2516 3756; x_wconf 84' lang='lat' dir='ltr'><strong>tautum</strong></span> <span class='ocrx_word' id='word_1_228' title='bbox 2538 3707 2667 3753; x_wconf 89' lang='lat' dir='ltr'><strong>non</strong></span> <span class='ocrx_word' id='word_1_229' title='bbox 2692 3689 2761 3756; x_wconf 92' lang='lat' dir='ltr'><strong>in</strong></span> 
     </span>
     <span class='ocr_line' id='line_1_28' title="bbox 529 3802 2756 3890; baseline 0.001 -20"><span class='ocrx_word' id='word_1_230' title='bbox 529 3802 852 3881; x_wconf 85' lang='lat' dir='ltr'><strong>omuibus,</strong></span> <span class='ocrx_word' id='word_1_231' title='bbox 884 3802 1007 3870; x_wconf 86' lang='lat' dir='ltr'><strong>sed</strong></span> <span class='ocrx_word' id='word_1_232' title='bbox 1026 3822 1151 3869; x_wconf 87' lang='lat' dir='ltr'><strong>nec</strong></span> <span class='ocrx_word' id='word_1_233' title='bbox 1178 3804 1247 3868; x_wconf 89' lang='lat' dir='ltr'><strong>in</strong></span> <span class='ocrx_word' id='word_1_234' title='bbox 1272 3804 1420 3870; x_wconf 84' lang='lat' dir='ltr'><strong>ullis</strong></span> <span class='ocrx_word' id='word_1_235' title='bbox 1448 3803 1925 3888; x_wconf 87' lang='lat' dir='ltr'><strong>episcopalibus</strong></span> <span class='ocrx_word' id='word_1_236' title='bbox 1954 3805 2326 3872; x_wconf 78' lang='lat' dir='ltr'><strong>civitatibus</strong></span> <span class='ocrx_word' id='word_1_237' title='bbox 2365 3824 2489 3890; x_wconf 88' lang='lat' dir='ltr'><strong>per</strong></span> <span class='ocrx_word' id='word_1_238' title='bbox 2526 3803 2756 3874; x_wconf 89' lang='lat' dir='ltr'><strong>decem</strong></span> 
     </span>
     <span class='ocr_line' id='line_1_29' title="bbox 528 3918 2758 4009; baseline 0.003 -25"><span class='ocrx_word' id='word_1_239' title='bbox 528 3919 748 4004; x_wconf 84' lang='lat' dir='ltr'><strong>priora</strong></span> <span class='ocrx_word' id='word_1_240' title='bbox 764 3919 1001 3986; x_wconf 65' lang='lat' dir='ltr'><strong>saecula</strong></span> <span class='ocrx_word' id='word_1_241' title='bbox 1025 3918 1361 4003; x_wconf 83' lang='lat' dir='ltr'><strong>parochias</strong></span> <span class='ocrx_word' id='word_1_242' title='bbox 1377 3920 1731 3986; x_wconf 75' lang='lat' dir='ltr'><strong>exstitisse:</strong></span> <span class='ocrx_word' id='word_1_243' title='bbox 1758 3920 2052 4005; x_wconf 82' lang='lat' dir='ltr'><strong>exceptis</strong></span> <span class='ocrx_word' id='word_1_244' title='bbox 2069 3919 2415 3989; x_wconf 80' lang='lat' dir='ltr'><strong>dumtaxat</strong></span> <span class='ocrx_word' id='word_1_245' title='bbox 2442 3922 2520 4009; x_wconf 83' lang='lat' dir='ltr'><strong>(si</strong></span> <span class='ocrx_word' id='word_1_246' title='bbox 2539 3930 2758 3990; x_wconf 86' lang='lat' dir='ltr'><strong>tamen</strong></span> 
     </span>
     <span class='ocr_line' id='line_1_30' title="bbox 529 4034 2643 4122; baseline 0.001 -20"><span class='ocrx_word' id='word_1_247' title='bbox 529 4035 930 4121; x_wconf 79' lang='lat' dir='ltr'><strong>excipiendae</strong></span> <span class='ocrx_word' id='word_1_248' title='bbox 962 4034 1139 4120; x_wconf 85' lang='lat' dir='ltr'><strong>sint),</strong></span> <span class='ocrx_word' id='word_1_249' title='bbox 1176 4037 1380 4105; x_wconf 82' lang='lat' dir='ltr'><strong>Roma</strong></span> <span class='ocrx_word' id='word_1_250' title='bbox 1410 4042 1482 4103; x_wconf 90' lang='lat' dir='ltr'><strong>et</strong></span> <span class='ocrx_word' id='word_1_251' title='bbox 1508 4035 1921 4104; x_wconf 84' lang='lat' dir='ltr'><strong>Alexandria.</strong></span> <span class='ocrx_word' id='word_1_252' title='bbox 1962 4038 2110 4119; x_wconf 86' lang='lat' dir='ltr'><strong>Quo</strong></span> <span class='ocrx_word' id='word_1_253' title='bbox 2139 4044 2522 4122; x_wconf 86' lang='lat' dir='ltr'><strong>praenotato,</strong></span> <span class='ocrx_word' id='word_1_254' title='bbox 2559 4039 2643 4105; x_wconf 84' lang='lat' dir='ltr'><strong>sit</strong></span> 
     </span>
    </p>

    <p class='ocr_par' dir='ltr' id='par_1_9' title="bbox 528 4153 2757 4472">
     <span class='ocr_line' id='line_1_31' title="bbox 616 4153 2757 4238; baseline 0 -20"><span class='ocrx_word' id='word_1_255' title='bbox 616 4153 1087 4221; x_wconf 69' lang='lat' dir='ltr'>ARGUMERTUM</span> <span class='ocrx_word' id='word_1_256' title='bbox 1124 4154 1178 4219; x_wconf 95' lang='lat' dir='ltr'><strong>I.</strong></span> <span class='ocrx_word' id='word_1_257' title='bbox 1215 4190 1305 4201; x_wconf 90' lang='lat'>—</span> <span class='ocrx_word' id='word_1_258' title='bbox 1329 4157 1432 4217; x_wconf 75' lang='lat' dir='ltr'><strong>Ex</strong></span> <span class='ocrx_word' id='word_1_259' title='bbox 1460 4174 1525 4217; x_wconf 85' lang='lat' dir='ltr'><strong>eo</strong></span> <span class='ocrx_word' id='word_1_260' title='bbox 1553 4157 1711 4236; x_wconf 79' lang='lat' dir='ltr'><strong>quod</strong></span> <span class='ocrx_word' id='word_1_261' title='bbox 1739 4174 1861 4218; x_wconf 78' lang='lat' dir='ltr'><strong>vox</strong></span> <span class='ocrx_word' id='word_1_262' title='bbox 1883 4155 2178 4238; x_wconf 73' lang='lat' dir='ltr'><strong>parochia</strong></span> <span class='ocrx_word' id='word_1_263' title='bbox 2208 4158 2292 4220; x_wconf 84' lang='lat' dir='ltr'><strong>ad</strong></span> <span class='ocrx_word' id='word_1_264' title='bbox 2325 4158 2559 4219; x_wconf 81' lang='lat' dir='ltr'><strong>rurales</strong></span> <span class='ocrx_word' id='word_1_265' title='bbox 2582 4159 2757 4220; x_wconf 84' lang='lat' dir='ltr'><strong>dum-</strong></span> 
     </span>
     <span class='ocr_line' id='line_1_32' title="bbox 528 4270 2755 4354; baseline 0.002 -21"><span class='ocrx_word' id='word_1_266' title='bbox 528 4276 706 4333; x_wconf 75' lang='lat' dir='ltr'><strong>taxat</strong></span> <span class='ocrx_word' id='word_1_267' title='bbox 729 4271 1135 4350; x_wconf 73' lang='lat' dir='ltr'><strong>desiqnandas</strong></span> <span class='ocrx_word' id='word_1_268' title='bbox 1156 4270 1480 4350; x_wconf 76' lang='lat' dir='ltr'><strong>parochias</strong></span> <span class='ocrx_word' id='word_1_269' title='bbox 1502 4277 1797 4354; x_wconf 72' lang='lat' dir='ltr'><strong>usurpata</strong></span> <span class='ocrx_word' id='word_1_270' title='bbox 1824 4271 2621 4353; x_wconf 52' lang='lat' dir='ltr'><strong>repedatum—Prioribus</strong></span> <span class='ocrx_word' id='word_1_271' title='bbox 2644 4291 2755 4338; x_wconf 79' lang='lat' dir='ltr'><strong>sae-</strong></span> 
     </span>
     <span class='ocr_line' id='line_1_33' title="bbox 529 4383 2753 4472; baseline 0.003 -21"><span class='ocrx_word' id='word_1_272' title='bbox 529 4384 691 4451; x_wconf 85' lang='lat' dir='ltr'><strong>culis</strong></span> <span class='ocrx_word' id='word_1_273' title='bbox 714 4383 1032 4469; x_wconf 83' lang='lat' dir='ltr'><strong>parochiae</strong></span> <span class='ocrx_word' id='word_1_274' title='bbox 1063 4385 1380 4453; x_wconf 81' lang='lat' dir='ltr'><strong>vocabulo</strong></span> <span class='ocrx_word' id='word_1_275' title='bbox 1416 4394 1622 4453; x_wconf 87' lang='lat' dir='ltr'><strong>totam</strong></span> <span class='ocrx_word' id='word_1_276' title='bbox 1653 4386 2053 4472; x_wconf 78' lang='lat' dir='ltr'><strong>designatam</strong></span> <span class='ocrx_word' id='word_1_277' title='bbox 2075 4386 2272 4456; x_wconf 80' lang='lat' dir='ltr'><strong>fuisse</strong></span> <span class='ocrx_word' id='word_1_278' title='bbox 2294 4387 2628 4457; x_wconf 84' lang='lat' dir='ltr'><strong>dioecesim</strong></span> <span class='ocrx_word' id='word_1_279' title='bbox 2652 4399 2753 4458; x_wconf 89' lang='lat' dir='ltr'><strong>est</strong></span> 
     </span>
    </p>
   </div>
  </div>
 </body>
</html>
