3146 4973
1273 408 1433 459 mas
1475 408 1705 459 mum.
2462 378 2609 461 “1‘9'5

375 534 675 611 litatem,
729 532 989 618 qnando
1037 530 1499 599 ecclesia‘haec
1542 552 1691 600 eum
1740 533 2060 619 ejusmodi
2088 530 2483 618 'pluralitate
2535 540 2611 600 ab

388 654 634 732 antiqno
671 654 954 714 instincta
979 650 1122 730 suit.
1168 644 1326 729 Quae
1364 650 1690 716 restrictio
1724 648 1940 734 magni
1968 652 2282 716 momenti
2323 659 2445 729 est,
2491 671 2614 716 nec

371 748 726 831 uehfflsset
755 782 809 829 'a
861 764 1276 831 Thomassino
1325 765 1760 848 praetermitti.
1828 765 2155 830 Praeterea
2208 766 2619 848 particularis

375 879 662 964 ²alicujus
714 878 950 964 synodi
978 886 1243 958 statuta,
1291 878 1357 942 in
1406 896 1646 963 corpus
1676 878 2108 945 decretalium
2161 898 2288 946 non
2344 880 2612 959 inserta,

393 997 526 1061 vim
544 995 711 1080 juris
737 990 1095 1061 communis
1122 1010 1250 1059 non
1283 993 1552 1059 habent.

487 1110 759 1177 Petrum
808 1111 1158 1176 cantorem
1215 1109 1451 1193 allegat
1487 1108 1941 1174 Thomassinus
1979 1108 2101 1177 hoc
2138 1109 2333 1177 modo
2375 1132 2390 1176 ε
2430 1134 2463 1173 «
2500 1112 2627 1178 [m-

401 1249 435 1286 a
465 1225 704 1308 probat
744 1225 1028 1312 denique
1067 1228 1304 1292 Petrus
1344 1244 1495 1291 eum
1535 1225 1894 1310 aliquarum
1934 1225 2355 1292 ecclesiarum
2407 1247 2620 1303 usum,

400 1366 432 1401 «
468 1341 584 1406 nbi
614 1341 910 1424 pluribus
945 1340 1239 1425 parochIs
1274 1360 1403 1406 una
1436 1339 1973 1406 committebatur
2016 1340 2309 1419 ecclesia,
2352 1343 2627 1408 Lutetioe

405 1479 438 1517 a
475 1455 898 1538 potissimum.
949 1460 1081 1520 Imo
1110 1457 1285 1520 hodie
1311 1458 1523 1537 plures
1546 1474 1729 1537 quam
1766 1457 1909 1535 duo,
1951 1463 2021 1518 ut
2058 1461 2125 1520 in
2152 1459 2397 1520 ecclesia
2436 1463 2634 1522 sancti

407 1595 440 1633 α
479 1574 782 1650 ueaeerici,
813 1575 1098 1637 simultis
1125 1575 1294 1636 aliis.
1325 1572 1592 1637 Devixit
1622 1572 1862 1637 Petrus
1892 1578 2042 1636 ante
2074 1588 2316 1638 annum
2361 1574 2552 1638 1200.
2596 1596 2630 1634 n

401 1686 502 1753 Ad
524 1706 719 1773 quam
735 1689 1189 1754 auctoritatem
1207 1689 1296 1753 sic
1321 1686 1618 1754 breviter
1644 1685 2037 1771 responderi
2068 1696 2285 1771 potest
2322 1711 2335 1754 :
2373 1689 2638 1755 Acriter

404 1805 600 1871 etiam
629 1803 1054 1889 reprehendit
1077 1805 1316 1870 Petrus
1336 1805 1576 1870 Cantor
1599 1803 1681 1868 ab
1706 1801 1937 1869 eodem
1974 1803 2211 1869 clerico
2234 1804 2420 1888 plura
2449 1805 2643 1872 simul

403 1916 722 1983 beneficia
759 1906 1082 2001 obtineri3
1122 1917 1300 2002 quod
1339 1926 1558 1983 tamen
1609 1935 1739 1982 non
1778 1915 2075 2001 impedit,
2127 1918 2283 2001 quin
2322 1918 2633 2002 legitime,

403 2036 538 2101 imo
584 2041 654 2099 et
693 2033 1130 2113 laudabiliter,
1165 2044 1269 2099 ‘ex
1315 2032 1681 2099 rationabili
1731 2052 1945 2110 causa,
2000 2031 2260 2098 duobus
2306 2032 2643 2101 beneficiis

405 2150 585 2217 idem
611 2152 888 2218 clericus
925 2150 1154 2217 donari
1189 2152 1408 2235 possit.
1449 2149 1693 2232 Quidni
1720 2150 1920 2233 ipsius
1948 2150 2199 2232 pariter
2239 2158 2465 2215 contra
2496 2151 2644 2235 pln-

389 2267 732 2333 ralitatem
761 2272 1097 2333 rectorum
1125 2267 1199 2330 in
1245 2265 1479 2332 eadem
1521 2264 1827 2350 parochia
1869 2264 2366 2348 reprehensioni
2404 2264 2635 2332 eadem

408 2378 708 2448 limitatio
735 2382 1250 2466 ‘apponeretnr?
1288 2379 1696 2446 Venerabilis
1726 2380 1854 2445 viri
1891 2379 2107 2444 zelum
2135 2379 2509 2462 exagitabat
2542 2384 2645 2448 rei

409 2496 650 2563 abusus
670 2520 687 2583 ;
722 2506 801 2564 nt
841 2496 1008 2565 adeo
1051 2496 1195 2582 ejus
1236 2480 1441 2563 verba
1487 2494 1572 2560 ad
1612 2513 1754 2560 rem
1782 2495 2010 2579 ipsam,
2054 2514 2202 2560 cum
2251 2494 2488 2563 debitis
2516 2498 2646 2563 cir-

410 2616 810 2680 cumstantiis
847 2613 1223 2692 adhibitam,
1282 2632 1409 2679 non
1441 2612 1571 2677 sint
1614 2609 2054 2678 extendenda.
2104 2609 2290 2678 Adde
2320 2632 2449 2679 non
2477 2613 2643 2681 adeo

410 2721 684 2813 liquere,
736 2730 1005 2795 citatum
1043 2728 1230 2795 Petri
1270 2729 1565 2794 Cantoris
1604 2727 1826 2793 locum
1872 2739 2012 2792 esse
2053 2747 2133 2793 eo
2174 2743 2369 2793 sensu
2408 2729 2648 2796 intelli-

411 2843 725 2928 gendum,
751 2861 945 2930 quem
972 2846 1033 2910 ei
1062 2844 1259 2929 affigit
1285 2823 1755 2910 Thomassinus.
1784 2835 1937 2908 Mihi
1967 2841 2229 2926 quidem
2266 2852 2643 2911 contextum

411 2957 848 3043 perpendenti
870 2975 978 3025 res
1004 2958 1204 3025 dubia
1235 2960 1370 3024 visa
1406 2965 1529 3024 est.
1566 2955 1761 3038 Quod
1792 2962 2010 3023 tamen
2043 2958 2306 3024 lectoris
2325 2957 2643 3044 judicium

395 3077 516 3139 sit.
537 3075 643 3141 'En
667 3076 805 3158 ipsa
826 3075 1010 3140 Petri
1030 3075 1326 3140 Cantofis
1343 3073 1546 3139 verba
1569 3073 1659 3160 (in
1678 3072 1877 3156 ipsius
1900 3087 2099 3156 opere
2122 3075 2227 3138 cui
2241 3073 2473 3141 titulus
2502 3081 2640 3141 Ver-

415 3192 552 3252 bum
589 3193 1021 3267 abbreviatum,
1058 3189 1268 3272 capite
1300 3191 1408 3265 31,
1445 3187 1681 3271 pagina
1707 3187 1815 3263 90,
1852 3183 2012 3253 edit.
2054 3189 2356 3252 Montibus
2388 3191 2582 3278 1639)
2617 3217 2632 3260 :

421 3328 454 3366 c<
488 3304 774 3391 Tales(l)
797 3305 965 3371 male
997 3302 1305 3369 videntur
1328 3301 1750 3387 interpretari
1772 3322 1786 3366 :
1808 3303 2257 3383 apprehendent
2276 3313 2495 3387 septem
2512 3325 2637 3372 mu-

420 3441 456 3479 a
489 3421 662 3481 lieres
694 3424 895 3481 virum
924 3435 1112 3481 unum
1138 3417 1285 3502 (Isa.
1320 3417 1385 3492 4,
1426 3412 1510 3498 1).
1533 3412 1820 3479 Videant
1858 3433 1943 3477 ne
1976 3413 2314 3479 incurrant
2342 3413 2507 3483 illud
2532 3418 2637 3504 ju-

423 3556 457 3594 «
489 3531 779 3597 cundum
802 3531 1186 3615 figmentum
1237 3528 1668 3595 adolescentis
1704 3526 1818 3615 (2),
1870 3529 1980 3612 qni
2031 3525 2178 3594 etim
2204 3528 2316 3595 din
2348 3539 2637 3599 moratus

424 3671 460 3709 α
495 3646 723 3711 fnisset
742 3665 892 3711 cum
906 3643 1209 3710 Patribus
1232 3643 1613 3727 conscriptis
1633 3644 1700 3707 in
1717 3641 2053 3727 Capitolio,
2081 3650 2151 3709 et
2178 3644 2261 3710 ab
2284 3665 2365 3711 eo
2396 3663 2641 3732 quaere-

425 3784 460 3823 α
493 3768 595 3827 ret
613 3765 827 3826 mater
852 3759 1008 3845 quid
1039 3743 1381 3825 diffinitum
1418 3767 1614 3835 esset,
1654 3758 1880 3824 nolens
1922 3759 2221 3826 revelare
2266 3764 2626 3845 consilium,

425 3898 461 3938 α
496 3874 1167 3942 novam⁸adlnveniens
1189 3874 1542 3958 stropham,
1564 3871 1907 3957 respondit
1930 3876 2122 3939 matri
2148 3895 2316 3943 snae:
2353 3877 2634 3960 audisse,

427 4013 464 4052 α
495 3991 672 4077 qnod
703 3990 788 4058 de
831 3995 1069 4057 caetero
1095 3990 1336 4074 ’plures
1377 4009 1616 4056 uxores
1661 3996 1858 4055 erunt
1900 3989 2091 4055 unius
2140 3992 2287 4058 viri.
2338 3991 2486 4076 Quo
2529 4017 2645 4065 au-

493 4292 566 4355 (ί)
592 4292 766 4354 Nempe
793 4291 951 4341 clen'ci
979 4290 1197 4354 pluribus
1226 4288 1462 4341 benefieiis
1489 4288 1670 4351 donati,
1699 4302 1817 4353 quos
1848 4297 2070 4353 tanquam
2105 4300 2319 4343 monstra
2342 4303 2390 4345 et
2421 4294 2652 4360 bicipites

431 4383 624 4466 bellua?
650 4399 811 4435 severe
838 4385 1005 4446 carpit.

499 4478 569 4540 (α)
595 4479 656 4528 m
679 4467 843 4528 namt
871 4463 1038 4528 §taus
1065 4475 1238 4527 cantor
1265 4489 1321 4526 ex
1351 4471 1587 4525 macrobio
1618 4471 1760 4537 (nbi-0
1786 4476 1814 4524 ι
1847 4473 2173 4539 saturnalium,
2204 4479 2354 4540 eapite
2381 4482 2453 4541 a).
