3146 4973
528 380 650 444 168
1195 397 1568 446 moruus
1616 399 1704 445 m:
1746 396 2071 446 panocno.

526 547 561 586 «
596 524 802 592 anche
827 525 892 592 la
926 526 1151 611 parola
1201 529 1270 590 di
1285 524 1534 610 pastore
1559 528 1632 591 di
1658 528 1892 590 second'
1920 528 2153 603 oraim,
2183 525 2427 609 perche
2456 526 2747 625 il›pasto-

523 663 558 703 «
592 648 733 707 rato
763 660 800 707 e
829 660 982 720 uno,
1013 640 1111 706 cio
1130 659 1167 707 e
1197 637 1598 726 l'episcopato.
1628 663 1660 704 υ
1692 639 1938 728 (Nardi,
1971 646 2129 708 tom.
2157 642 2216 720 1,
2249 634 2643 728 praetafiag.
2677 648 2743 721 9,

519 754 679 821 edit.
702 756 969 823 Pezzari
1007 753 1232 840 1829.)

1405 1035 1673 1103 CAPUT
1721 1038 1866 1106 vll.

591 1303 879 1356 Panocm
923 1305 1054 1354 NON
1103 1305 1270 1356 sum·
1313 1304 1595 1355 morum
1638 1304 1926 1354 PRAELATI
1949 1334 1966 1367 ‚
2018 1304 2146 1355 NEC
2201 1304 2510 1365 amour-s,
2552 1306 2682 1355 HEC

1512 1414 1761 1470 nmium.

613 1685 677 1752 Si
719 1684 1079 1777 improprio
1127 1696 1381 1755 tantum
1424 1694 1495 1756 et
1536 1689 1719 1774 largo
1775 1707 1969 1756 sensu
2009 1688 2306 1775 parochis
2351 1689 2762 1759 tribueretur

520 1804 937 1887 praelatorum
985 1804 1309 1872 minorum
1361 1822 1479 1871 seu
1537 1804 1814 1871 secundi
1865 1804 2109 1872 ordinis
2160 1805 2601 1872 denominatio
2622 1856 2638 1885 ,
2673 1809 2757 1874 ab

528 1940 609 1985 ea
666 1917 1124 2004 redarguenda
1179 1928 1249 1986 et
1312 1919 1711 1986 confutanda
1774 1921 2274 1987 abstineremus,
2325 1921 2567 1989 Atvero
2627 1922 2761 2008 jan-

527 2037 781 2103 senistae
818 2040 887 2103 et
921 2034 1301 2122 parochistae
1351 2036 1475 2102 toti
1527 2037 1820 2113 fuerunt,
1853 2043 1929 2101 ut
1951 2040 2350 2118 proelaturam
2387 2045 2761 2104 curatorum

530 2173 614 2219 ex
641 2151 860 2220 divina
889 2152 1293 2218 institutione
1329 2150 1751 2218 adstruerent
1792 2172 1806 2217 ε
1855 2170 2000 2217 eam
2029 2153 2119 2218 ita
2150 2161 2476 2236 perpetuo
2506 2153 2576 2219 in
2608 2156 2765 2218 scri-

533 2268 663 2351 ptis
707 2268 837 2333 suis
884 2275 1247 2334 memorant
1294 2275 1492 2352 atque
1547 2267 1899 2347 extollunt,
1934 2274 2012 2333 ut
2047 2267 2241 2351 plene
2273 2275 2496 2351 pateat
2534 2288 2762 2335 eorum

534 2401 769 2466 scopus
804 2403 818 2448 :
870 2382 1098 2448 volunt
1148 2400 1382 2465 nempe
1440 2382 1758 2466 parochos
1801 2390 2105 2467 tanquam
2146 2402 2340 2449 veros
2385 2391 2455 2449 et
2504 2385 2767 2469 proprie

532 2498 742 2566 dictos
788 2499 1093 2585 praelatos
1129 2499 1309 2586 (licet
1352 2498 1624 2566 secundi
1652 2497 1922 2584 ordinis)
1954 2499 2206 2566 haberi.
2245 2499 2436 2582 Quod
2476 2520 2625 2565 cum
2656 2502 2768 2568 fal-

536 2635 679 2682 sum
716 2616 975 2684 omnino
1005 2618 1090 2682 sit
1109 2664 1128 2698 ‚
1167 2623 1238 2682 et
1263 2618 1432 2681 viam
1472 2617 1779 2700 gravibus
1807 2616 2140 2683 erroribus
2174 2615 2448 2683 subdole
2479 2623 2760 2694 sternat,

538 2731 994 2820 repellendum
1039 2741 1235 2820 atque
1284 2732 1785 2800 convellendum
1818 2733 2097 2801 omnino
2127 2741 2230 2800 est
2272 2732 2356 2799 ab
2396 2731 2773 2800 orthodoxis

541 2848 993 2934 scriptoribus,
1826 2837 1833 2844 ’

629 2963 805 3046 Quid
852 2965 954 3030 rei
1000 2965 1085 3030 sit
1125 2964 1475 3049 praelatura
1511 2964 1779 3049 proprie
1834 2962 2032 3043 dicta,
2073 2983 2157 3030 ex
2189 2963 2511 3031 communi
2548 2961 2775 3031 docto·

543 3100 692 3147 rum
719 3080 1039 3146 sententia
1067 3080 1350 3163 primum
1379 3080 1782 3165 inquiremus
1824 3101 1839 3146 ε
1872 3087 2015 3145 tum
2040 3078 2456 3147 ostendemus
2486 3097 2631 3146 eam
2656 3097 2773 3164 pa-

542 3194 755 3263 rochis
785 3195 1157 3261 nullatenus
1188 3192 1473 3260 adscribi
1518 3214 1731 3280 posse.

632 3312 686 3377 I.
726 3311 840 3377 Est
866 3310 1161 3377 doctrina
1207 3310 1568 3377 communis
1597 3311 2095 3391 canonistarum,
2129 3311 2468 3396 praelatum
2509 3311 2774 3395 proprie

546 3427 793 3494 dictum
822 3428 1008 3493 illum
1031 3425 1372 3492 dumtaxat
1404 3428 1644 3506 vocari,
1671 3427 1783 3511 qui
1806 3425 2327 3512 jurisdictionem
2352 3424 2480 3492 fori
2512 3426 2771 3492 externi

544 3541 743 3609 habet
764 3542 833 3608 in
862 3539 1186 3608 subditos.
1227 3542 1383 3607 Eam
1415 3539 1764 3610 doctorum
1795 3543 2278 3608 consensionem
2310 3540 2582 3607 adnotat
2608 3542 2764 3607 Fer-

546 3655 709 3724 raris
751 3654 838 3722 ad
883 3673 1109 3722 vocem
1148 3657 1482 3737 Praezatus‚·
1519 3663 1588 3721 et
1626 3663 1813 3722 extra
1856 3656 2364 3723 controversiam
2392 3660 2514 3721 est.
2552 3655 2771 3720 Unum

547 3779 662 3837 aut
711 3770 991 3837 alterum
1043 3792 1127 3838 ex
1174 3771 1518 3855 praecipuis
1570 3769 1951 3838 doctoribus
2000 3769 2450 3837 adducamus:
2520 3792 2553 3832 «
2587 3769 2774 3835 Solus

550 3910 584 3948 α
619 3887 975 3973 Episcopus
1022 3888 1135 3975 (ait
1176 3896 1437 3953 sanctus
1486 3885 1778 3972 Thomas)
1818 3889 2083 3973 proprie
2129 3887 2436 3974 praelatus
2471 3886 2771 3953 Ecclesiae

553 4029 586 4068 α
620 4005 864 4073 dicitur
900 4027 914 4072 ε
956 4013 1025 4072 et
1058 4004 1213 4073 ideo
1255 4007 1395 4089 ipse
1446 4007 1643 4085 solus,
1692 4007 1875 4094 quasi
1911 4025 2203 4090 sponsum
2247 4007 2511 4072 anulum
2547 4006 2773 4073 Eccle-

554 4147 585 4184 α
621 4123 728 4189 siae
776 4123 1046 4208 recipit3
1097 4130 1167 4189 et
1214 4122 1364 4190 ideo
1420 4124 1557 4208 ipse
1608 4123 1783 4190 solus
1832 4121 2035 4189 habet
2086 4130 2477 4206 potestatem
2517 4122 2773 4209 plenam

553 4262 585 4300 «
622 4239 689 4304 in
748 4236 1229 4322 dispensatione
1290 4246 1841 4305 sacramentorum
1864 4287 1880 4319 ,
1930 4236 2444 4325 jurisdictionem
2498 4240 2565 4303 in
2625 4238 2774 4305 foro

551 4379 584 4416 «
618 4353 922 4421 Ecclesiae
959 4357 1141 4441 quasi
1171 4373 1452 4441 persona
1480 4353 1784 4438 publica:
1827 4355 1935 4422 alii
1964 4363 2179 4422 autem
2218 4353 2578 4422 secundum
2597 4352 2775 4439 quod

552 4486 585 4524 a
622 4463 705 4529 ab
735 4481 815 4529 eo
854 4463 947 4529 eis
980 4462 1488 4529 committitur...
1516 4460 1646 4529 Sed
1683 4462 2059 4530 sacerdotes
2094 4462 2205 4550 qui
2233 4461 2539 4548 plebibus
2564 4460 2776 4545 praefi-
