3146 4973
1235 346 1393 396 rans
1435 347 1704 408 omn-ra.
2453 336 2568 399 531

362 489 394 530 α
433 469 540 533 vel
574 470 643 534 in
685 467 998 537 fabricem
1026 472 1336 551 ecclesiis,
1373 475 1544 541 sicut
1567 475 1825 541 fructus
1854 493 2081 542 eorum
2106 475 2221 561 qui
2249 496 2379 544 non
2424 480 2587 545 resi·

361 605 394 642 α
430 581 614 648 dent.
647 606 680 646 ³>
724 583 962 670 (Opere
986 585 1180 652 modo
1210 589 1433 667 citato,
1474 590 1623 656 loco
1652 589 1911 670 eodem,
1949 611 2016 656 n.
2062 588 2201 674 21.)

446 701 752 782 Qufls'rm
786 704 875 768 9⁸.
899 737 991 750 --
1019 707 1115 768 An
1141 708 1564 770 Tridcniinum
1588 715 1949 789 proeceptwm
1973 710 2048 771 de
2081 710 2415 772 emittenda
2439 709 2588 785 fidei

349 818 740 897 professione,
787 819 1136 900 adsit-inqut
1189 826 1376 883 etiam
1420 822 1716 903 parochos
1761 825 1845 885 cd
1906 829 2121 886 nutum
2187 825 2587 887 amovibiles?

358 967 448 980 --
486 930 1040 1014 Respondendum
1091 936 1418 1018 negative.
1447 936 1804 1002 Concilium
1836 939 2005 1002 enim
2033 937 2325 1021 loquitur
2361 936 2446 1002 de
2482 942 2593 1001 Be-

357 1048 592 1125 neficiis
620 1065 845 1112 curam
867 1049 1223 1115 animarum
1240 1049 1656 1117 habentibus.
1690 1052 1900 1117 Porro
1923 1070 2050 1117 vox
2082 1053 2189 1118 illa
2215 1055 2585 1132 beneficium,

360 1162 624 1248 quando
651 1164 788 1229 sola
811 1163 1183 1243 adhibetur,
1233 1167 1627 1250 intelligitur
1663 1165 1748 1232 de
1780 1167 2114 1234 beneficiis
2145 1170 2374 1234 stricto
2400 1188 2592 1235 sensu

359 1279 657 1361 sumptim
702 1275 771 1342 id
811 1286 933 1355 est,
968 1286 1306 1360 peaepetuis;
1347 1281 1722 1348 nullatenus
1765 1301 1927 1347 vero
1974 1280 2058 1346 de
2096 1282 2433 1349 beneficiis
2467 1305 2597 1347 ma-

358 1395 664 1457 nualibus.
702 1393 972 1457 Parochi
995 1401 1219 1459 autem
1243 1392 1330 1460 ad
1361 1403 1599 1461 nutum
1634 1396 1998 1463 amovibilis
2034 1416 2163 1462 non
2200 1397 2446 1463 habent
2472 1399 2597 1463 nisi

357 1507 752 1574 beneficium
781 1508 1116 1591 manuale3
1153 1508 1332 1575 unde
1358 1508 1445 1575 ad
1477 1529 1590 1577 eos
1638 1512 1748 1578 lex
1774 1510 2151 1578 Tridentina
2178 1512 2598 1579 extendenda

363 1643 493 1690 non
517 1631 639 1690 est.

450 1741 753 1821 Qufflsno
791 1743 1015 1806 10·.-
1033 1745 1128 1805 An
1156 1744 1324 1805 dieta
1350 1744 1640 1823 obliqatio
1658 1746 2087 1824 professionem
2112 1745 2262 1822 fidei
2281 1748 2598 1810 mittendi

369 1857 503 1918 tolli
538 1861 729 1938 possit
781 1876 893 1939 por
944 1863 1316 1921 contrariam
1369 1859 1855 1920 consuetudinem
1881 1860 1911 1920 Ρ
1958 1893 2050 1906 -—
2112 1858 2395 1939 Quaestio
2458 1858 2599 1926 haec

369 1970 775 2053 particularis
795 1969 1046 2053 pendet
1075 1970 1160 2037 ab
1191 1972 1315 2036 alia
1344 1971 1659 2054 generali,
1697 1989 1892 2055 quam
1921 1971 2357 2056 expendimus
2385 1977 2452 2038 in
2472 1982 2599 2040 tra-

362 2092 545 2150 ctatu
597 2089 672 2149 de
713 2090 1049 2166 Principiis
1086 2085 1346 2170 (pagina
1373 2085 1553 2171 369),
1593 2106 1675 2150 an
1720 2087 1967 2153 scilieet
2004 2089 2227 2154 valere
2256 2089 2598 2156 censenda

364 2201 493 2265 sint
533 2199 1037 2268 consuetudines
1086 2198 1478 2267 Tridentinis
1515 2200 1802 2267 decretis
1837 2206 2199 2269 contrariae.
2257 2206 2342 2270 Et
2378 2211 2601 2271 nostra

367 2315 692 2381 conclusio
723 2315 874 2394 fuit,
919 2335 1039 2400 pro
1062 2316 1369 2399 legitimis
1397 2336 1527 2381 non
1571 2316 1907 2383 habendas
1931 2337 2074 2384 esse
2103 2317 2423 2403 ejusmodi
2447 2340 2601 2386 con-

366 2429 769 2499 suetudines.
837 2431 1038 2517 Cujus
1094 2431 1522 2501 conclusionis
1565 2434 1732 2499 ratio
1782 2441 1884 2499 est
1925 2434 2367 2517 potissimum,
2420 2435 2598 2521 quod

366 2548 601 2614 merito
633 2549 936 2632 praesumi
963 2557 1251 2633 nequeat
1276 2548 1603 2614 Romanus
1646 2549 1952 2615 Pontifex
1979 2549 2154 2616 hisce
2188 2551 2599 2617 consuetudi-

363 2665 555 2729 nibus
606 2665 1040 2742 consentienS,
1071 2670 1306 2742 stante,
1338 2669 1408 2728 et
1453 2662 1813 2729 hodiedum
1856 2674 2327 2748 perseverante
2372 2668 2599 2734 Roma-

366 2797 596 2844 narum
643 2766 1228 2863 congregationum
1267 2780 1485 2862 praxi,
1530 2779 1739 2844 nullas
1786 2787 2161 2846 constanter
2213 2780 2588 2849 declarandi

369 2894 631 2959 easdem
685 2893 1208 2960 consuetudines.
1266 2892 1462 2975 Quod
1492 2892 1647 2959 vide
1685 2894 2023 2960 evolutum
2060 2896 2259 2961 citato
2288 2897 2436 2963 loco
2461 2904 2594 2963 tra-

367 3015 580 3074 ctatus
621 3013 696 3072 de
735 3014 1087 3089 Principiis,
1125 3009 1447 3074 Coeterum
1485 3011 1672 3071 nihili
1717 3012 2057 3090 faciendam
2091 3030 2215 3073 esse
2243 3021 2590 3078 consuetu-

367 3126 590 3191 dinem
640 3123 981 3189 omittendi
1038 3123 1504 3208 professionem
1549 3122 1728 3201 fidei,
1778 3124 2077 3207 parochis
2125 3144 2162 3189 a
2215 3125 2591 3193 Tridentino

365 3240 619 3328 synodo
647 3240 1021 3325 injunctam,
1070 3261 1154 3305 ex
1186 3240 1479 3323 professo
1511 3238 1714 3304 tradit
1764 3238 2158 3305 Benedictus
2192 3242 2360 3319 XIV,
2404 3247 2592 3307 Insti-

368 3366 597 3422 tutione
626 3360 745 3439 603
779 3357 892 3422 ubi
917 3356 1007 3421 sic
1031 3356 1229 3421 habet
1260 3356 1348 3441 (n.
1395 3353 1456 3439 7)
1497 3377 1511 3420 :
1554 3376 1588 3416 <t
1622 3356 1804 3419 Licet
1830 3353 2153 3438 ejusmodi
2182 3358 2589 3423 consuetudo

372 3498 404 3535 (ι
438 3480 734 3540 constans
758 3472 1137 3548 haberetur,
1196 3470 1377 3535 nihili
1413 3477 1632 3535 tamen
1686 3468 1985 3535 facienda
2035 3476 2228 3549 esset,
2273 3492 2424 3537 cum
2454 3475 2591 3540 Tri-

372 3615 403 3653 «
442 3590 708 3656 dentino
742 3588 1009 3653 concilio
1034 3587 1440 3671 apertissime
1481 3592 1828 3670 repugnet.
1887 3586 2194 3666 Quamvis
2243 3589 2414 3652 esim
2444 3598 2591 3673 post

372 3731 402 3769 «
445 3706 808 3781 decretum,
857 3722 987 3787 quo
1015 3700 1330 3785 professio
1372 3699 1530 3766 fidei
1571 3701 1971 3783 praecipitur,
2022 3699 2203 3765 aliud
2250 3700 2591 3770 decretum

369 3846 402 3882 «
440 3839 568 3886 non
609 3825 919 3903 sequatur
964 3817 1280 3899 abrogans
1314 3832 1740 3898 quaecumque
1771 3815 1838 3877 in
1872 3814 2269 3879 contrarium
2310 3817 2593 3900 proferri

370 3958 404 3995 α
443 3935 710 4018 possint,
745 3941 968 3999 tamen
990 3929 1060 3995 id
1088 3936 1350 3996 cautum
1382 3930 1534 3994 satis
1568 3929 1694 3992 fuit
1730 3946 1852 4009 per
1882 3928 2069 3992 Pium
2095 3929 2184 3993 IV
2212 3929 2597 3999 Pontificem

373 4074 407 4111 α
443 4052 509 4114 ἰιι
530 4070 607 4115 ea
641 4046 1104 4115 constitutione
1139 4062 1282 4129 quae
1325 4044 1548 4126 incipit
1594 4045 1953 4107 Benedictus
1992 4046 2174 4119 Deus,
2233 4051 2304 4109 et
2344 4064 2487 4129 quae
2527 4048 2597 4113 in

375 4188 409 4224 «
450 4165 579 4230 fine
608 4162 859 4227 concilii
903 4162 1070 4226 solet
1098 4157 1364 4225 excudi.
1410 4157 1530 4222 Illa
1565 4155 1833 4241 quidem
1876 4157 2149 4241 abrogat
2182 4161 2415 4238 omnia,
2454 4181 2597 4247 quae

376 4304 410 4343 α
441 4277 834 4345 Tridentinae
865 4273 1117 4361 synodo
1162 4274 1485 4341 contraria
1531 4291 1671 4338 esse
1720 4271 2106 4359 videantur3
2159 4272 2439 4360 ideoque
2481 4281 2602 4342 sin-

370 4422 410 4460 «
437 4396 590 4482 gula
618 4391 916 4479 ejusdem
935 4392 1185 4458 concilii
1213 4391 1424 4474 capita
1442 4390 1633 4455 simul
1652 4389 2094 4473 amplectitur3
2131 4398 2198 4456 et
2214 4391 2453 4457 nultius
2474 4392 2602 4459 effl-
