3146 4973
1233 411 1390 460 PARS
1429 414 1695 461 Tnu'rta.
2461 398 2588 465 339

349 526 739 611 proeflnitum
766 550 895 598 non
927 532 1041 597 fiat
1074 538 1510 617 praesentatio3
1545 544 1740 620 atque
1771 536 1929 601 item
1965 536 2017 600 si
2053 542 2220 601 intra
2247 541 2396 602 duos
2427 560 2589 604 men-

350 663 439 705 ses
469 665 505 708 a
535 643 641 710 die
673 649 1183 728 praesentationis
1212 668 1341 713 non
1379 649 1495 715 fiat
1528 652 1848 717 institutio
1875 652 1929 737 (5
1963 652 2051 729 4).

439 763 506 821 5⁰
539 759 768 840 Quoad
826 762 1162 845 parochias
1213 783 1487 849 quarum
1554 766 1809 832 collatio
1865 768 2154 849 pertinet
2213 767 2300 832 ad
2355 769 2587 837 Sedem

346 876 793 958 Apostolicam,
816 897 894 944 eo
922 877 1097 964 quod
1128 889 1365 946 vacent
1399 883 1468 947 in
1496 883 1826 948 mensibus
1856 884 2232 960 reservatiS,
2264 885 2471 950 aliave
2502 885 2587 951 de

345 1009 534 1055 causa
556 992 728 1076 (cum
751 994 944 1058 etiam
968 994 1049 1059 ab
1076 994 1436 1061 Ordinariis
1466 1005 1626 1062 tunc
1657 996 2097 1063 instituendus
2124 998 2211 1062 sit
2239 1018 2590 1066 concursus

346 1112 416 1168 et
455 1105 825 1173 faciendum
861 1109 1183 1193 examen),
1218 1111 1272 1175 si
1308 1112 1482 1177 intra
1513 1120 1774 1193 quatuor
1817 1133 2044 1176 menses
2085 1132 2123 1176 a
2167 1110 2273 1176 die
2316 1115 2590 1179 vacatio-

346 1220 443 1284 nis
467 1269 482 1297 ,
529 1220 854 1287 Ordinarii
900 1223 1056 1288 Sedi
1093 1224 1469 1307 Apostolicae
1517 1245 1650 1290 non
1697 1226 2184 1310 designaverint
2227 1226 2585 1310 digniorem

346 1335 514 1398 inter
538 1336 951 1418 approbatos,
979 1345 1361 1405 reservatur
1388 1340 1682 1406 Romano
1712 1340 2013 1406 Pontifici
2052 1341 2425 1408 omnimoda
2465 1341 2589 1407 dis·

344 1449 577 1530 positio
604 1451 659 1535 (5
689 1449 781 1533 4).

431 1566 501 1628 6⁰
538 1566 754 1631 Verba
782 1567 1163 1646 Tridentini,
1224 1576 1390 1633 intra
1440 1573 1638 1633 decem
1689 1574 1840 1647 dies,
1887 1574 1984 1633 vel
2033 1574 2208 1635 aliud
2258 1579 2484 1654 tempus
2510 1577 2586 1636 ab

344 1683 632 1762 Episcopo
672 1686 1211 1767 praescribendum,
1248 1685 1343 1749 ita
1390 1682 1825 1761 determinat,
1869 1691 1945 1750 ut
1999 1694 2282 1770 nequeat
2323 1695 2587 1771 tempus

342 1791 506 1858 illud
540 1794 715 1859 ultra
743 1797 974 1881 viginti
1008 1797 1150 1863 dies
1176 1798 1470 1882 protrahi
1512 1800 1566 1884 (5
1605 1798 1691 1882 5).

437 1921 503 1980 7⁰
537 1917 600 1981 Si
625 1918 798 1983 inter
825 1919 1218 2002 approbatos
1260 1920 1344 1984 ab
1382 1920 1932 1986 examinatoribus
1982 1922 2338 2004 Episcopus
2373 1924 2584 1989 minus

342 2028 647 2109 habilem,
685 2031 1063 2115 posthabitis
1096 2033 1300 2116 magis
1338 2033 1609 2111 idoneiS,
1647 2035 1945 2117 elegerit,
1987 2032 2288 2100 decernit
2323 2042 2584 2100 sanctus

345 2142 499 2210 Pius
528 2148 585 2210 V
612 2145 753 2210 dari
784 2148 1287 2230 appellationem
1318 2147 1405 2214 ad
1448 2149 2046 2232 Metropolitanum,
2089 2156 2202 2213 aut
2232 2148 2315 2214 ad
2345 2149 2581 2215 Sedem

343 2259 806 2344 Apostolieam;
844 2266 935 2338 et,
971 2262 1023 2324 si
1075 2261 1160 2327 de
1207 2262 1405 2346 ipsius
1435 2250 1921 2345 Meti-'cpolitani
1960 2262 2277 2328 electione
2318 2270 2571 2347 agatur,

340 2373 427 2439 ad
457 2376 835 2442 viciniorem
862 2376 1285 2442 Ordinarium
1325 2386 1630 2461 tanquam
1664 2375 1849 2441 Sedis
1882 2377 2260 2460 Apostolicae
2312 2376 2577 2461 delega-

344 2498 480 2555 tum
515 2513 530 2556 z
566 2493 922 2577 statuitque
956 2498 1032 2556 ut
1062 2500 1222 2558 tunc
1252 2489 1369 2558 fiat
1393 2512 1634 2558 novum
1668 2511 1944 2558 examen
1976 2511 2012 2556 a
2038 2491 2259 2575 judice
2292 2494 2587 2576 appella-

340 2607 534 2672 tionis
569 2615 636 2672 et
670 2606 814 2690 ejus
849 2607 1269 2691 synodalibus
1300 2608 1850 2674 examinatoribus
1880 2608 1936 2693 (ς
1969 2605 2055 2691 7).
2093 2607 2221 2701 Sed
2259 2627 2337 2674 ea
2377 2611 2583 2675 sancti

344 2722 441 2785 Pii
459 2723 515 2786 V
534 2720 866 2806 dispositio
888 2725 1206 2805 tantisper
1233 2731 1457 2807 postea
1483 2722 1822 2789 moderata
1847 2731 1971 2799 est,
1993 2729 2069 2786 ut
2098 2724 2351 2804 patebit
2378 2723 2572 2790 infla.

430 2836 749 2902 Praedicta
775 2838 1142 2921 appellatio,
1164 2857 1292 2903 non
1319 2838 1517 2903 habet
1546 2837 1851 2903 effectum
1879 2840 2353 2921 suspensivum
2389 2840 2480 2904 ita
2503 2848 2579 2904 ut

335 2952 446 3034 qui
492 2951 861 3034 parochiam
898 2960 1047 3035 post
1084 2953 1364 3036 primum
1400 2970 1680 3017 examen
1713 2952 2015 3029 obtinuit,
2050 2953 2116 3015 in
2157 2951 2299 3035 ejus
2337 2971 2580 3035 posses-

335 3066 513 3131 sione
539 3067 791 3132 turbari
812 3075 1117 3152 nequeat,
1140 3067 1349 3132 donec
1368 3066 1575 3150 judex
1598 3067 2046 3149 appellationis
2073 3068 2466 3132 sententiam
2491 3066 2576 3131 de

335 3182 582 3247 minore
602 3183 802 3264 ipsius
824 3181 1184 3247 idoneitate
1201 3181 1428 3245 tulerit
1442 3180 1496 3266 (ᾗ
1519 3179 1610 3263 8).
1633 3181 1783 3244 Hoec
1809 3199 1845 3244 a
1861 3188 2084 3245 sancto
2096 3181 2213 3246 Pio
2232 3182 2285 3244 V
2302 3187 2570 3247 statuta.

423 3296 839 3361 Innocentius
870 3314 1031 3361 vero
1063 3296 1154 3360 XI
1182 3314 1409 3360 eorum
1449 3293 1784 3360 damnavit
1820 3295 2218 3376 opinionem,
2256 3296 2367 3378 qui
2397 3303 2577 3360 tene-

331 3411 491 3476 bant
556 3431 592 3476 a
647 3411 1020 3477 Tridentina
1085 3411 1339 3497 synodo
1402 3410 1737 3495 praescribi
1802 3410 2144 3475 dumtaxat
2204 3409 2599 3493 eligendum‘

327 3527 414 3591 ab
468 3528 785 3611 Episcopo
844 3527 1106 3611 dignum
1128 3576 1144 3604 ,
1200 3547 1329 3593 non
1383 3534 1603 3592 autem
1668 3526 2068 3610 digniorem3
2123 3533 2323 3609 prout
2367 3526 2578 3592 refert

328 3640 725 3706 Benedictus
768 3644 936 3719 XIV,
996 3641 1097 3706 his
1140 3642 1357 3708 verbis
1399 3661 1413 3703 τ
1480 3665 1512 3703 «
1554 3642 1720 3723 Quia
1771 3660 1933 3706 vero
1985 3641 2346 3723 perniciosa
2398 3641 2577 3724 apud

335 3778 370 3816 α
403 3757 718 3838 plurimos
766 3759 985 3842 opinio
1027 3759 1261 3822 sensim
1326 3759 1635 3834 invaluit,
1695 3756 2050 3822 Tridentini
2111 3755 2400 3822 decretis
2443 3776 2573 3822 non

332 3894 367 3933 α
405 3874 849 3956 praescriptam
906 3893 1048 3939 esse
1116 3874 1425 3957 dignioris
1489 3873 1912 3956 electionem3
1973 3871 2089 3937 sed
2155 3875 2372 3938 caveri
2431 3881 2574 3937 tan-

336 4011 367 4048 α
404 3987 763 4067 tummodo‚
804 4009 888 4055 ue
945 3989 1225 4074 indignis
1266 3990 1555 4053 ecelesiae
1615 3989 2017 4072 parochiales
2065 3990 2567 4074 conferrentur3

333 4125 366 4165 a
400 4110 636 4168 sanctae
674 4105 1002 4169 memoriae
1043 4103 1461 4170 Innocentius
1500 4105 1611 4180 XI,
1649 4103 2093 4187 praedecessor
2133 4112 2356 4170 noster
2391 4123 2571 4171 erro·

330 4243 365 4280 «
399 4238 589 4284 neam
636 4219 1018 4299 doctrinam,
1063 4240 1099 4284 a
1148 4239 1302 4286 vera
1343 4226 1411 4285 et
1460 4221 1713 4285 sincera
1750 4226 2011 4302 patrum
2057 4226 2278 4286 mente
2314 4221 2571 4304 longius

328 4357 362 4396 α
399 4333 861 4402 deflectentem
902 4335 1253 4411 damnavit,
1311 4342 1379 4401 et
1430 4334 1695 4401 edocuit
1739 4349 1931 4419 quam
1979 4334 2275 4418 prudens
2319 4353 2396 4400 ac
2436 4333 2573 4401 dili-

327 4475 361 4512 «
397 4467 556 4530 gens
588 4469 727 4516 esse
764 4451 1007 4517 debeat
1043 4451 1379 4534 pastoralis
1415 4449 1605 4515 officii
1640 4449 2112 4534 dispensatio.»
2155 4448 2568 4540 (constitutio
