3146 4973
1182 373 1341 421 mas
1385 374 1706 422 sacuam.
2437 361 2564 424 245

330 500 540 587 qualis
570 519 648 567 ea
669 501 776 577 sit,
812 518 928 567 scu
953 498 1191 586 quibus
1214 498 1695 566 conditionibus
1717 498 2051 584 subjaceat
2074 508 2143 566 et
2165 508 2558 582 coarctetur,

330 616 543 702 palam
575 615 907 681 faciamus.
951 616 1051 681 De
1080 635 1209 701 quo
1248 614 1375 680 sint
1404 623 1754 700 sequentes
1775 617 2185 701 paragraphi.

1374 912 1512 988 §L

480 1150 825 1200 Praennittuntur
851 1151 975 1212 juris
1010 1156 1164 1198 textus
1198 1164 1223 1199 e
1257 1150 1427 1212 quibus
1460 1147 1631 1211 pendet
1664 1150 1912 1213 proposita!
1945 1150 2214 1212 quaestionis
2250 1150 2437 1204 solutio.

423 1400 567 1464 Duo
599 1398 925 1483 praecipue
968 1396 1052 1464 ad
1091 1416 1231 1464 rem
1265 1397 1546 1480 faciunt3
1585 1395 1820 1481 quibus
1860 1404 1930 1462 et
1969 1396 2177 1462 solent
2205 1400 2551 1466 canonistas

333 1533 479 1578 suas
515 1511 599 1579 de
623 1513 742 1578 hac
772 1514 1048 1579 materia
1079 1513 1527 1580 conclusiones
1561 1512 1850 1578 firmare.

429 1634 494 1694 1⁰
524 1627 776 1696 Adduci
797 1630 960 1696 solet
979 1638 1174 1715 caput
1192 1633 1288 1694 Act
1313 1633 1689 1693 audientiam
1722 1630 1810 1716 (3,
1851 1629 2026 1694 tituli
2059 1631 2145 1695 48
2179 1634 2255 1694 de
2284 1634 2567 1696 Ecclesiis

332 1750 533 1825 cedis„
567 1745 721 1811 libri
754 1748 790 1810 3
835 1743 1308 1828 decretalium).
1349 1745 1598 1809 tenoris
1633 1743 2085 1830 hujuscemodi
2129 1767 2142 1809 :
2184 1750 2280 1809 Ad
2316 1751 2568 1812 audien-

338 1870 484 1926 tiam
503 1871 770 1926 nostram
790 1867 1026 1926 noveris
1036 1867 1402 1944 pervenisse,
1433 1863 1590 1943 quod
1613 1863 1766 1923 villa
1793 1881 1922 1943 quoe
1942 1864 2170 1924 dicitur
2194 1866 2274 1925 H.
2285 1911 2305 1942 ‚
2331 1871 2565 1926 tantum

324 1980 677 2061 perhibetur
696 1981 772 2039 ab
798 1981 1042 2040 ecclesia
1067 1977 1405 2059 parochiali
1435 1979 1689 2056 distare,
1726 1983 1795 2039 ut
1830 1983 2088 2058 tempore
2115 1978 2397 2060 hyemali,
2434 2000 2566 2041 cum

327 2097 555 2176 pluvioe
584 2095 907 2171 inundant,
961 2112 1080 2155 non
1114 2097 1355 2175 possint
1377 2092 1743 2173 parochiani
1778 2096 1907 2153 sine
1950 2110 2171 2173 maqna
2210 2094 2568 2173 difficultate

333 2217 527 2293 ipsam
544 2212 719 2273 adire
742 2212 945 2273 :unde
971 2229 1090 2272 non
1107 2211 1311 2271 valent
1337 2228 1595 2289 conqruo
1628 2215 1886 2289 tempore
1911 2210 2328 2271 ecclesiasticis
2350 2210 2566 2289 officiis

329 2331 556 2392 adesse.
596 2331 756 2408 Quia
777 2333 969 2408 iqitur
999 2330 1162 2390 clieta
1189 2329 1432 2389 ecclesia
1463 2328 1693 2388 dicitur
1724 2327 2015 2388 reditibus
2044 2328 2372 2405 abundare,
2409 2331 2568 2408 quod

323 2451 551 2529 proeter
599 2446 770 2506 illius
809 2447 974 2507 villoe
1008 2450 1341 2526 proventus
1386 2447 1664 2506 minister
1702 2444 1877 2506 illius
1921 2448 2333 2507 convenienter
2368 2446 2566 2510 valeat

329 2566 824 2625 sustentationem
866 2561 1100 2639 habere,
1137 2563 1494 2623 mandamus
1536 2567 1853 2642 quatenus,
1895 2565 1951 2621 si
1994 2580 2088 2622 res
2128 2566 2216 2623 ita
2262 2582 2323 2622 se
2357 2564 2555 2643 habet,

328 2680 636 2740 ecclesiam
680 2678 766 2738 ibi
795 2677 1075 2755 (edifices,
1119 2682 1177 2739 et
1224 2682 1292 2739 in
1332 2696 1401 2738 ea
1433 2679 1821 2755 sacerdotem,
1861 2678 2097 2739 sublato
2136 2679 2564 2759 appellationis

328 2793 656 2871 obstaculo,
690 2794 774 2854 acl
797 2796 1316 2873 praesentationem
1349 2798 1600 2854 rectoris
1627 2793 1886 2855 ecclesia
1920 2797 2194 2875 majoris,
2225 2813 2356 2855 cum
2384 2813 2563 2856 cano-

329 2915 463 2972 nico
491 2911 837 2988 fundatoris
859 2928 1105 2971 assensu
1131 2914 1444 2987 instituas,
1483 2911 1567 2971 ad
1589 2913 2081 2973 sustentationem
2104 2930 2275 2973 suam
2303 2915 2563 2994 &iisdem

333 3026 499 3087 villoe
532 3026 907 3087 obventiones
938 3026 1367 3086 ecclesiasticas
1394 3031 1814 3105 percepturum
1846 3044 1866 3085 .·
1897 3028 2222 3106 providens
2264 3033 2463 3089 tamen
2492 3036 2560 3089 ut

328 3150 660 3227 competens
703 3151 769 3207 in
803 3164 872 3206 ea
909 3144 1117 3222 honor,
1154 3163 1271 3225 pro
1298 3145 1593 3221 facultate
1630 3145 1765 3220 loci,
1803 3148 2046 3206 matrici
2082 3147 2339 3207 ecclesiae
2368 3165 2563 3207 serve-

331 3269 434 3325 tur
464 3281 485 3322 .·
515 3248 673 3342 quod
700 3262 938 3342 quidem
970 3261 1111 3337 fieri
1127 3279 1304 3341 posse
1331 3261 1597 3336 videtur,
1623 3277 1755 3321 cum
1784 3262 2047 3342 ejusdem
2086 3263 2253 3323 villoe
2283 3263 2560 3324 dominus

331 3381 555 3457 viqinti
581 3396 755 3439 acras
785 3383 960 3439 terroe
984 3379 1299 3458 fruqiferoe
1321 3377 1468 3437 velit
1504 3376 1588 3437 ad
1624 3395 1766 3436 usus
1805 3377 2131 3438 sacerdotis
2169 3379 2459 3457 conferre.
2492 3383 2562 3441 Si

331 3513 472 3557 vero
491 3513 750 3575 persona
788 3499 1061 3557 matricis
1101 3495 1357 3555 ecclesiae
1393 3498 1593 3554 virum
1634 3495 1910 3555 idoneum
1939 3500 2311 3574 proesentare
2356 3497 2556 3556 distu-

329 3613 497 3689 lerit,
536 3611 630 3672 vel
646 3629 795 3692 opus
825 3611 984 3673 illud
1011 3611 1268 3673 voluerit
1304 3611 1615 3690 impedire,
1655 3615 1720 3672 tu
1749 3609 2142 3674 nihilominus
2176 3611 2370 3690 facias
2400 3612 2555 3673 idem

329 3745 478 3807 opus
504 3727 587 3788 ad
605 3728 1032 3808 perfectionem
1075 3726 1313 3802 deduci,
1353 3731 1412 3786 et
1448 3730 1648 3789 virum
1697 3727 1932 3804 bonum,
1973 3728 2400 3808 appellationis
2439 3745 2562 3789 ces-

328 3848 502 3904 sante
528 3843 808 3923 diffuin,
833 3847 1145 3907 instituere
1167 3860 1285 3904 non
1308 3846 1576 3904 omittas.

422 3957 702 4021 Notetur
720 3953 1120 4021 decretalem
1145 3955 1354 4033 istam,
1381 3973 1523 4041 quae
1543 3974 1712 4022 anno
1748 3959 1941 4036 1170,
1975 3956 2057 4022 ab
2080 3954 2450 4023 Alexandro
2469 3957 2563 4022 ΠΙ

329 4068 418 4135 ad
457 4068 928 4138 Eboracensem
958 4072 1355 4155 Episcopum
1390 4069 1640 4137 directa
1671 4076 1790 4151 est,
1822 4072 1946 4138 etsi
1980 4071 2064 4137 ad
2097 4089 2312 4138 casum
2354 4072 2563 4156 parti-

332 4190 623 4255 cularem
657 4186 998 4253 dumtaxat
1029 4188 1379 4266 referatur,
1409 4194 1716 4274 tanquam
1741 4207 2029 4254 normam
2055 4195 2274 4254 tamen
2302 4190 2559 4254 univer·

331 4305 536 4371 salem
568 4304 826 4387 corpori
856 4302 1021 4388 juris
1051 4304 1249 4372 fuisse
1279 4306 1608 4382 insertam,
1649 4311 1718 4370 et
1749 4312 1824 4370 ut
1861 4305 2059 4371 talem
2106 4305 2497 4371 unanimiter
2522 4328 2561 4372 a

335 4419 711 4487 doctoribus
747 4420 1053 4488 habitam.
1090 4422 1225 4488 Imo
1265 4429 1570 4508 tanquam
1608 4422 1716 4488 lex
1752 4422 2071 4507 generalis
2107 4440 2143 4485 a
2185 4419 2559 4488 Tridentino
