3146 4973
539 365 665 428 222
1214 376 1591 425 ‘tuac-rarus
1634 377 1724 423 ns
1767 375 2093 424 ranocuo.

538 524 571 563 α
616 500 739 580 dae,
773 507 1085 566 censetur
1111 501 1454 565 concilium
1492 516 1798 583 expresse
1829 499 2179 564 admittere
2214 497 2449 584 (capite
2491 500 2593 576 18,
2626 516 2763 564 ses-

539 644 572 681 «
606 619 803 684 sionis
842 616 951 702 24)
989 614 1082 682 ihi
1115 640 1130 682 ι
1163 616 1427 680 Etiamsi
1455 636 1602 680 eura
1639 620 1916 693 ecclesiae,
1961 619 2060 679 vel
2092 618 2386 698 Episcopo
2427 618 2763 679 incumbere

541 760 567 792 c«
607 738 874 815 dicatur,
902 742 962 796 et
979 752 1096 815 per
1120 750 1307 796 uatum
1339 736 1434 796 vel
1452 735 1666 813 plures
1688 736 2174 796 administretur.
2197 730 2287 797 Ac
2308 731 2477 796 infra
2502 735 2615 796 :In
2635 737 2763 813 qm·-

540 874 574 911 «
609 853 716 914 bus
733 853 1064 932 Episcqms
1079 854 1190 912 um·
1206 852 1303 911 vel
1325 851 1605 931 pluribus
1623 854 1929 912 consuevit
1952 867 2160 911 curam
2181 855 2523 912 animarum
2538 850 2706 911 dare.
2722 869 2757 907 ιι

620 962 905 1030 Adducit
927 971 1155 1047 postea
1175 963 1580 1046 Pignatellus
1606 963 1907 1029 dioecesis
1933 962 2327 1047 Hispalensis
2357 971 2426 1028 et
2456 963 2762 1046 Calagur-

536 1080 762 1145 ritanae
819 1077 1215 1162 exemplum,
1269 1078 1337 1142 in
1383 1077 1621 1163 quibus
1673 1078 2036 1144 animarum
2086 1097 2244 1143 cura
2280 1096 2410 1143 non
2458 1078 2583 1143 nisi
2639 1095 2761 1160 per

533 1188 912 1262 amoribiles
938 1193 1362 1279 presbyteros
1402 1195 1859 1271 exercebatur,
1898 1202 2207 1278 reputato
2234 1194 2583 1260 ordinario
2608 1201 2760 1258 tan·

531 1328 726 1398 quam
752 1312 943 1377 unico
961 1312 1026 1375 in
1050 1319 1192 1376 tota
1221 1309 1489 1376 dioecesi
1517 1311 1825 1395 parocho.
1862 1311 1945 1375 Et
1972 1309 2241 1376 tandem
2262 1310 2353 1375 sic
2378 1308 2709 1376 concludit
2740 1330 2755 1373 ε

536 1452 570 1490 α
602 1429 869 1509 Constat
901 1428 1102 1511 igitur
1141 1446 1224 1491 ex
1265 1426 1566 1493 adductis
1601 1430 1783 1495 nullo
1829 1428 2026 1495 modo
2066 1446 2462 1512 repugnare,
2510 1432 2759 1492 attenta

537 1568 571 1606 α
604 1540 967 1610 Tridentini
988 1543 1433 1627 dispositione,
1478 1545 1821 1628 quominus
1857 1546 2214 1610 animarum
2248 1562 2407 1609 cura
2433 1562 2556 1629 per
2574 1559 2761 1609 cura-

536 1666 705 1725 «.tos
740 1666 855 1724 aut
884 1659 1158 1724 vicarios
1181 1659 1559 1725 amovibiles
1587 1670 2001 1727 exerceatur.
2031 1684 2063 1722 ι»

620 1778 894 1858 objicies.
921 1809 1014 1820 —
1048 1775 1370 1840 Evincunt
1406 1774 1671 1860 quidem
1706 1776 1845 1841 haec
1874 1777 2222 1861 Pignatelli
2252 1776 2591 1842 ratiocinia
2623 1771 2761 1839 Tri·

532 1890 819 1957 dentinis
845 1891 1286 1956 sanctionibus
1305 1909 1436 1956 non
1461 1908 1834 1976 repugnare
1863 1901 2106 1957 curatos
2125 1898 2385 1959 vicarios
2414 1890 2499 1955 ad
2526 1895 2758 1955 nutum

534 2007 974 2074 revocabiles:
1009 2026 1136 2073 non
1158 2015 1378 2073 autem
1404 2009 1673 2091 praecise
1701 2008 2006 2092 probant,
2034 2027 2166 2073 non
2194 2024 2564 2093 repugnare
2584 2024 2764 2073 amo-

534 2124 923 2190 vibilitatem
968 2123 1362 2203 parochorum
1412 2124 1679 2206 proprie
1734 2122 2082 2201 dictorum,
2137 2122 2332 2201 idest,
2380 2122 2493 2207 qni
2534 2139 2758 2186 curam

532 2244 906 2317 exerceant,
945 2254 1076 2302 non
1106 2245 1414 2321 tanquam
1452 2237 1703 2316 vicarii,
1757 2236 1876 2303 sed
1920 2216 2190 2323 proprio
2224 2237 2508 2302 nomine.
2530 2236 2763 2302 ——sse-

529 2353 822 2439 spondeo
842 2356 906 2417 1⁰
924 2374 941 2418 t
960 2372 1108 2419 cum
1127 2370 1324 2436 supra
1347 2352 1697 2435 probatum
1718 2353 1801 2418 sit
1828 2353 2259 2437 parochorum
2275 2354 2471 2418 etiam
2495 2353 2760 2436 proprie

532 2468 855 2536 dictorum
888 2467 1419 2534 amovibilitatem
1450 2486 1861 2554 nequaquam
1891 2467 2304 2553 parochiatus
2331 2469 2625 2534 essentiae
2648 2486 2761 2534 re-

529 2601 844 2668 pugnare,
878 2582 932 2646 si
964 2580 1049 2646 de
1086 2581 1260 2645 facto
1303 2596 1449 2645 eam
1483 2580 2023 2646 amovibilitatem
2053 2580 2431 2646 'tridentina
2465 2578 2761 2666 synodus

529 2697 965 2783 prohibuerit,
986 2694 1058 2763 id
1083 2695 1524 2762 asserentibus
1549 2696 1871 2762 incumbit
1899 2714 2065 2762 onus
2086 2695 2433 2780 promendi
2458 2695 2752 2772 decreta,

531 2817 595 2880 in
635 2813 870 2900 quibus
895 2812 1030 2877 haec
1065 2812 1417 2897 prohibitio
1447 2813 1881 2878 contineatur.
1921 2814 2183 2879 Interea
2221 2814 2458 2880 merito
2491 2812 2760 2897 negabi-

533 2939 663 2997 tur.
713 2933 920 2997 Porro
963 2928 1213 2993 nullum
1258 2925 1582 3013 ejusmodi
1627 2935 1881 2994 textum
1928 2928 2166 2996 afferre
2208 2937 2603 3014 potuerunt,
2644 2928 2758 3013 qui

531 3046 964 3131 parochorum
1026 3043 1559 3110 amovihilitatem
1627 3043 2020 3111 Tridentium
2090 3045 2346 3130 synodo
2417 3044 2757 3110 adversam

529 3159 959 3228 contendant.
983 3157 1338 3224 Adducunt
1360 3156 1706 3226 dumtaxat
1734 3177 1934 3243 supra
1965 3159 2290 3226 discussos
2326 3181 2365 3226 a
2394 3159 2758 3244 Pignatello

531 3281 752 3345 textus
786 3300 799 3343 :
843 3291 1036 3362 quam
1068 3282 1287 3342 autem
1319 3275 1622 3352 inaniter,
1662 3273 1791 3361 jam
1828 3276 2039 3359 palam
2079 3278 2324 3344 factum
2360 3282 2486 3342 est.

621 3391 1006 3477 Respondeo
1025 3394 1116 3456 2⁰:
1142 3392 1416 3474 positive
1434 3391 1784 3473 probatum
1810 3398 1930 3470 est,
1951 3411 2033 3456 ex
2054 3390 2445 3458 Tridentinis
2465 3391 2759 3457 textibus

530 3508 941 3576 amoribilem
973 3505 1059 3571 ad
1094 3512 1325 3570 nutum
1362 3506 1669 3571 constitui
1725 3525 1915 3589 posse
1964 3508 2279 3573 vicarium
2319 3515 2616 3573 curatum
2658 3527 2757 3572 ca-

529 3623 846 3691 thedralis
875 3621 1186 3699 ecclesiae,
1207 3621 1275 3684 in
1306 3639 1433 3705 qua
1457 3623 1825 3685 habitualem
1853 3621 2197 3688 dumtaxat
2221 3641 2447 3688 curam
2477 3624 2757 3689 retineat

531 3740 911 3825 capitulum.
964 3739 1176 3803 Porro
1223 3737 1370 3802 talis
1400 3743 1687 3814 curatae,
1725 3740 1984 3805 nomine
2014 3739 2590 3805 tantum-vicarius
2619 3747 2753 3822 est;

531 3858 594 3921 in
631 3874 705 3922 re
741 3861 962 3920 autem
1006 3859 1107 3918 est
1143 3872 1340 3919 verus
1379 3853 1721 3936 parochus.
1760 3854 1995 3920 Curam
2026 3856 2201 3920 enim
2252 3862 2524 3920 exercet
2575 3853 2760 3919 indc-

529 3969 897 4058 pendenter
924 3989 962 4036 a
995 3969 1310 4054 capitulo;
1365 3967 1686 4054 siquidem
1722 3972 1952 4055 nequit
1995 3969 2353 4055 capitulum
2406 3969 2473 4034 in
2506 3989 2583 4036 ea
2615 3988 2756 4035 sese

531 4089 894 4155 immiscere
929 4108 943 4152 :
986 4092 1062 4150 ut
1101 4084 1269 4151 adeo
1319 4105 1463 4151 eam
1510 4094 1818 4153 exerceat
1864 4087 2130 4170 proprio
2178 4087 2437 4152 nomine
2463 4134 2479 4163 ,
2532 4101 2758 4150 conse-

531 4214 938 4292 quenterque
990 4219 1187 4268 verus
1216 4203 1300 4265 sit
1349 4201 1697 4284 parochus.
1747 4201 1843 4266 Ex
1898 4221 2034 4286 quo
2072 4200 2308 4267 merito
2344 4199 2758 4274 concluditur

528 4321 877 4408 approbari
903 4339 942 4384 a
977 4317 1354 4384 'tridentina
1388 4316 1667 4401 synodo,
1713 4297 1930 4402 quoad
1964 4337 2156 4386 veros
2182 4320 2381 4386 etiam
2410 4317 2749 4402 parochos,

527 4436 1083 4507 amovibffitatem.
