<?xml version="1.0" encoding="UTF-8"?>
<!DOCTYPE html PUBLIC "-//W3C//DTD XHTML 1.0 Transitional//EN"
    "http://www.w3.org/TR/xhtml1/DTD/xhtml1-transitional.dtd">
<html xmlns="http://www.w3.org/1999/xhtml" xml:lang="en" lang="en">
 <head>
  <title>
</title>
<meta http-equiv="Content-Type" content="text/html;charset=utf-8" />
  <meta name='ocr-system' content='tesseract 3.04.00' />
  <meta name='ocr-capabilities' content='ocr_page ocr_carea ocr_par ocr_line ocrx_word'/>
</head>
<body>
  <div class='ocr_page' id='page_1' title='image "./tractatusdeparo00bouigoog_0261.png"; bbox 0 0 3146 4973; ppageno 0'>
   <div class='ocr_carea' id='block_1_1' title="bbox 1283 342 2662 409">
    <p class='ocr_par' dir='ltr' id='par_1_1' title="bbox 1283 342 2662 409">
     <span class='ocr_line' id='line_1_1' title="bbox 1283 342 2662 409; baseline 0.003 -5"><span class='ocrx_word' id='word_1_1' title='bbox 1283 356 1443 405; x_wconf 71' lang='lat' dir='ltr'><strong>rans</strong></span> <span class='ocrx_word' id='word_1_2' title='bbox 1487 356 1806 405; x_wconf 70' lang='lat' dir='ltr'><strong>suem-ma.</strong></span> <span class='ocrx_word' id='word_1_3' title='bbox 2534 342 2662 409; x_wconf 73' lang='lat'><strong>249</strong></span> 
     </span>
    </p>
   </div>
   <div class='ocr_carea' id='block_1_2' title="bbox 425 481 2725 4491">
    <p class='ocr_par' dir='ltr' id='par_1_2' title="bbox 426 481 2665 1032">
     <span class='ocr_line' id='line_1_2' title="bbox 429 481 2665 567; baseline 0 -20"><span class='ocrx_word' id='word_1_4' title='bbox 429 487 806 547; x_wconf 67' lang='lat' dir='ltr'><strong>sacr-amoma</strong></span> <span class='ocrx_word' id='word_1_5' title='bbox 839 488 898 545; x_wconf 76' lang='lat' dir='ltr'><strong>et</strong></span> <span class='ocrx_word' id='word_1_6' title='bbox 926 483 1141 545; x_wconf 73' lang='lat' dir='ltr'><strong>divina</strong></span> <span class='ocrx_word' id='word_1_7' title='bbox 1168 481 1372 562; x_wconf 73' lang='lat' dir='ltr'><strong>officia</strong></span> <span class='ocrx_word' id='word_1_8' title='bbox 1400 483 1710 547; x_wconf 74' lang='lat' dir='ltr'><strong>audienda</strong></span> <span class='ocrx_word' id='word_1_9' title='bbox 1729 483 2006 547; x_wconf 66' lang='lat' dir='ltr'><strong>accedere</strong></span> <span class='ocrx_word' id='word_1_10' title='bbox 2039 501 2161 547; x_wconf 76' lang='lat' dir='ltr'><strong>non</strong></span> <span class='ocrx_word' id='word_1_11' title='bbox 2179 490 2456 565; x_wconf 65' lang='lat' dir='ltr'><strong>possiunt.</strong></span> <span class='ocrx_word' id='word_1_12' title='bbox 2493 483 2665 567; x_wconf 74' lang='lat' dir='ltr'><strong>Ergo</strong></span> 
     </span>
     <span class='ocr_line' id='line_1_3' title="bbox 429 595 2665 684; baseline 0.001 -21"><span class='ocrx_word' id='word_1_13' title='bbox 429 605 504 663; x_wconf 90' lang='lat' dir='ltr'><strong>ut</strong></span> <span class='ocrx_word' id='word_1_14' title='bbox 531 595 1044 663; x_wconf 81' lang='lat' dir='ltr'><strong>dismembrandi</strong></span> <span class='ocrx_word' id='word_1_15' title='bbox 1071 596 1387 663; x_wconf 73' lang='lat' dir='ltr'><strong>facultate</strong></span> <span class='ocrx_word' id='word_1_16' title='bbox 1418 597 1667 680; x_wconf 88' lang='lat' dir='ltr'><strong>polleat</strong></span> <span class='ocrx_word' id='word_1_17' title='bbox 1703 599 2079 682; x_wconf 74' lang='lat' dir='ltr'><strong>Episcopus,</strong></span> <span class='ocrx_word' id='word_1_18' title='bbox 2118 605 2425 684; x_wconf 87' lang='lat' dir='ltr'><strong>tanquam</strong></span> <span class='ocrx_word' id='word_1_19' title='bbox 2445 618 2665 667; x_wconf 84' lang='lat' dir='ltr'><strong>neces-</strong></span> 
     </span>
     <span class='ocr_line' id='line_1_4' title="bbox 428 712 2665 799; baseline 0.002 -21"><span class='ocrx_word' id='word_1_20' title='bbox 428 715 595 780; x_wconf 86' lang='lat' dir='ltr'><strong>saria</strong></span> <span class='ocrx_word' id='word_1_21' title='bbox 626 712 915 779; x_wconf 86' lang='lat' dir='ltr'><strong>conditio</strong></span> <span class='ocrx_word' id='word_1_22' title='bbox 949 713 1313 799; x_wconf 83' lang='lat' dir='ltr'><strong>requiritur</strong></span> <span class='ocrx_word' id='word_1_23' title='bbox 1347 733 1635 796; x_wconf 64' lang='lat' dir='ltr'><strong>mamm</strong></span> <span class='ocrx_word' id='word_1_24' title='bbox 1662 713 1849 793; x_wconf 91' lang='lat' dir='ltr'><strong>illud,</strong></span> <span class='ocrx_word' id='word_1_25' title='bbox 1885 734 1923 780; x_wconf 91' lang='lat' dir='ltr'><strong>a</strong></span> <span class='ocrx_word' id='word_1_26' title='bbox 1949 713 2342 782; x_wconf 79' lang='lat' dir='ltr'><strong>Tridentinis</strong></span> <span class='ocrx_word' id='word_1_27' title='bbox 2368 715 2665 799; x_wconf 80' lang='lat' dir='ltr'><strong>patribus</strong></span> 
     </span>
     <span class='ocr_line' id='line_1_5' title="bbox 426 827 2663 915; baseline 0 -19"><span class='ocrx_word' id='word_1_28' title='bbox 426 828 852 913; x_wconf 85' lang='lat' dir='ltr'><strong>descriptum,</strong></span> <span class='ocrx_word' id='word_1_29' title='bbox 890 827 1431 912; x_wconf 83' lang='lat' dir='ltr'><strong>parochianorum</strong></span> <span class='ocrx_word' id='word_1_30' title='bbox 1475 829 1959 897; x_wconf 84' lang='lat' dir='ltr'><strong>incommodum</strong></span> <span class='ocrx_word' id='word_1_31' title='bbox 1991 852 2006 897; x_wconf 90' lang='lat'>:</span> <span class='ocrx_word' id='word_1_32' title='bbox 2039 849 2195 915; x_wconf 84' lang='lat' dir='ltr'><strong>ergo</strong></span> <span class='ocrx_word' id='word_1_33' title='bbox 2224 849 2461 899; x_wconf 77' lang='lat' dir='ltr'><strong>revera</strong></span> <span class='ocrx_word' id='word_1_34' title='bbox 2489 829 2663 899; x_wconf 84' lang='lat' dir='ltr'><strong>dicta</strong></span> 
     </span>
     <span class='ocr_line' id='line_1_6' title="bbox 427 943 2144 1032; baseline 0.001 -20"><span class='ocrx_word' id='word_1_35' title='bbox 427 943 895 1031; x_wconf 88' lang='lat' dir='ltr'><strong>Episcoporum</strong></span> <span class='ocrx_word' id='word_1_36' title='bbox 931 944 1214 1011; x_wconf 76' lang='lat' dir='ltr'><strong>facultas</strong></span> <span class='ocrx_word' id='word_1_37' title='bbox 1242 944 1433 1010; x_wconf 89' lang='lat' dir='ltr'><strong>alicui</strong></span> <span class='ocrx_word' id='word_1_38' title='bbox 1462 948 1796 1011; x_wconf 76' lang='lat' dir='ltr'><strong>conditioni</strong></span> <span class='ocrx_word' id='word_1_39' title='bbox 1823 946 2144 1032; x_wconf 85' lang='lat' dir='ltr'><strong>subjacet.</strong></span> 
     </span>
    </p>

    <p class='ocr_par' dir='ltr' id='par_1_3' title="bbox 425 1057 2665 2160">
     <span class='ocr_line' id='line_1_7' title="bbox 515 1057 2664 1145; baseline 0.001 -20"><span class='ocrx_word' id='word_1_40' title='bbox 515 1061 686 1126; x_wconf 81' lang='lat' dir='ltr'><strong>Item</strong></span> <span class='ocrx_word' id='word_1_41' title='bbox 735 1059 804 1125; x_wconf 89' lang='lat' dir='ltr'><strong>in</strong></span> <span class='ocrx_word' id='word_1_42' title='bbox 837 1060 1035 1126; x_wconf 87' lang='lat' dir='ltr'><strong>citato</strong></span> <span class='ocrx_word' id='word_1_43' title='bbox 1077 1057 1352 1126; x_wconf 89' lang='lat' dir='ltr'><strong>decreto</strong></span> <span class='ocrx_word' id='word_1_44' title='bbox 1393 1065 1695 1125; x_wconf 87' lang='lat' dir='ltr'><strong>statuunt</strong></span> <span class='ocrx_word' id='word_1_45' title='bbox 1731 1058 2094 1127; x_wconf 72' lang='lat' dir='ltr'><strong>&#39;tridentini</strong></span> <span class='ocrx_word' id='word_1_46' title='bbox 2130 1068 2375 1145; x_wconf 77' lang='lat' dir='ltr'><strong>patreS,</strong></span> <span class='ocrx_word' id='word_1_47' title='bbox 2408 1067 2483 1127; x_wconf 93' lang='lat' dir='ltr'><strong>ut</strong></span> <span class='ocrx_word' id='word_1_48' title='bbox 2512 1079 2664 1145; x_wconf 92' lang='lat' dir='ltr'><strong>pro-</strong></span> 
     </span>
     <span class='ocr_line' id='line_1_8' title="bbox 426 1174 2664 1259; baseline -0.001 -17"><span class='ocrx_word' id='word_1_49' title='bbox 426 1174 706 1242; x_wconf 76' lang='lat' dir='ltr'><strong>cedatur</strong></span> <span class='ocrx_word' id='word_1_50' title='bbox 736 1181 930 1259; x_wconf 61' lang='lat' dir='ltr'><strong>juxta</strong></span> <span class='ocrx_word' id='word_1_51' title='bbox 969 1177 1229 1255; x_wconf 70' lang='lat' dir='ltr'><strong>somnam</strong></span> <span class='ocrx_word' id='word_1_52' title='bbox 1263 1179 1713 1239; x_wconf 73' lang='lat' dir='ltr'><strong>constitutionis</strong></span> <span class='ocrx_word' id='word_1_53' title='bbox 1743 1178 2086 1241; x_wconf 75' lang='lat' dir='ltr'><strong>Alexandri</strong></span> <span class='ocrx_word' id='word_1_54' title='bbox 2126 1180 2254 1253; x_wconf 84' lang='lat'><strong>111,</strong></span> <span class='ocrx_word' id='word_1_55' title='bbox 2282 1196 2413 1258; x_wconf 72' lang='lat' dir='ltr'><strong>qma</strong></span> <span class='ocrx_word' id='word_1_56' title='bbox 2447 1181 2664 1259; x_wconf 69' lang='lat' dir='ltr'><strong>incipit</strong></span> 
     </span>
     <span class='ocr_line' id='line_1_9' title="bbox 425 1287 2662 1374; baseline -0.001 -17"><span class='ocrx_word' id='word_1_57' title='bbox 425 1309 516 1357; x_wconf 75' lang='lat' dir='ltr'><strong>,m</strong></span> <span class='ocrx_word' id='word_1_58' title='bbox 547 1308 986 1358; x_wconf 67' lang='lat' dir='ltr'><strong>Aunmmuu.</strong></span> <span class='ocrx_word' id='word_1_59' title='bbox 1049 1287 1178 1356; x_wconf 87' lang='lat' dir='ltr'><strong>Sed</strong></span> <span class='ocrx_word' id='word_1_60' title='bbox 1235 1290 1304 1355; x_wconf 91' lang='lat' dir='ltr'><strong>in</strong></span> <span class='ocrx_word' id='word_1_61' title='bbox 1351 1288 1474 1355; x_wconf 86' lang='lat' dir='ltr'><strong>hac</strong></span> <span class='ocrx_word' id='word_1_62' title='bbox 1542 1290 2003 1357; x_wconf 86' lang='lat' dir='ltr'><strong>constitutione</strong></span> <span class='ocrx_word' id='word_1_63' title='bbox 2065 1290 2290 1374; x_wconf 88' lang='lat' dir='ltr'><strong>plures</strong></span> <span class='ocrx_word' id='word_1_64' title='bbox 2329 1288 2662 1356; x_wconf 71' lang='lat' dir='ltr'><strong>servanda»,</strong></span> 
     </span>
     <span class='ocr_line' id='line_1_10' title="bbox 427 1399 2665 1488; baseline -0 -20"><span class='ocrx_word' id='word_1_65' title='bbox 427 1403 928 1488; x_wconf 78' lang='lat' dir='ltr'><strong>prescribantur</strong></span> <span class='ocrx_word' id='word_1_66' title='bbox 950 1402 1417 1487; x_wconf 83' lang='lat' dir='ltr'><strong>formalitates3</strong></span> <span class='ocrx_word' id='word_1_67' title='bbox 1455 1420 1620 1487; x_wconf 81' lang='lat' dir='ltr'><strong>ergo</strong></span> <span class='ocrx_word' id='word_1_68' title='bbox 1656 1399 1835 1468; x_wconf 87' lang='lat' dir='ltr'><strong>dicta</strong></span> <span class='ocrx_word' id='word_1_69' title='bbox 1882 1403 2355 1486; x_wconf 87' lang='lat' dir='ltr'><strong>Episcoporum</strong></span> <span class='ocrx_word' id='word_1_70' title='bbox 2372 1408 2665 1487; x_wconf 85' lang='lat' dir='ltr'><strong>potestas</strong></span> 
     </span>
     <span class='ocr_line' id='line_1_11' title="bbox 425 1514 2663 1603; baseline -0.001 -18"><span class='ocrx_word' id='word_1_71' title='bbox 425 1520 625 1585; x_wconf 87' lang='lat' dir='ltr'><strong>certis</strong></span> <span class='ocrx_word' id='word_1_72' title='bbox 674 1518 872 1584; x_wconf 89' lang='lat' dir='ltr'><strong>etiam</strong></span> <span class='ocrx_word' id='word_1_73' title='bbox 916 1520 1397 1598; x_wconf 76' lang='lat' dir='ltr'><strong>formalitatibus</strong></span> <span class='ocrx_word' id='word_1_74' title='bbox 1424 1515 1744 1603; x_wconf 85' lang='lat' dir='ltr'><strong>subjacet.</strong></span> <span class='ocrx_word' id='word_1_75' title='bbox 1788 1514 2117 1602; x_wconf 82' lang='lat' dir='ltr'><strong>Adstringi</strong></span> <span class='ocrx_word' id='word_1_76' title='bbox 2145 1525 2367 1585; x_wconf 89' lang='lat' dir='ltr'><strong>antem</strong></span> <span class='ocrx_word' id='word_1_77' title='bbox 2398 1517 2663 1601; x_wconf 88' lang='lat' dir='ltr'><strong>Episco-</strong></span> 
     </span>
     <span class='ocr_line' id='line_1_12' title="bbox 429 1631 2659 1720; baseline -0 -19"><span class='ocrx_word' id='word_1_78' title='bbox 429 1653 570 1717; x_wconf 88' lang='lat' dir='ltr'><strong>pos,</strong></span> <span class='ocrx_word' id='word_1_79' title='bbox 624 1635 822 1701; x_wconf 87' lang='lat' dir='ltr'><strong>etiam</strong></span> <span class='ocrx_word' id='word_1_80' title='bbox 869 1640 1193 1719; x_wconf 87' lang='lat' dir='ltr'><strong>quatenus</strong></span> <span class='ocrx_word' id='word_1_81' title='bbox 1228 1633 1415 1701; x_wconf 85' lang='lat' dir='ltr'><strong>Sedis</strong></span> <span class='ocrx_word' id='word_1_82' title='bbox 1443 1633 1829 1719; x_wconf 78' lang='lat' dir='ltr'><strong>Apostolicae</strong></span> <span class='ocrx_word' id='word_1_83' title='bbox 1869 1632 2239 1720; x_wconf 82' lang='lat' dir='ltr'><strong>delegatos,</strong></span> <span class='ocrx_word' id='word_1_84' title='bbox 2292 1632 2381 1700; x_wconf 88' lang='lat' dir='ltr'><strong>ad</strong></span> <span class='ocrx_word' id='word_1_85' title='bbox 2416 1631 2659 1700; x_wconf 85' lang='lat' dir='ltr'><strong>dictam</strong></span> 
     </span>
     <span class='ocr_line' id='line_1_13' title="bbox 428 1746 2662 1833; baseline -0 -17"><span class='ocrx_word' id='word_1_86' title='bbox 428 1748 866 1817; x_wconf 87' lang='lat' dir='ltr'><strong>conditionem</strong></span> <span class='ocrx_word' id='word_1_87' title='bbox 907 1756 977 1815; x_wconf 89' lang='lat' dir='ltr'><strong>et</strong></span> <span class='ocrx_word' id='word_1_88' title='bbox 1023 1746 1234 1816; x_wconf 86' lang='lat' dir='ltr'><strong>dictas</strong></span> <span class='ocrx_word' id='word_1_89' title='bbox 1283 1749 1740 1827; x_wconf 84' lang='lat' dir='ltr'><strong>formalitates,</strong></span> <span class='ocrx_word' id='word_1_90' title='bbox 1785 1756 2040 1815; x_wconf 88' lang='lat' dir='ltr'><strong>constat</strong></span> <span class='ocrx_word' id='word_1_91' title='bbox 2076 1769 2163 1815; x_wconf 82' lang='lat' dir='ltr'><strong>ex</strong></span> <span class='ocrx_word' id='word_1_92' title='bbox 2206 1750 2347 1833; x_wconf 83' lang='lat' dir='ltr'><strong>ipso</strong></span> <span class='ocrx_word' id='word_1_93' title='bbox 2393 1747 2662 1815; x_wconf 80' lang='lat' dir='ltr'><strong>Triden-</strong></span> 
     </span>
     <span class='ocr_line' id='line_1_14' title="bbox 425 1864 2662 1949; baseline 0 -20"><span class='ocrx_word' id='word_1_94' title='bbox 425 1864 562 1930; x_wconf 86' lang='lat' dir='ltr'><strong>tino</strong></span> <span class='ocrx_word' id='word_1_95' title='bbox 602 1871 833 1948; x_wconf 79' lang='lat' dir='ltr'><strong>textu3</strong></span> <span class='ocrx_word' id='word_1_96' title='bbox 894 1865 1025 1949; x_wconf 89' lang='lat' dir='ltr'><strong>qui,</strong></span> <span class='ocrx_word' id='word_1_97' title='bbox 1090 1870 1433 1949; x_wconf 54' lang='lat' dir='ltr'><strong>pemquam</strong></span> <span class='ocrx_word' id='word_1_98' title='bbox 1495 1880 1805 1946; x_wconf 84' lang='lat' dir='ltr'><strong>expresse</strong></span> <span class='ocrx_word' id='word_1_99' title='bbox 1869 1865 2255 1930; x_wconf 84' lang='lat' dir='ltr'><strong>memoravit</strong></span> <span class='ocrx_word' id='word_1_100' title='bbox 2310 1864 2662 1947; x_wconf 85' lang='lat' dir='ltr'><strong>Episcopos</strong></span> 
     </span>
     <span class='ocr_line' id='line_1_15' title="bbox 427 1975 2663 2064; baseline -0.001 -19"><span class='ocrx_word' id='word_1_101' title='bbox 427 1987 748 2064; x_wconf 83' lang='lat' dir='ltr'><strong>quatenus</strong></span> <span class='ocrx_word' id='word_1_102' title='bbox 776 1975 1185 2062; x_wconf 81' lang='lat' dir='ltr'><strong>delegatione</strong></span> <span class='ocrx_word' id='word_1_103' title='bbox 1216 1978 1581 2063; x_wconf 78' lang='lat' dir='ltr'><strong>Apostolica</strong></span> <span class='ocrx_word' id='word_1_104' title='bbox 1618 1975 1916 2057; x_wconf 88' lang='lat' dir='ltr'><strong>donatos,</strong></span> <span class='ocrx_word' id='word_1_105' title='bbox 1947 1979 2359 2045; x_wconf 84' lang='lat' dir='ltr'><strong>nihilominus</strong></span> <span class='ocrx_word' id='word_1_106' title='bbox 2387 1976 2663 2063; x_wconf 86' lang='lat' dir='ltr'><strong>ejusmo-</strong></span> 
     </span>
     <span class='ocr_line' id='line_1_16' title="bbox 427 2090 1876 2160; baseline -0.001 -2"><span class='ocrx_word' id='word_1_107' title='bbox 427 2092 500 2158; x_wconf 94' lang='lat' dir='ltr'><strong>di</strong></span> <span class='ocrx_word' id='word_1_108' title='bbox 529 2093 968 2160; x_wconf 89' lang='lat' dir='ltr'><strong>conditionem</strong></span> <span class='ocrx_word' id='word_1_109' title='bbox 993 2098 1065 2160; x_wconf 91' lang='lat' dir='ltr'><strong>et</strong></span> <span class='ocrx_word' id='word_1_110' title='bbox 1098 2092 1529 2159; x_wconf 87' lang='lat' dir='ltr'><strong>formalitates</strong></span> <span class='ocrx_word' id='word_1_111' title='bbox 1553 2090 1876 2159; x_wconf 87' lang='lat' dir='ltr'><strong>decernit.</strong></span> 
     </span>
    </p>

    <p class='ocr_par' dir='ltr' id='par_1_4' title="bbox 515 2206 2658 2291">
     <span class='ocr_line' id='line_1_17' title="bbox 515 2206 2658 2291; baseline -0.002 -17"><span class='ocrx_word' id='word_1_112' title='bbox 515 2208 782 2274; x_wconf 84' lang='lat' dir='ltr'><strong>Constat</strong></span> <span class='ocrx_word' id='word_1_113' title='bbox 814 2210 906 2286; x_wconf 77' lang='lat'><strong>2⁰,</strong></span> <span class='ocrx_word' id='word_1_114' title='bbox 929 2226 1012 2275; x_wconf 82' lang='lat' dir='ltr'><strong>ex</strong></span> <span class='ocrx_word' id='word_1_115' title='bbox 1039 2207 1364 2272; x_wconf 88' lang='lat' dir='ltr'><strong>communi</strong></span> <span class='ocrx_word' id='word_1_116' title='bbox 1389 2206 1737 2275; x_wconf 86' lang='lat' dir='ltr'><strong>doctorum</strong></span> <span class='ocrx_word' id='word_1_117' title='bbox 1760 2226 2101 2273; x_wconf 89' lang='lat' dir='ltr'><strong>consensu.</strong></span> <span class='ocrx_word' id='word_1_118' title='bbox 2134 2230 2165 2267; x_wconf 87' lang='lat'>«</span> <span class='ocrx_word' id='word_1_119' title='bbox 2188 2207 2476 2291; x_wconf 87' lang='lat' dir='ltr'><strong>Recepta</strong></span> <span class='ocrx_word' id='word_1_120' title='bbox 2503 2223 2658 2270; x_wconf 84' lang='lat' dir='ltr'><strong>con·</strong></span> 
     </span>
    </p>

    <p class='ocr_par' dir='ltr' id='par_1_5' title="bbox 432 2320 2725 2853">
     <span class='ocr_line' id='line_1_18' title="bbox 434 2320 2650 2409; baseline 0.001 -26"><span class='ocrx_word' id='word_1_121' title='bbox 434 2346 468 2383; x_wconf 78' lang='grc' dir='ltr'><em>α</em></span> <span class='ocrx_word' id='word_1_122' title='bbox 498 2323 703 2389; x_wconf 86' lang='lat' dir='ltr'><strong>clusio</strong></span> <span class='ocrx_word' id='word_1_123' title='bbox 737 2328 838 2388; x_wconf 70' lang='lat' dir='ltr'><strong>oet</strong></span> <span class='ocrx_word' id='word_1_124' title='bbox 871 2323 983 2409; x_wconf 89' lang='lat' dir='ltr'><strong>(ait</strong></span> <span class='ocrx_word' id='word_1_125' title='bbox 1014 2320 1372 2390; x_wconf 77' lang='lat' dir='ltr'><strong>cardinalis</strong></span> <span class='ocrx_word' id='word_1_126' title='bbox 1403 2321 1488 2390; x_wconf 89' lang='lat' dir='ltr'><strong>de</strong></span> <span class='ocrx_word' id='word_1_127' title='bbox 1522 2325 1723 2400; x_wconf 86' lang='lat' dir='ltr'><strong>Luca,</strong></span> <span class='ocrx_word' id='word_1_128' title='bbox 1755 2327 1830 2389; x_wconf 76' lang='lat' dir='ltr'><strong>de</strong></span> <span class='ocrx_word' id='word_1_129' title='bbox 1856 2326 2170 2405; x_wconf 71' lang='lat' dir='ltr'><strong>Parochis,</strong></span> <span class='ocrx_word' id='word_1_130' title='bbox 2209 2322 2509 2389; x_wconf 87' lang='lat' dir='ltr'><strong>discursu</strong></span> <span class='ocrx_word' id='word_1_131' title='bbox 2540 2324 2650 2398; x_wconf 77' lang='lat'><strong>35,</strong></span> 
     </span>
     <span class='ocr_line' id='line_1_19' title="bbox 433 2416 2725 2524; baseline 0.002 -25"><span class='ocrx_word' id='word_1_132' title='bbox 433 2463 466 2500; x_wconf 85' lang='lat'><strong><em>«</em></strong></span> <span class='ocrx_word' id='word_1_133' title='bbox 497 2458 563 2505; x_wconf 88' lang='lat' dir='ltr'><strong>n.</strong></span> <span class='ocrx_word' id='word_1_134' title='bbox 613 2437 707 2524; x_wconf 84' lang='lat'><strong>6),</strong></span> <span class='ocrx_word' id='word_1_135' title='bbox 754 2437 1396 2506; x_wconf 87' lang='lat' dir='ltr'><strong>dismembrationem</strong></span> <span class='ocrx_word' id='word_1_136' title='bbox 1451 2439 1647 2504; x_wconf 89' lang='lat' dir='ltr'><strong>unius</strong></span> <span class='ocrx_word' id='word_1_137' title='bbox 1688 2439 1976 2506; x_wconf 61' lang='lat' dir='ltr'><strong>ecclesiis</strong></span> <span class='ocrx_word' id='word_1_138' title='bbox 2028 2439 2112 2506; x_wconf 89' lang='lat' dir='ltr'><strong>ab</strong></span> <span class='ocrx_word' id='word_1_139' title='bbox 2159 2439 2368 2506; x_wconf 87' lang='lat' dir='ltr'><strong>altera</strong></span> <span class='ocrx_word' id='word_1_140' title='bbox 2424 2455 2656 2523; x_wconf 80' lang='lat' dir='ltr'><strong>sapere</strong></span> <span class='ocrx_word' id='word_1_141' title='bbox 2718 2416 2725 2423; x_wconf 42' lang='lat'><em>¹</em></span> 
     </span>
     <span class='ocr_line' id='line_1_20' title="bbox 432 2553 2657 2641; baseline 0.003 -28"><span class='ocrx_word' id='word_1_142' title='bbox 432 2577 465 2613; x_wconf 84' lang='lat'>«</span> <span class='ocrx_word' id='word_1_143' title='bbox 497 2554 781 2638; x_wconf 88' lang='lat' dir='ltr'><strong>speciem</strong></span> <span class='ocrx_word' id='word_1_144' title='bbox 835 2572 1011 2622; x_wconf 82' lang='lat' dir='ltr'><strong>veroe</strong></span> <span class='ocrx_word' id='word_1_145' title='bbox 1078 2555 1523 2638; x_wconf 85' lang='lat' dir='ltr'><strong>alienationis;</strong></span> <span class='ocrx_word' id='word_1_146' title='bbox 1582 2553 1860 2639; x_wconf 88' lang='lat' dir='ltr'><strong>ideoque</strong></span> <span class='ocrx_word' id='word_1_147' title='bbox 1914 2555 2163 2641; x_wconf 82' lang='lat' dir='ltr'><strong>requiri</strong></span> <span class='ocrx_word' id='word_1_148' title='bbox 2211 2554 2657 2638; x_wconf 86' lang='lat' dir='ltr'><strong>copulativum</strong></span> 
     </span>
     <span class='ocr_line' id='line_1_21' title="bbox 432 2670 2654 2756; baseline 0.002 -26"><span class='ocrx_word' id='word_1_149' title='bbox 432 2695 464 2730; x_wconf 90' lang='lat'>«</span> <span class='ocrx_word' id='word_1_150' title='bbox 499 2689 885 2738; x_wconf 87' lang='lat' dir='ltr'><strong>concursum</strong></span> <span class='ocrx_word' id='word_1_151' title='bbox 925 2670 1369 2750; x_wconf 69' lang='lat' dir='ltr'><strong>solemnitatis,</strong></span> <span class='ocrx_word' id='word_1_152' title='bbox 1418 2690 1493 2737; x_wconf 91' lang='lat' dir='ltr'><strong>ac</strong></span> <span class='ocrx_word' id='word_1_153' title='bbox 1534 2670 1727 2756; x_wconf 81' lang='lat' dir='ltr'><strong>justae</strong></span> <span class='ocrx_word' id='word_1_154' title='bbox 1779 2688 2011 2748; x_wconf 83' lang='lat' dir='ltr'><strong>causae,</strong></span> <span class='ocrx_word' id='word_1_155' title='bbox 2062 2670 2248 2756; x_wconf 85' lang='lat' dir='ltr'><strong>juxta</strong></span> <span class='ocrx_word' id='word_1_156' title='bbox 2290 2670 2654 2737; x_wconf 78' lang='lat' dir='ltr'><strong>doctrinam</strong></span> 
     </span>
     <span class='ocr_line' id='line_1_22' title="bbox 433 2785 893 2853; baseline -0.011 -2"><span class='ocrx_word' id='word_1_157' title='bbox 433 2807 466 2846; x_wconf 68' lang='grc' dir='ltr'><em>α</em></span> <span class='ocrx_word' id='word_1_158' title='bbox 502 2785 771 2853; x_wconf 73' lang='lat' dir='ltr'><strong>abbatis.</strong></span> <span class='ocrx_word' id='word_1_159' title='bbox 787 2835 801 2850; x_wconf 87' lang='lat'><strong>.</strong></span> <span class='ocrx_word' id='word_1_160' title='bbox 818 2835 831 2850; x_wconf 92' lang='lat'><strong>.</strong></span> <span class='ocrx_word' id='word_1_161' title='bbox 859 2809 893 2847; x_wconf 77' lang='grc' dir='ltr'><strong>ι)</strong></span> 
     </span>
    </p>

    <p class='ocr_par' dir='ltr' id='par_1_6' title="bbox 427 2902 2658 4370">
     <span class='ocr_line' id='line_1_23' title="bbox 515 2902 2649 2990; baseline -0.002 -23"><span class='ocrx_word' id='word_1_162' title='bbox 515 2903 682 2968; x_wconf 88' lang='lat' dir='ltr'><strong>Item</strong></span> <span class='ocrx_word' id='word_1_163' title='bbox 711 2902 1093 2982; x_wconf 77' lang='lat' dir='ltr'><strong>Lem-euius,</strong></span> <span class='ocrx_word' id='word_1_164' title='bbox 1127 2910 1469 2987; x_wconf 86' lang='lat' dir='ltr'><strong>postquam</strong></span> <span class='ocrx_word' id='word_1_165' title='bbox 1504 2902 1820 2986; x_wconf 84' lang='lat' dir='ltr'><strong>expendit</strong></span> <span class='ocrx_word' id='word_1_166' title='bbox 1850 2903 1937 2990; x_wconf 93' lang='lat' dir='ltr'><strong>(in</strong></span> <span class='ocrx_word' id='word_1_167' title='bbox 1958 2906 2113 2968; x_wconf 80' lang='lat' dir='ltr'><strong>Foro</strong></span> <span class='ocrx_word' id='word_1_168' title='bbox 2140 2919 2260 2970; x_wconf 87' lang='lat' dir='ltr'><strong>sno</strong></span> <span class='ocrx_word' id='word_1_169' title='bbox 2293 2902 2649 2980; x_wconf 68' lang='lat' dir='ltr'><strong>betoefieiali,</strong></span> 
     </span>
     <span class='ocr_line' id='line_1_24' title="bbox 427 3015 2658 3104; baseline -0 -22"><span class='ocrx_word' id='word_1_170' title='bbox 427 3025 613 3102; x_wconf 87' lang='lat' dir='ltr'><strong>parte</strong></span> <span class='ocrx_word' id='word_1_171' title='bbox 641 3019 700 3097; x_wconf 88' lang='lat'><strong>1,</strong></span> <span class='ocrx_word' id='word_1_172' title='bbox 746 3018 1098 3104; x_wconf 81' lang='lat' dir='ltr'><strong>quoestione</strong></span> <span class='ocrx_word' id='word_1_173' title='bbox 1133 3017 1282 3102; x_wconf 76' lang='lat'>154)</span> <span class='ocrx_word' id='word_1_174' title='bbox 1318 3039 1332 3082; x_wconf 85' lang='grc'>;</span> <span class='ocrx_word' id='word_1_175' title='bbox 1373 3039 1407 3078; x_wconf 72' lang='grc' dir='ltr'><strong>α</strong></span> <span class='ocrx_word' id='word_1_176' title='bbox 1437 3019 1598 3100; x_wconf 81' lang='lat' dir='ltr'><strong>Quoe</strong></span> <span class='ocrx_word' id='word_1_177' title='bbox 1632 3018 1760 3084; x_wconf 89' lang='lat' dir='ltr'><strong>sint</strong></span> <span class='ocrx_word' id='word_1_178' title='bbox 1798 3017 1905 3083; x_wconf 82' lang='lat' dir='ltr'><strong>vel</strong></span> <span class='ocrx_word' id='word_1_179' title='bbox 1942 3036 2074 3085; x_wconf 91' lang='lat' dir='ltr'><strong>non</strong></span> <span class='ocrx_word' id='word_1_180' title='bbox 2109 3017 2238 3082; x_wconf 88' lang='lat' dir='ltr'><strong>sint</strong></span> <span class='ocrx_word' id='word_1_181' title='bbox 2269 3015 2658 3082; x_wconf 83' lang='lat' dir='ltr'><strong>sufficientes</strong></span> 
     </span>
     <span class='ocr_line' id='line_1_25' title="bbox 433 3131 2655 3217; baseline 0.004 -25"><span class='ocrx_word' id='word_1_182' title='bbox 433 3157 465 3193; x_wconf 90' lang='lat'>«</span> <span class='ocrx_word' id='word_1_183' title='bbox 499 3151 706 3198; x_wconf 83' lang='lat' dir='ltr'><strong>causae</strong></span> <span class='ocrx_word' id='word_1_184' title='bbox 753 3133 1192 3200; x_wconf 86' lang='lat' dir='ltr'><strong>constituendi</strong></span> <span class='ocrx_word' id='word_1_185' title='bbox 1223 3151 1457 3201; x_wconf 82' lang='lat' dir='ltr'><strong>novam</strong></span> <span class='ocrx_word' id='word_1_186' title='bbox 1502 3132 1897 3217; x_wconf 76' lang='lat' dir='ltr'><strong>parochiam,</strong></span> <span class='ocrx_word' id='word_1_187' title='bbox 1937 3131 2464 3200; x_wconf 80' lang='lat' dir='ltr'><strong>dismembrando</strong></span> <span class='ocrx_word' id='word_1_188' title='bbox 2492 3133 2655 3200; x_wconf 86' lang='lat' dir='ltr'><strong>anti·</strong></span> 
     </span>
     <span class='ocr_line' id='line_1_26' title="bbox 431 3246 2657 3336; baseline 0.002 -28"><span class='ocrx_word' id='word_1_189' title='bbox 431 3272 464 3308; x_wconf 73' lang='grc' dir='ltr'>α</span> <span class='ocrx_word' id='word_1_190' title='bbox 495 3266 711 3333; x_wconf 88' lang='lat' dir='ltr'><strong>quam,</strong></span> <span class='ocrx_word' id='word_1_191' title='bbox 743 3271 776 3310; x_wconf 73' lang='grc' dir='ltr'><strong>ι»</strong></span> <span class='ocrx_word' id='word_1_192' title='bbox 811 3249 906 3315; x_wconf 88' lang='lat' dir='ltr'><strong>sic</strong></span> <span class='ocrx_word' id='word_1_193' title='bbox 936 3250 1151 3333; x_wconf 82' lang='lat' dir='ltr'><strong>pergit</strong></span> <span class='ocrx_word' id='word_1_194' title='bbox 1182 3247 1472 3336; x_wconf 88' lang='lat' dir='ltr'><strong>(ibidem,</strong></span> <span class='ocrx_word' id='word_1_195' title='bbox 1503 3248 1857 3333; x_wconf 82' lang='lat' dir='ltr'><strong>qnoestione</strong></span> <span class='ocrx_word' id='word_1_196' title='bbox 1884 3246 2030 3331; x_wconf 87' lang='lat'>157)</span> <span class='ocrx_word' id='word_1_197' title='bbox 2063 3269 2077 3312; x_wconf 72' lang='grc' dir='ltr'><strong><em>ε</em></strong></span> <span class='ocrx_word' id='word_1_198' title='bbox 2106 3270 2139 3311; x_wconf 73' lang='grc' dir='ltr'>α</span> <span class='ocrx_word' id='word_1_199' title='bbox 2164 3247 2262 3312; x_wconf 81' lang='lat' dir='ltr'><strong>An</strong></span> <span class='ocrx_word' id='word_1_200' title='bbox 2289 3252 2360 3314; x_wconf 91' lang='lat' dir='ltr'><strong>et</strong></span> <span class='ocrx_word' id='word_1_201' title='bbox 2380 3265 2522 3332; x_wconf 81' lang='lat' dir='ltr'><strong>quae</strong></span> <span class='ocrx_word' id='word_1_202' title='bbox 2553 3266 2657 3312; x_wconf 89' lang='lat' dir='ltr'><strong>so·</strong></span> 
     </span>
     <span class='ocr_line' id='line_1_27' title="bbox 431 3362 2656 3451; baseline 0.001 -27"><span class='ocrx_word' id='word_1_203' title='bbox 431 3387 464 3423; x_wconf 73' lang='lat' dir='ltr'><strong>a</strong></span> <span class='ocrx_word' id='word_1_204' title='bbox 497 3364 866 3432; x_wconf 88' lang='lat' dir='ltr'><strong>lemnitates</strong></span> <span class='ocrx_word' id='word_1_205' title='bbox 907 3365 1158 3451; x_wconf 88' lang='lat' dir='ltr'><strong>aliaque</strong></span> <span class='ocrx_word' id='word_1_206' title='bbox 1198 3363 1520 3433; x_wconf 82' lang='lat' dir='ltr'><strong>servanda</strong></span> <span class='ocrx_word' id='word_1_207' title='bbox 1537 3414 1554 3442; x_wconf 90' lang='lat'><strong>‚</strong></span> <span class='ocrx_word' id='word_1_208' title='bbox 1596 3370 1839 3449; x_wconf 83' lang='lat' dir='ltr'><strong>praeter</strong></span> <span class='ocrx_word' id='word_1_209' title='bbox 1884 3362 2095 3432; x_wconf 86' lang='lat' dir='ltr'><strong>dictas</strong></span> <span class='ocrx_word' id='word_1_210' title='bbox 2135 3381 2389 3442; x_wconf 53' lang='lat' dir='ltr'><strong>causam</strong></span> <span class='ocrx_word' id='word_1_211' title='bbox 2439 3364 2656 3448; x_wconf 89' lang='lat' dir='ltr'><strong>requi-</strong></span> 
     </span>
     <span class='ocr_line' id='line_1_28' title="bbox 430 3478 2657 3564; baseline 0.002 -25"><span class='ocrx_word' id='word_1_212' title='bbox 430 3502 463 3538; x_wconf 82' lang='lat'><strong><em>«</em></strong></span> <span class='ocrx_word' id='word_1_213' title='bbox 496 3486 727 3545; x_wconf 89' lang='lat' dir='ltr'><strong>rantur</strong></span> <span class='ocrx_word' id='word_1_214' title='bbox 754 3479 838 3546; x_wconf 88' lang='lat' dir='ltr'><strong>ad</strong></span> <span class='ocrx_word' id='word_1_215' title='bbox 872 3482 1400 3547; x_wconf 85' lang='lat' dir='ltr'><strong>constitutionem</strong></span> <span class='ocrx_word' id='word_1_216' title='bbox 1433 3498 1751 3546; x_wconf 81' lang='lat' dir='ltr'><strong>novarum</strong></span> <span class='ocrx_word' id='word_1_217' title='bbox 1792 3479 2253 3564; x_wconf 74' lang='lat' dir='ltr'><strong>parochialium</strong></span> <span class='ocrx_word' id='word_1_218' title='bbox 2290 3497 2437 3545; x_wconf 87' lang='lat' dir='ltr'><strong>cum</strong></span> <span class='ocrx_word' id='word_1_219' title='bbox 2483 3478 2657 3546; x_wconf 86' lang='lat' dir='ltr'><strong>dicta</strong></span> 
     </span>
     <span class='ocr_line' id='line_1_29' title="bbox 429 3593 2656 3681; baseline 0.004 -27"><span class='ocrx_word' id='word_1_220' title='bbox 429 3617 464 3654; x_wconf 77' lang='grc' dir='ltr'>α</span> <span class='ocrx_word' id='word_1_221' title='bbox 498 3593 1071 3662; x_wconf 86' lang='lat' dir='ltr'><strong>dismembratione</strong></span> <span class='ocrx_word' id='word_1_222' title='bbox 1094 3597 1128 3661; x_wconf 73' lang='grc' dir='ltr'><strong>’ἶ</strong></span> <span class='ocrx_word' id='word_1_223' title='bbox 1150 3631 1241 3644; x_wconf 90' lang='grc'>-</span> <span class='ocrx_word' id='word_1_224' title='bbox 1269 3594 1656 3680; x_wconf 84' lang='lat' dir='ltr'><strong>Respondeo</strong></span> <span class='ocrx_word' id='word_1_225' title='bbox 1706 3597 1918 3679; x_wconf 88' lang='lat' dir='ltr'><strong>primo</strong></span> <span class='ocrx_word' id='word_1_226' title='bbox 1952 3618 1968 3661; x_wconf 75' lang='grc' dir='ltr'><strong><em>ε</em></strong></span> <span class='ocrx_word' id='word_1_227' title='bbox 2011 3596 2259 3681; x_wconf 87' lang='lat' dir='ltr'><strong>requiri</strong></span> <span class='ocrx_word' id='word_1_228' title='bbox 2305 3603 2518 3664; x_wconf 86' lang='lat' dir='ltr'><strong>certas</strong></span> <span class='ocrx_word' id='word_1_229' title='bbox 2553 3615 2656 3662; x_wconf 89' lang='lat' dir='ltr'><strong>so-</strong></span> 
     </span>
     <span class='ocr_line' id='line_1_30' title="bbox 430 3708 2657 3797; baseline 0.004 -28"><span class='ocrx_word' id='word_1_230' title='bbox 430 3732 462 3769; x_wconf 79' lang='lat'>«</span> <span class='ocrx_word' id='word_1_231' title='bbox 495 3710 866 3776; x_wconf 88' lang='lat' dir='ltr'><strong>lemnitates</strong></span> <span class='ocrx_word' id='word_1_232' title='bbox 887 3709 1041 3777; x_wconf 88' lang='lat' dir='ltr'><strong>dum</strong></span> <span class='ocrx_word' id='word_1_233' title='bbox 1071 3708 1561 3777; x_wconf 84' lang='lat' dir='ltr'><strong>dismembratio</strong></span> <span class='ocrx_word' id='word_1_234' title='bbox 1596 3719 1667 3778; x_wconf 88' lang='lat' dir='ltr'><strong>et</strong></span> <span class='ocrx_word' id='word_1_235' title='bbox 1695 3713 2068 3779; x_wconf 86' lang='lat' dir='ltr'><strong>constitutio</strong></span> <span class='ocrx_word' id='word_1_236' title='bbox 2103 3731 2291 3778; x_wconf 78' lang='lat' dir='ltr'><strong>novae</strong></span> <span class='ocrx_word' id='word_1_237' title='bbox 2319 3711 2657 3797; x_wconf 82' lang='lat' dir='ltr'><strong>parochia·-</strong></span> 
     </span>
     <span class='ocr_line' id='line_1_31' title="bbox 432 3820 2652 3909; baseline 0.005 -27"><span class='ocrx_word' id='word_1_238' title='bbox 432 3847 464 3882; x_wconf 76' lang='lat'>«</span> <span class='ocrx_word' id='word_1_239' title='bbox 495 3823 574 3888; x_wconf 87' lang='lat' dir='ltr'><strong>lis</strong></span> <span class='ocrx_word' id='word_1_240' title='bbox 610 3821 688 3888; x_wconf 85' lang='lat' dir='ltr'><strong>fit</strong></span> <span class='ocrx_word' id='word_1_241' title='bbox 733 3840 856 3906; x_wconf 91' lang='lat' dir='ltr'><strong>per</strong></span> <span class='ocrx_word' id='word_1_242' title='bbox 881 3820 1298 3888; x_wconf 81' lang='lat' dir='ltr'><strong>ordinarium</strong></span> <span class='ocrx_word' id='word_1_243' title='bbox 1343 3823 1552 3909; x_wconf 86' lang='lat' dir='ltr'><strong>(secus</strong></span> <span class='ocrx_word' id='word_1_244' title='bbox 1591 3822 1748 3888; x_wconf 90' lang='lat' dir='ltr'><strong>dum</strong></span> <span class='ocrx_word' id='word_1_245' title='bbox 1784 3823 1862 3890; x_wconf 84' lang='lat' dir='ltr'><strong>fit</strong></span> <span class='ocrx_word' id='word_1_246' title='bbox 1889 3845 1928 3890; x_wconf 90' lang='lat' dir='ltr'><strong>a</strong></span> <span class='ocrx_word' id='word_1_247' title='bbox 1965 3826 2164 3908; x_wconf 87' lang='lat' dir='ltr'><strong>Papa,</strong></span> <span class='ocrx_word' id='word_1_248' title='bbox 2204 3822 2501 3909; x_wconf 85' lang='lat' dir='ltr'><strong>ejusdem</strong></span> <span class='ocrx_word' id='word_1_249' title='bbox 2537 3844 2652 3892; x_wconf 86' lang='lat' dir='ltr'><strong>au-</strong></span> 
     </span>
     <span class='ocr_line' id='line_1_32' title="bbox 427 3940 2655 4027; baseline 0.003 -26"><span class='ocrx_word' id='word_1_250' title='bbox 427 3965 460 4002; x_wconf 83' lang='lat'><em>«</em></span> <span class='ocrx_word' id='word_1_251' title='bbox 496 3941 807 4007; x_wconf 87' lang='lat' dir='ltr'><strong>thoritate</strong></span> <span class='ocrx_word' id='word_1_252' title='bbox 844 3941 1188 4024; x_wconf 86' lang='lat' dir='ltr'><strong>supplente</strong></span> <span class='ocrx_word' id='word_1_253' title='bbox 1221 3940 1751 4025; x_wconf 85' lang='lat' dir='ltr'><strong>solemnitatem).</strong></span> <span class='ocrx_word' id='word_1_254' title='bbox 1804 3941 2202 4009; x_wconf 85' lang='lat' dir='ltr'><strong>Proceditur</strong></span> <span class='ocrx_word' id='word_1_255' title='bbox 2250 3960 2531 4027; x_wconf 88' lang='lat' dir='ltr'><strong>namque</strong></span> <span class='ocrx_word' id='word_1_256' title='bbox 2584 3943 2655 4008; x_wconf 87' lang='lat' dir='ltr'><strong>in</strong></span> 
     </span>
     <span class='ocr_line' id='line_1_33' title="bbox 428 4055 2655 4142; baseline 0.004 -25"><span class='ocrx_word' id='word_1_257' title='bbox 428 4057 612 4122; x_wconf 82' lang='lat' dir='ltr'><strong>«tali</strong></span> <span class='ocrx_word' id='word_1_258' title='bbox 663 4057 923 4140; x_wconf 84' lang='lat' dir='ltr'><strong>negotio</strong></span> <span class='ocrx_word' id='word_1_259' title='bbox 977 4055 1567 4124; x_wconf 87' lang='lat' dir='ltr'><strong>dismembrationis</strong></span> <span class='ocrx_word' id='word_1_260' title='bbox 1612 4065 1925 4142; x_wconf 85' lang='lat' dir='ltr'><strong>tanquam</strong></span> <span class='ocrx_word' id='word_1_261' title='bbox 1971 4057 2037 4122; x_wconf 91' lang='lat' dir='ltr'><strong>in</strong></span> <span class='ocrx_word' id='word_1_262' title='bbox 2089 4058 2307 4142; x_wconf 89' lang='lat' dir='ltr'><strong>specie</strong></span> <span class='ocrx_word' id='word_1_263' title='bbox 2362 4058 2655 4126; x_wconf 84' lang='lat' dir='ltr'><strong>formalis</strong></span> 
     </span>
     <span class='ocr_line' id='line_1_34' title="bbox 428 4171 2652 4258; baseline 0.002 -23"><span class='ocrx_word' id='word_1_264' title='bbox 428 4196 456 4228; x_wconf 75' lang='grc' dir='ltr'><strong><em>α</em></strong></span> <span class='ocrx_word' id='word_1_265' title='bbox 492 4171 914 4250; x_wconf 89' lang='lat' dir='ltr'><strong>alienationis,</strong></span> <span class='ocrx_word' id='word_1_266' title='bbox 949 4173 1268 4257; x_wconf 83' lang='lat' dir='ltr'><strong>rigorose3</strong></span> <span class='ocrx_word' id='word_1_267' title='bbox 1313 4172 1595 4258; x_wconf 88' lang='lat' dir='ltr'><strong>ideoque</strong></span> <span class='ocrx_word' id='word_1_268' title='bbox 1647 4174 2010 4257; x_wconf 87' lang='lat' dir='ltr'><strong>requiritur</strong></span> <span class='ocrx_word' id='word_1_269' title='bbox 2051 4174 2456 4258; x_wconf 86' lang='lat' dir='ltr'><strong>copulativus</strong></span> <span class='ocrx_word' id='word_1_270' title='bbox 2500 4193 2652 4239; x_wconf 91' lang='lat' dir='ltr'><strong>con·</strong></span> 
     </span>
     <span class='ocr_line' id='line_1_35' title="bbox 430 4293 1774 4370; baseline 0.002 -24"><span class='ocrx_word' id='word_1_271' title='bbox 430 4311 462 4347; x_wconf 87' lang='lat'>«</span> <span class='ocrx_word' id='word_1_272' title='bbox 499 4306 727 4353; x_wconf 86' lang='lat' dir='ltr'><strong>cursus</strong></span> <span class='ocrx_word' id='word_1_273' title='bbox 747 4293 936 4370; x_wconf 68' lang='lat' dir='ltr'><strong>Justae</strong></span> <span class='ocrx_word' id='word_1_274' title='bbox 964 4310 1157 4353; x_wconf 77' lang='lat' dir='ltr'><strong>causoe</strong></span> <span class='ocrx_word' id='word_1_275' title='bbox 1184 4297 1253 4354; x_wconf 86' lang='lat' dir='ltr'><strong>et</strong></span> <span class='ocrx_word' id='word_1_276' title='bbox 1288 4293 1709 4354; x_wconf 77' lang='lat' dir='ltr'><strong>solemnitatis.</strong></span> <span class='ocrx_word' id='word_1_277' title='bbox 1743 4314 1774 4350; x_wconf 86' lang='lat'>»</span> 
     </span>
    </p>

    <p class='ocr_par' dir='ltr' id='par_1_7' title="bbox 513 4405 2645 4491">
     <span class='ocr_line' id='line_1_36' title="bbox 513 4405 2645 4491; baseline -0 -23"><span class='ocrx_word' id='word_1_278' title='bbox 513 4405 835 4469; x_wconf 88' lang='lat' dir='ltr'><strong>Consonat</strong></span> <span class='ocrx_word' id='word_1_279' title='bbox 889 4405 1224 4489; x_wconf 86' lang='lat' dir='ltr'><strong>Fagnanus</strong></span> <span class='ocrx_word' id='word_1_280' title='bbox 1277 4406 1379 4491; x_wconf 86' lang='lat' dir='ltr'><strong>(in</strong></span> <span class='ocrx_word' id='word_1_281' title='bbox 1429 4414 1627 4490; x_wconf 82' lang='lat' dir='ltr'><strong>caput</strong></span> <span class='ocrx_word' id='word_1_282' title='bbox 1680 4411 1772 4472; x_wconf 84' lang='lat' dir='ltr'><strong>Ad</strong></span> <span class='ocrx_word' id='word_1_283' title='bbox 1822 4410 2233 4487; x_wconf 78' lang='lat' dir='ltr'><strong>audientiam,</strong></span> <span class='ocrx_word' id='word_1_284' title='bbox 2290 4408 2365 4470; x_wconf 84' lang='lat' dir='ltr'><strong>de</strong></span> <span class='ocrx_word' id='word_1_285' title='bbox 2422 4409 2645 4470; x_wconf 81' lang='lat' dir='ltr'><strong>Eccles.</strong></span> 
     </span>
    </p>
   </div>
  </div>
 </body>
</html>
