3146 4973
1225 323 1553 375 31·me
1599 326 1672 373 11.
1744 338 1751 349 ·
2436 312 2568 377 675

314 449 449 524 -N.,
481 447 811 527 Episcopus
836 450 920 512 W.
953 478 1039 495 -—-
1066 451 1334 529 Lectum,
1366 452 1588 529 latum,
1624 457 1685 513 et
1711 451 2096 531 publicatum
2121 452 2243 531 ficit
2281 454 2570 531 supradi-

337 567 495 623 ctum
537 564 835 625 decretum
879 565 1449 644 dismmbrationis‚
1497 574 1559 629 et
1608 570 1923 631 erectionis
1965 573 2311 650 respective,
2351 571 2498 634 die..
2515 615 2562 647 ,,

337 682 406 739 in
443 679 729 757 aula....‚
763 684 1162 761 praesentibus
1207 685 1349 746 NN.
1409 684 1695 761 testibus,
1741 689 1853 746 etc.
1886 717 1974 731 —
2016 686 2127 762 N„
2172 687 2569 763 cancelbarivs

335 798 713 876 episcopalis.

1346 1044 1353 1056 ’
1402 1074 1519 1137 111.

702 1338 1020 1388 romaum
1070 1339 1458 1390 EREC'rloms
1504 1340 1780 1389 vchluAE
1825 1341 2201 1393 PERPETUAE.

415 1601 574 1663 Cum
620 1604 689 1663 in
733 1605 941 1662 nostra
983 1605 1331 1664 visitatione
1371 1604 1663 1682 qenerali,
1718 1603 1929 1665 habita
1966 1607 2032 1665 in
2079 1610 2243 1666 terra
2278 1608 2358 1668 N.
2395 1604 2572 1689 hujus

318 1723 551 1780 nostroe
577 1718 865 1795 dioecesis,
895 1722 1298 1781 invenerimus
1331 1725 1399 1782 in
1427 1722 1672 1782 ecclesia
1708 1721 2027 1801 colleyiata
2059 1722 2167 1783 sub
2198 1725 2572 1787 invocatione

314 1838 527 1897 sancti
563 1838 643 1899 N.
678 1853 886 1897 curam
926 1839 1271 1898 animarum
1312 1837 1504 1899 eidem
1539 1854 1844 1898 annexam
1880 1841 2150 1899 exerceri
2187 1856 2227 1900 a
2271 1844 2573 1902 canonicis

307 1955 660 2030 promiscue
708 1956 767 2012 et
820 1955 1147 2030 turnatim,
1184 1970 1305 2014 non
1357 1955 1487 2014 sine
1540 1953 1813 2032 neqlectu
1853 1970 1875 2015 .·
1926 1953 2186 2015 volentes
2227 1956 2571 2016 animarum

311 2068 517 2129 saluti
558 2067 881 2129 salubriter
929 2067 1268 2147 providere,
1301 2074 1359 2130 et
1407 2086 1519 2146 pro
1557 2069 1704 2130 bono
1750 2072 2040 2148 reyimine
2085 2071 2428 2132 earumdem
2481 2076 2570 2132 ita

307 2182 613 2263 expedire
643 2182 1031 2262 judicantes,
1073 2182 1321 2243 titulum
1360 2189 1419 2245 et
1457 2187 1753 2245 vicariam
1778 2190 2133 2264 perpetuam
2169 2188 2237 2246 in
2271 2185 2437 2247 dicta
2479 2204 2571 2247 ec·

306 2298 506 2360 etesia
556 2298 874 2379 collegiata
927 2303 1155 2378 eriqere
1200 2303 1526 2360 statuimus
1579 2318 1601 2360 :
1647 2305 1834 2380 prout
1884 2303 2247 2362 auctoritate
2300 2302 2485 2363 Nobis
2529 2320 2570 2363 a

303 2433 491 2476 sacro
522 2415 776 2476 concilio
808 2416 1162 2477 Tridentino
1182 2412 1350 2500 (sess.
1389 2420 1451 2493 7,
1491 2434 1626 2497 cap.
1667 2422 1731 2494 7,
1761 2417 1837 2477 de
1851 2411 2147 2499 Reform.)
2183 2421 2243 2477 et
2278 2434 2318 2477 a
2355 2421 2570 2479 consti-

302 2539 560 2598 tutione
584 2539 784 2596 sancti
813 2537 918 2598 Pii
951 2539 1152 2614 quinti
1183 2533 1293 2611 47,
1322 2540 1382 2595 et
1410 2538 1573 2597 omni
1602 2535 1729 2596 alio
1765 2536 2003 2597 meliori
2029 2537 2176 2616 jure
2212 2555 2328 2616 quo
2358 2556 2570 2618 possu-

299 2669 481 2729 mus,·
510 2669 639 2731 pro
666 2668 786 2711 uno
810 2650 1182 2730 presbytero,
1218 2655 1509 2730 perpetuo
1538 2652 1747 2730 futuro
1777 2654 2027 2727 vicari0,
2049 2654 2155 2730 qui
2184 2654 2339 2714 inibi
2364 2670 2563 2733 perso-

296 2768 556 2828 naliter
582 2767 865 2843 resideat,
887 2771 946 2826 et
985 2783 1192 2827 curam
1223 2769 1567 2827 animarum
1599 2766 1923 2845 proesatam
1948 2783 2246 2845 exercere,
2282 2785 2353 2827 ac
2384 2767 2556 2828 illius

296 2887 557 2946 intuitu
598 2901 703 2943 seu
734 2900 937 2958 causa,
978 2883 1172 2944 eidem
1210 2886 1277 2944 in
1313 2883 1544 2944 divinis
1592 2884 1914 2960 deservire,
1950 2888 2010 2944 et
2045 2883 2441 2963 parochianis
2479 2901 2565 2945 ec-

293 3001 661 3061 clesiastica
697 3002 1071 3059 sacramenta
1112 3001 1487 3076 ministrare,
1539 3016 1766 3060 necnon
1809 3001 2011 3060 omnia
2039 3003 2098 3060 et
2124 3000 2389 3078 sinqula,
2434 3018 2566 3079 quoe

291 3119 386 3180 ad
430 3114 779 3197 parochiam
814 3120 874 3176 et
916 3121 1194 3176 curatum
1242 3115 1317 3176 de
1348 3118 1506 3195 jure,
1555 3116 2000 3189 consuetudine,
2043 3118 2415 3193 necessitate,
2453 3121 2563 3177 aut

290 3236 473 3296 alias
502 3231 942 3311 quomodolibet
973 3236 1265 3312 spectant,
1308 3232 1505 3310 facere
1531 3237 1593 3292 et
1623 3249 1831 3309 yerere
1855 3231 2086 3305 debeat,
2118 3235 2406 3310 perpetuo
2441 3235 2561 3292 eri-

286 3354 515 3429 9imus
566 3351 625 3407 et
665 3350 1071 3423 instituimus,·
1114 3365 1154 3406 a
1200 3346 1360 3406 dicto
1413 3346 1680 3425 capitulo
1728 3349 2149 3406 canonicorum
2194 3347 2559 3408 nominando

290 3470 358 3526 et
381 3462 859 3545 praesentanda,
896 3467 955 3522 et
985 3478 1025 3522 a
1058 3461 1243 3523 Nobis
1271 3466 1330 3520 et
1359 3461 1792 3521 successoribus
1826 3463 2053 3522 nostris
2084 3461 2469 3540 approbando
2499 3466 2560 3521 et

282 3577 737 3642 instituendo:
775 3594 1091 3656 curamque
1114 3576 1499 3656 proedictam‚
1523 3578 1833 3655 privative
1860 3575 1943 3638 ad
1973 3575 2311 3655 colleqium,
2364 3581 2558 3637 trans·

279 3697 608 3777 ferimus,
646 3697 703 3753 et
753 3692 944 3753 eidem
998 3694 1228 3752 vicario
1283 3694 1688 3768 annectimus,
1727 3696 1786 3751 et
1832 3696 2115 3771 perpetuo
2166 3694 2549 3770 imponimus.

280 3816 614 3889 Curoeque
649 3810 737 3867 sic
778 3811 1016 3884 erectoe,
1044 3824 1159 3886 pro
1205 3810 1332 3885 ejus
1367 3807 1503 3867 dote
1549 3810 1611 3866 et
1652 3809 1873 3866 vicarii
1914 3809 2378 3883 sustentatione,
2413 3826 2548 3869 scu-

279 3937 353 3992 ta
363 3971 526 3993 .....
536 3971 564 4002 ,
599 3941 679 3984 ex
714 3925 986 4002 propriis
1026 3922 1323 4001 fructibus
1372 3926 1431 3982 et
1482 3922 1778 3983 reditibus
1830 3922 2091 4002 ejusdem
2136 3922 2390 3984 ecclesioe
2435 3924 2557 3984 col·

276 4049 596 4129 leqiatoe,
630 4044 917 4120 perpetuo
970 4039 1378 4119 applicamus,
1426 4042 1889 4119 appropriamus
1929 4044 1988 4100 et
2032 4042 2453 4120 assiqnamus,·
2497 4048 2556 4104 et

266 4181 399 4247 per
439 4160 659 4223 dictos
690 4159 1002 4218 canonicos
1035 4161 1094 4217 et
1133 4155 1469 4237 capitulum
1499 4156 1739 4235 sinyulo
1768 4173 1932 4218 anno·
1962 4157 2153 4235 tradi,
2175 4161 2234 4219 et
2261 4175 2380 4238 pro
2415 4163 2554 4221 rata

267 4275 582 4359 sinqulis
636 4272 936 4334 mensibus
994 4272 1150 4333 solvi
1200 4272 1559 4334 mandamus
1577 4316 1595 4348 ,
1643 4271 1813 4333 ultra
1869 4274 2267 4334 emolumenta
2321 4278 2555 4337 incerta

270 4393 557 4460 servitii
606 4393 683 4450 et*
714 4390 993 4450 eoeercitii
1049 4403 1246 4465 curce,
1288 4391 1493 4468 primo
1548 4386 1895 4451 remanente
1933 4394 2111 4451 statu
2153 4390 2435 4454 ecclesia.
2470 4392 2554 4452 Et
