3146 4973
658 335 790 399 676
1331 346 1709 395 TRACTATns
1755 348 1842 395 nn
1887 347 2212 395 PAnocno.

655 479 747 536 ita
793 476 1093 553 exiqmus
1130 477 1190 534 et
1230 476 1555 552 respective
1600 473 2014 551 ασείφιαηιω,
2052 476 2245 547 omni,
2292 476 2404 534 etc.
2449 505 2541 518 —
2577 475 2685 545 N.‚
2729 474 2863 552 Epi-

652 608 856 670 scopus
903 591 982 653 N.
1027 622 1118 635 —
1160 590 1269 663 N„
1302 588 1723 664 cancellarius,
1759 594 1819 648 et
1857 589 2227 649 visitationis
2265 591 2544 650 notarius
2589 593 2647 649 et
2689 605 2864 649 ucre-

661 710 884 770 tarius.

1727 1008 1837 1071 w.

802 1273 1111 1322 mRMULA
1158 1271 1633 1320 DEPUTATloms
1679 1270 2004 1319 OEconom
2054 1271 2399 1319 PAnocmAE
2445 1272 2748 1320 vAcAnTt.

743 1539 848 1609 Ν.,
876 1537 1203 1613 Episcopus
1226 1536 1284 1596 N
1291 1533 1634 1595 .—-Dilecto
1665 1533 1846 1595 Nobis
1872 1535 1939 1593 in
1961 1531 2204 1594 Christo
2229 1534 2575 1613 presbytero
2609 1537 2876 1596 soeculari

651 1654 732 1715 N.
769 1650 1022 1711 salutem
1050 1653 1115 1709 in
1144 1651 1418 1711 Domino,
1464 1683 1523 1692 —
1554 1647 1903 1710 Parochiali
1933 1648 2176 1709 ecclesia
2206 1650 2284 1711 N.
2323 1656 2596 1724 vacante,
2633 1653 2776 1729 Nos,
2803 1655 2878 1713 ad

649 1786 794 1847 quos
820 1772 1071 1846 spectat,
1106 1784 1180 1826 ne
1203 1765 1431 1826 subditi
1459 1765 1630 1825 illius
1658 1782 1816 1824 curoe
1847 1769 1913 1825 in
1941 1766 2362 1844 spiritualibus
2391 1767 2763 1847 adjumentis
2787 1769 2876 1829 ἀο-

656 1888 1003 1944 trimentum
1058 1885 1347 1955 sentiant,
1388 1881 1518 1940 illis
1577 1880 1651 1941 de
1705 1881 1914 1941 idoneo
1965 1882 2305 1957 sacerdote,
2358 1885 2463 1960 qui
2509 1890 2874 1944 sacramenta

651 1999 1061 2072 administret,
1093 1996 1411 2076 providere
1436 1995 1721 2072 volentes,
1762 1999 2001 2075 coquito
2025 2014 2139 2075 per
2164 2014 2414 2058 examen
2448 2002 2553 2059 tua
2593 1997 2878 2076 sufficien-

656 2118 771 2191 tia,
807 2120 865 2175 et
896 2115 971 2175 de
1000 2116 1168 2192 cujus
1198 2116 1327 2173 vita
1360 2117 1417 2172 et
1449 2112 1714 2172 moribus
1751 2111 2081 2190 plurimum
2120 2116 2184 2173 iu
2214 2114 2465 2173 Domino
2496 2114 2871 2189 confidimus,

657 2235 714 2291 te
740 2236 807 2291 in
843 2234 1160 2304 vicarium,
1193 2232 1320 2288 sive
1354 2245 1710 2288 oeconomum
1739 2228 1917 2287 dictoe
1951 2228 2208 2289 ecclesioe
2250 2228 2626 2306 parochialis
2670 2234 2879 2290 consti·

657 2350 881 2407 tuimus
910 2352 969 2407 et
1000 2346 1375 2425 deputamus,
1424 2345 1686 2405 durante
1715 2348 2044 2420 vacatione,
2083 2351 2144 2405 et
2169 2345 2354 2406 donec
2382 2346 2457 2406 de
2485 2353 2719 2407 rectore
2747 2365 2878 2428 pro-

656 2460 968 2538 videatur,·
1000 2475 1133 2520 cum
1162 2458 1452 2538 facultate
1488 2460 1705 2517 missas
1735 2454 2139 2538 parochiales,
2181 2461 2241 2518 et
2276 2457 2405 2520 alia
2439 2458 2664 2520 divina
2694 2458 2879 2539 officia

655 2575 1015 2648 celebrandi,
1049 2577 1424 2634 sacramenta
1460 2575 1663 2633 omnia
1707 2572 2122 2647 ministrandi,
2163 2579 2222 2633 et
2260 2574 2420 2633 alias
2453 2574 2878 2636 ecclesiasticas

656 2696 715 2751 et
757 2688 1133 2768 parochiales
1168 2688 1503 2765 functiones
1555 2687 1833 2762 obeundi,
1878 2686 1962 2747 ad
1999 2704 2130 2766 quoe
2168 2693 2423 2764 tenetur,
2459 2694 2516 2748 et
2544 2693 2878 2750 animarum

658 2804 908 2882 quilibet
948 2809 1140 2863 rector
1181 2807 1471 2881 proestare
1530 2807 1590 2861 et
1646 2800 1809 2861 obire
1852 2801 2023 2878 solet,
2073 2819 2205 2864 cum
2262 2819 2523 2881 conqrua
2585 2805 2876 2881 sumtuum

650 2918 1025 3000 parochialis
1055 2921 1336 2998 portione
1365 2922 1608 2979 scut...
1645 2933 2003 2992 annuorum,
2057 2918 2168 2978 tibi
2200 2917 2381 2978 libere
2416 2920 2663 2997 sinqulo
2703 2935 2881 2980 mense

657 3053 770 3115 pro
792 3041 935 3096 rata
959 3035 1374 3114 persolvenda.
1408 3068 1499 3079 —
1527 3035 1602 3094 In
1624 3051 1898 3112 quorum,
1935 3040 2047 3094 etc.
2081 3068 2166 3080 -
2199 3036 2305 3110 N.,
2339 3037 2677 3114 Episcopus
2697 3038 2775 3098 N.
2805 3068 2880 3080 —

662 3151 773 3227 N.,
807 3149 1203 3211 cancellarius
1248 3150 1626 3228 episcopalis.
1661 3181 1752 3194 —-
1787 3147 1870 3211 Et
1923 3155 2206 3229 ponatur
2253 3147 2533 3229 sigillum
2582 3153 2881 3212 consueto

661 3264 829 3330 loco.

1734 3513 1809 3576 V.

828 3783 1137 3830 FORMULA
1182 3780 1659 3830 DEPUTATmMs
1705 3781 2178 3841 cOADJuToms‚
2235 3783 2389 3829 ΒΑΤΙ
2436 3784 2747 3833 amoeno

1619 3897 1959 3944 lMPEm'rO.

750 4164 807 4224 N
817 4206 862 4236 .,
902 4161 1226 4239 Episcopus
1260 4158 1337 4219 N.
1373 4188 1465 4201 --
1502 4155 1756 4232 Dilecto,
1798 4162 1911 4217 etc.
1948 4189 2040 4202 —
2069 4157 2335 4236 Eaepedit
2365 4175 2722 4238 ’παμπορθῆ
2745 4162 2866 4218 oni·

662 4295 897 4339 marum
929 4273 1143 4348 saluti,
1173 4288 1213 4332 a
1236 4272 1441 4349 diffluis
1467 4276 1648 4350 atque
1675 4271 1905 4334 idoneis
1922 4271 2247 4351 parochias
2286 4272 2632 4351 ailbei-nari.
2665 4274 2744 4335 Ut
2767 4274 2871 4351 cys-

659 4401 760 4456 ταν
794 4392 864 4452 id
893 4392 1087 4469 juxta
1113 4386 1355 4448 concilii
1389 4387 1742 4450 Tridentini
1771 4387 2012 4449 decreta
2051 4388 2377 4450 salubriter
2411 4395 2762 4469 eoeeqacaim.
2797 4393 2864 4457 ie,
