3146 4973
695 322 824 385 332
1372 327 1752 376 raso-rarus
1787 328 1877 375 ns
1917 326 2245 376 ranocno.

698 478 731 517 a
768 462 928 533 tam,
959 451 1426 520 conferantur:
1459 447 1652 514 aliter
1685 455 1905 514 autem
1941 445 2115 514 facta
2146 447 2404 515 collatio
2443 449 2583 517 sive
2613 450 2915 534 provisio,

698 595 730 632 a
764 570 1024 636 omnino
1044 567 1388 634 irritetur:
1417 572 1487 630 et
1515 561 1883 630 ordinarius
1911 562 2180 630 collator
2204 582 2431 649 poenas
2446 566 2923 633 constitutionis

699 710 732 747 «
764 683 1018 752 concilii
1049 680 1389 766 generalis,
1423 696 1565 764 quoe
1599 678 1828 763 incipit
1850 698 2036 760 qrave
2063 684 2269 756 nimis,
2307 697 2379 745 se
2401 681 2662 746 noverit
2705 679 2922 746 incur·

697 826 728 862 α
765 818 990 866 surum
1030 822 1062 859 υ
1102 798 1281 884 (sess.
1321 800 1482 873 7,'c.
1517 792 1612 879 3).
1650 792 1815 860 Vide
1861 796 2059 861 etiam
2102 802 2301 879 caput
2343 799 2446 874 12,
2485 798 2783 862 sessionis
2809 798 2915 875 24,

691 916 805 982 ubi
833 931 1138 999 expresse
1162 911 1338 976 dicta
1369 918 1526 976 aetas
1553 911 1915 996 requiritur
1945 927 2066 992 pro
2093 908 2520 994 dignitatibus
2549 930 2772 977 curam
2799 911 2924 977 ani-

692 1049 943 1097 marum
970 1027 1382 1094 habentibus.

778 1149 848 1212 2⁰
882 1141 1385 1228 Intelligendum
1432 1142 1599 1208 hanc
1644 1142 1859 1225 legem
1905 1142 2101 1207 etiam
2147 1140 2234 1208 de
2282 1142 2537 1207 vicariis
2592 1145 2926 1228 perpetuis

689 1260 1153 1347 parochialium
1176 1257 1624 1335 ecclesiarum,
1643 1262 1712 1322 et
1729 1257 2088 1340 generatim
2110 1254 2195 1322 de
2221 1256 2519 1325 omnibus
2536 1256 2925 1325 habentibus

681 1376 1205 1462 jurisdictionem
1236 1372 1661 1458 spiritualem,
1698 1373 1990 1457 quamvis
2011 1372 2140 1438 fori
2173 1374 2434 1440 externi
2461 1381 2738 1453 tantum,
2770 1374 2922 1442 vide

688 1493 865 1577 apud
889 1491 1285 1558 Lenrenium
1313 1494 1554 1576 (Forum
1579 1489 1942 1567 beneficiate,
1982 1495 2169 1572 parte
2206 1491 2265 1568 1,
2307 1508 2371 1574 q.
2405 1493 2557 1568 217,
2582 1509 2652 1556 n.
2681 1488 2772 1574 2).

775 1611 844 1674 3⁰
874 1609 1036 1673 Cum
1086 1604 1401 1690 praedicta
1449 1604 1557 1670 lex
1598 1602 1682 1668 de
1723 1604 2034 1688 requisita
2087 1602 2173 1668 ad
2223 1603 2594 1687 parochiale
2644 1604 2920 1672 officium

686 1731 899 1804 aetate,
943 1721 1325 1788 universalis
1353 1721 1459 1797 sit,
1493 1738 1624 1786 non
1667 1738 1853 1803 posse
1886 1720 2277 1803 Episcopum
2309 1720 2393 1786 ab
2432 1739 2506 1786 ea
2539 1719 2920 1805 dispensare

686 1835 1213 1908 concludendum
1239 1841 1363 1902 est.
1395 1834 1584 1922 (Vide
1613 1835 2031 1912 Lenrenium‚
2058 1835 2258 1900 citato
2280 1835 2447 1914 loco,
2480 1854 2548 1921 q.
2572 1838 2727 1915 217,
2751 1856 2821 1902 n.
2851 1840 2920 1918 33

685 1963 755 2022 et
799 1974 866 2041 q.
919 1950 1102 2037 228.)
1156 1953 1321 2018 Hinc
1368 1949 1455 2016 ad
1498 1949 1735 2016 Sedem
1789 1949 2216 2033 Apostolicam
2277 1952 2530 2016 recurri
2584 1952 2754 2019 solet
2804 1970 2932 2037 pro

688 2071 883 2135 hacce
915 2066 1427 2153 dispensatione;
1464 2084 1608 2151 quae
1645 2072 1714 2130 et
1777 2082 2244 2149 nonnunquam
2272 2064 2689 2150 conceditur3
2728 2074 2928 2151 prout

683 2200 987 2250 concessa
1004 2188 1127 2259 est,
1160 2180 1348 2246 verbi
1369 2180 1599 2264 gratia,
1637 2179 1704 2244 in
1732 2196 1925 2244 causa
1946 2183 2250 2243 Nucerina
2280 2182 2361 2244 10
2378 2180 2600 2264 aprilis
2631 2182 2824 2258 1802,
2851 2188 2931 2247 ut

688 2292 914 2361 videre
939 2300 1044 2359 est
1068 2294 1136 2357 in
1164 2294 1465 2357 Thesauro
1491 2294 1945 2369 resolutionum,
1968 2298 2149 2355 tomo
2180 2294 2291 2371 68,
2320 2310 2467 2377 pag.
2510 2296 2620 2360 73.

773 2411 1077 2493 QUAESTIO
1101 2410 1191 2474 2·.
1229 2444 1318 2455 —-
1364 2412 1459 2472 An
1499 2416 1558 2471 et
1588 2406 1786 2491 qualis
1816 2410 1961 2471 ordo
1995 2414 2338 2490 requiratur
2363 2418 2432 2473 ut
2460 2414 2594 2493 quis
2622 2416 2916 2475 constitus

674 2532 871 2609 possit
892 2526 1233 2608 parochus?
1261 2559 1347 2571 —
1384 2529 1448 2587 1⁰
1483 2521 1691 2609 Hujus
1728 2523 2097 2609 quaestionis
2135 2525 2369 2590 solutio
2404 2526 2733 2612 praecipue
2763 2545 2932 2611 pen-

682 2641 800 2708 det
827 2661 866 2706 a
894 2639 1151 2706 duobus
1184 2638 1612 2725 sequentibus
1637 2638 1929 2706 textibus
1965 2661 1980 2703 z
2010 2644 2343 2719 Proeterea,
2380 2644 2518 2704 licet
2544 2645 2628 2706 ad
2656 2649 2930 2726 regimen

682 2760 1028 2840 paroecialis
1074 2759 1331 2820 ecclesioe
1383 2775 1504 2820 non
1549 2759 1759 2820 debeat
1799 2758 2058 2838 aliquis,
2103 2762 2228 2820 nisi
2274 2760 2669 2823 subdiaconus
2709 2765 2795 2823 sit
2832 2765 2927 2824 ad

685 2881 904 2952 minus,
948 2878 1230 2955 admitti,·
1273 2877 1681 2957 dispensative
1713 2882 1910 2939 tamen
1941 2882 2008 2939 in
2049 2877 2380 2939 minoribus
2426 2880 2737 2942 ordinibus
2775 2898 2924 2944 oon-

679 2997 886 3056 stituti
930 2995 1361 3055 consueverunt
1398 2995 1626 3052 assumi
1667 3010 1688 3053 :
1727 2992 1872 3053 dum
1913 2998 2113 3054 tamen
2171 2993 2321 3054 tales
2363 2997 2511 3071 sint,
2556 2995 2714 3073 quod
2749 2995 2924 3071 infra

679 3110 851 3171 breve
900 3113 1128 3189 ternpus
1169 3110 1411 3188 possint
1464 3109 1531 3168 in
1570 3107 1952 3188 presbyteros
1999 3108 2300 3171 ordinari.
2372 3107 2473 3172 Ita
2528 3106 2926 3173 decreverat

678 3220 1046 3290 Alexander
1067 3222 1165 3288 111
1189 3221 1424 3307 (capite
1453 3225 1759 3287 Proeterea
1786 3224 1849 3302 5,
1880 3222 2057 3286 tituli
2077 3225 2152 3287 de
2174 3227 2255 3289 AE
2261 3228 2386 3287 tate
2403 3231 2461 3287 et
2484 3226 2782 3306 qualitate
2802 3224 2918 3297 1⁴,

674 3337 827 3405 libri
883 3340 906 3402 1
954 3334 1156 3404 decre
1165 3334 1440 3422 talium).
1504 3337 1743 3404 Postea
1784 3353 1944 3404 vero
1983 3336 2232 3421 prodiit
2265 3337 2613 3405 decretalis
2656 3339 2928 3406 Bonifa-

677 3453 761 3520 cii
791 3453 967 3530 vm,
997 3451 1349 3537 disponens
1370 3453 1435 3517 in
1463 3451 1636 3518 hunc
1671 3452 1980 3519 modum:
2017 3459 2088 3521 Si
2109 3475 2227 3538 pro
2258 3458 2492 3520 clericis
2513 3459 2912 3540 pauperibus,

676 3572 772 3634 vel
810 3571 981 3648 aliis,
1019 3575 1258 3632 nostras
1300 3570 1564 3646 litteras,
1602 3576 1672 3633 ut
1709 3574 1797 3633 eis
1831 3574 1907 3634 de
1949 3573 2253 3652 beneficiis
2288 3574 2638 3653 provideas,
2672 3578 2925 3638 etiamsi

673 3689 1017 3748 animarum
1063 3703 1211 3746 cura
1246 3689 1330 3747 sit
1374 3703 1618 3748 annexa
1662 3689 1905 3766 eisdem,
1954 3693 2211 3771 recipere
2270 3695 2326 3751 te
2367 3695 2709 3770 continqat,·
2762 3695 2928 3772 ipsis

677 3802 841 3885 (licet
868 3818 973 3864 nec
1002 3806 1070 3864 in
1094 3806 1283 3864 sacris
1306 3806 1430 3866 sint
1456 3809 1771 3868 constituti
1791 3807 2129 3886 ordinibus,
2151 3825 2256 3870 nec
2282 3809 2357 3870 de
2378 3809 2612 3888 defectu
2629 3808 2924 3870 ordinm

676 3923 741 3981 in
771 3917 996 3980 eisdem
1031 3918 1256 3980 litteris
1286 3923 1508 3982 mentio
1534 3917 1848 4005 habeatur)
1875 3926 2111 4003 poteris
2137 3924 2212 3985 de
2244 3920 2545 3998 beneficiis
2570 3940 2780 3984 curam
2803 3923 2932 3984 loa-

673 4034 943 4097 bentibus
988 4035 1153 4097 licite
1185 4037 1540 4116 providere,·
1570 4055 1678 4099 nec
1726 4043 2035 4118 proetextu
2070 4038 2224 4099 dicti
2254 4039 2517 4117 defectus
2549 4042 2654 4099 tua
2676 4043 2932 4119 poterit

662 4154 935 4230 provisio
960 4154 1329 4233 impuynari.
1356 4154 1667 4233 Oportebit
1693 4157 1892 4214 tamen
1915 4160 1982 4215 ut
2007 4157 2127 4236 ipsi
2151 4155 2234 4216 ad
2251 4155 2515 4232 ordines,
2542 4171 2688 4233 quos
2711 4159 2936 4233 requi-

674 4272 817 4328 runt
844 4268 1070 4330 collata
1097 4271 1185 4328 eis
1202 4267 1508 4344 beneficia,
1519 4285 1582 4328 se
1600 4269 1836 4346 saciant
1863 4271 1929 4328 in
1955 4272 2255 4348 proximis
2268 4272 2517 4331 statutis
2545 4286 2586 4330 a
2593 4273 2741 4350 jure
2768 4275 2940 4332 tem-

661 4383 912 4464 poribus
930 4385 1274 4464 promoveri
1310 4378 1533 4462 (capnt
1556 4384 1620 4455 8,
1658 4379 1826 4444 tituli
1860 4383 1935 4444 de
1964 4384 2312 4447 Proebendis
2335 4383 2399 4460 4,
2424 4382 2577 4448 libri
2608 4386 2674 4460 3,
2711 4383 2776 4447 in
2805 4383 2886 4466 6)
2911 4438 2928 4451 .
