3146 4973
1234 380 1407 484 rAas·
1433 437 1717 496 QUAR'rA.
2457 422 2585 488 469

357 577 611 625 merum
640 561 839 625 sacris
866 561 1190 644 mysteriis
1220 559 1623 625 defraudari.
1666 563 1799 626 Nec
1825 560 2084 628 dicatur
2117 565 2462 628 intrinsece
2493 581 2591 628 re·

358 693 649 759 pugnare
697 673 899 739 divini
945 675 1238 741 sacrificii
1279 677 1341 738 in
1386 674 1615 740 eadem
1649 678 1923 743 ecclesia
1954 678 2389 752 iterationem,
2437 697 2586 743 cum

355 791 751 855 contrarium
790 790 1032 873 probet
1079 790 1323 873 triplex
1362 809 1668 855 concessa
1716 792 1904 857 missa
1949 793 2016 856 in
2054 791 2162 857 die
2195 793 2436 858 Natalis
2463 795 2589 857 Do-

358 905 531 980 mini,
575 912 643 969 et
681 905 975 986 priorum
1021 905 1322 970 Ecclesiae
1370 906 1751 969 saeculorum
1798 913 1987 970 vetus
2023 905 2379 989 disciplina.
2424 908 2588 972 Hinc

355 1018 484 1084 dici
522 1020 751 1102 nequit
795 1020 1068 1103 requiri,
1118 1018 1336 1103 quoad
1370 1018 1733 1085 iterandam
1773 1022 1839 1085 in
1871 1020 2102 1086 eadem
2138 1021 2413 1086 ecclesia
2439 1023 2586 1086 mis-

354 1155 512 1211 sam,
546 1132 731 1199 Sedis
767 1134 1147 1216 Apostolieae
1185 1134 1586 1211 facultatem,
1638 1136 1762 1199 nisi
1794 1143 1979 1200 certo
2017 1143 2269 1201 constet
2302 1138 2589 1202 interve-

352 1253 520 1316 nisse
558 1250 677 1314 hac
710 1251 777 1314 in
807 1268 881 1314 re
915 1249 1208 1334 ejusdem
1235 1249 1408 1315 sedis
1443 1251 1723 1334 aliquam
1762 1251 2271 1334 dispositionem,
2301 1270 2427 1336 qua
2466 1252 2586 1315 sibi

352 1365 731 1431 facultatem
755 1363 919 1429 hanc
947 1365 1414 1429 reservaverit.
1453 1366 1683 1442 Porro,

438 1482 524 1546 II.
560 1484 659 1546 De
692 1479 1065 1564 hujusmodi
1094 1483 1537 1545 reservatione
1572 1481 1944 1547 nullatenus
1973 1490 2245 1547 constat.
2283 1485 2418 1548 Non
2446 1487 2586 1568 qui-

354 1596 507 1661 dem
542 1614 850 1678 expresse
889 1617 971 1661 ex
1000 1597 1214 1681 aliquo
1244 1595 1551 1679 decret03
1591 1595 1843 1660 nullum
1886 1595 2204 1680 siquidem
2244 1599 2312 1660 in
2348 1598 2585 1680 proba-

349 1713 593 1776 tionem
631 1711 1015 1792 adducitur3
1058 1719 1126 1776 et
1160 1712 1214 1774 si
1250 1709 1426 1795 quod
1462 1718 1773 1786 exstaret,
1811 1731 1939 1776 non
1979 1711 2141 1776 illud
2177 1713 2580 1794 ignorassent

350 1834 463 1890 aut
487 1826 807 1891 siluissent
839 1828 1020 1892 citati
1050 1827 1445 1892 Benedictus
1482 1827 1626 1891 XIV
1660 1836 1729 1892 et
1767 1825 2121 1892 cardinalis
2151 1827 2406 1902 zelada,
2435 1848 2578 1892 rem

350 1960 431 2006 ex
458 1941 749 2023 professo
786 1948 1144 2006 tractantes
1189 1963 1202 2005 z
1232 1941 1353 2006 sed
1383 1959 1598 2024 neque
1642 1942 1954 2023 implicite
1985 1959 2102 2005 seu
2128 1941 2451 2006 indirecte
2493 1963 2572 2007 ex

345 2056 897 2121 declarationibus
956 2065 1026 2121 et
1080 2059 1266 2138 praxi
1318 2057 1663 2121 Sacrarum
1704 2057 2317 2138 congregationum,
2355 2066 2428 2122 ut
2464 2059 2584 2123 sibi

348 2172 576 2237 videre
608 2174 779 2236 visus
802 2179 901 2237 est
932 2171 1371 2254 praelaudatus
1402 2170 1759 2238 modernus
1788 2174 2088 2254 scriptor.
2113 2174 2268 2237 Nam
2301 2192 2462 2256 quas
2491 2173 2574 2238 ad

348 2286 737 2352 fulciendam
778 2288 1143 2368 opinionem
1193 2286 1357 2350 banc
1389 2285 1661 2351 adducit
1711 2284 2033 2368 ejusmodi
2085 2284 2576 2363 declarationes,

344 2408 483 2467 tota
513 2420 639 2485 qua
667 2404 847 2484 potui
880 2401 1212 2483 diligentia
1237 2402 1491 2485 perlegi
1520 2408 1590 2466 et
1623 2399 1978 2483 perpendi3
2011 2408 2081 2466 et
2111 2401 2352 2466 nedum
2379 2405 2578 2485 ipsius

340 2520 661 2583 intentum
692 2519 993 2600 probare,
1024 2519 1420 2582 contrarium
1448 2518 1666 2599 potius
1694 2517 1995 2581 evincere
2031 2516 2186 2580 mibi
2219 2519 2365 2582 visae
2395 2525 2567 2584 sunt.

342 2632 415 2698 In
443 2652 568 2718 qua
599 2634 844 2697 minuta
874 2634 1313 2698 controversia
1341 2651 1422 2696 ne
1450 2633 1626 2696 ultra
1662 2632 1972 2695 immorer
2007 2649 2199 2714 quam
2225 2632 2361 2697 fert
2385 2632 2576 2717 hujus

338 2755 656 2813 tractatus
700 2748 996 2813 instituta
1036 2749 1225 2823 ratio,
1276 2747 1592 2812 lectorem
1631 2745 1973 2811 dumtaxat
2027 2747 2441 2829 praemonebo
2499 2757 2574 2811 ut

340 2864 476 2943 ipse
508 2865 640 2928 suis
670 2863 873 2927 oculis
903 2861 1248 2945 praedictas
1275 2878 1497 2925 causas
1516 2862 1897 2943 perlustret.
1919 2861 2080 2925 Sunt
2096 2869 2314 2926 autem
2342 2864 2404 2925 1⁰
2423 2866 2573 2926 Der-

345 2978 659 3057 nammis,
705 2977 790 3042 de
820 2996 947 3061 qua
976 2979 1043 3040 in
1072 2985 1249 3041 tomo
1273 2980 1354 3041 37
1386 2978 1678 3039 Thesauri
1708 2960 2134 3039 resolutionum
2173 2979 2408 3059 agitur,
2449 2979 2570 3043 sub

342 3093 507 3158 datis
534 3094 620 3156 20
644 3094 921 3175 augusti,
952 3097 1027 3156 17
1058 3091 1469 3174 septembris,
1503 3098 1571 3156 et
1595 3094 1678 3156 26
1703 3090 2077 3156 novembris
2109 3094 2302 3173 1758;
2340 3096 2408 3156 2⁰
2424 3099 2568 3157 Am·

337 3211 660 3281 bianensis,
713 3206 839 3271 diei
893 3209 975 3270 22
1029 3206 1182 3271 maii
1238 3207 1429 3281 1841,
1465 3223 1609 3290 quae
1641 3206 1707 3268 in
1746 3204 2127 3268 collectione
2156 3204 2567 3270 Gardelliana

335 3322 619 3387 occurrit
669 3321 790 3386 sub
846 3338 1122 3385 numero
1178 3322 1393 3402 4768;
1456 3324 1525 3384 3⁰
1566 3318 1803 3401 allegat
1858 3317 2127 3402 quidem
2167 3328 2565 3385 memoratus

334 3438 609 3519 scriptor
638 3437 825 3501 aliam
856 3454 1112 3499 causam
1142 3434 1228 3499 ad
1251 3436 1507 3499 Sacram
1530 3435 2110 3517 congregationem
2147 3434 2413 3499 Concilii
2447 3433 2564 3499 de·

336 3553 563 3633 latam3
601 3551 720 3616 sed
743 3551 986 3635 absque
1018 3550 1150 3614 ulla
1173 3549 1325 3625 diei,
1358 3551 1568 3615 locive
1612 3556 1727 3614 aut
1754 3549 2098 3614 voluminis
2129 3548 2556 3630 indicatione;

333 3687 474 3753 quae
505 3677 745 3743 tamen,
771 3674 969 3750 prout
998 3665 1083 3729 ab
1119 3667 1260 3747 ipso
1288 3665 1605 3741 refertur,
1653 3683 1782 3730 non
1820 3667 2020 3745 magis
2057 3682 2249 3748 quam
2279 3663 2413 3728 duo
2438 3665 2560 3729 alia

332 3779 742 3853 documenta,
799 3776 1228 3842 necessariam
1274 3776 1508 3856 probat
1548 3777 1717 3861 (meo
1755 3775 2019 3859 quidem
2054 3773 2324 3858 judicio)
2369 3775 2555 3841 Sedis

332 3890 711 3973 Apostolicae
742 3889 1090 3964 licentiam,
1124 3886 1338 3971 quoad
1369 3887 1783 3951 iterationem
1811 3888 1878 3949 in
1899 3884 2132 3950 eadem
2163 3885 2459 3951 ecclesia.

418 4009 589 4071 Dum
617 4013 838 4070 autem
866 4006 933 4068 in
962 4011 1184 4068 nostra
1219 4003 1524 4085 praesenti
1547 4002 1960 4067 conclusione
1990 4001 2267 4066 diximus
2292 4003 2558 4083 sufficere

328 4121 653 4186 licentiam
691 4119 1012 4201 Episcopi,
1054 4117 1543 4201 intelligendum
1580 4117 1771 4182 simul
1793 4126 1894 4182 est
1930 4138 2072 4183 eam
2103 4125 2351 4200 requiri,
2389 4120 2556 4185 sicut

331 4238 395 4301 in
433 4255 586 4301 casu
609 4236 965 4300 iterationis
990 4235 1059 4299 in
1078 4235 1334 4301 duabus
1364 4233 1602 4300 dissitis
1630 4233 1947 4316 ecclesiis;
1990 4253 2160 4308 cum,
2198 4241 2272 4297 ut
2307 4234 2551 4317 pluries

330 4352 578 4416 dictum
610 4356 733 4426 est,
769 4349 835 4415 hi
866 4349 998 4415 duo
1035 4368 1220 4414 casus
1242 4350 1383 4433 pari
1405 4348 1555 4431 jure
1589 4347 1895 4414 censendi
1927 4350 2077 4412 sint.

420 4469 813 4534 PROPOSITIO
854 4467 1051 4531 vm·.
1085 4504 1175 4516 —
1193 4471 1390 4530 Licita
1418 4485 1537 4530 mm
1563 4472 1651 4528 est
1678 4470 1944 4543 iteratio,
1980 4469 2037 4526 si
2062 4467 2208 4527 aliis
2229 4485 2268 4527 α
2282 4469 2426 4546 jure
2459 4469 2551 4525 ἰη-
