3146 4973
1261 336 1420 385 rans
1461 338 1723 385 renna.
2469 321 2597 388 417

378 462 533 527 tatis
565 469 798 528 teneor
840 460 963 526 hoc
999 466 1133 525 tam
1182 476 1383 542 grave
1424 461 1613 526 amici
1659 460 1790 526 mei
1842 458 2151 526 damnum
2199 479 2597 546 praecavere.

380 576 678 642 Diximus
715 583 935 641 antem
978 576 1041 639 in
1079 573 1272 652 thesi,
1298 579 1565 640 notabile
1606 579 1917 655 damnum,
1953 579 2030 639 ab
2073 583 2394 641 amissione
2436 580 2606 642 bene-

378 692 511 771 ficii
538 696 868 757 diversum.
900 691 1061 756 Nam
1091 709 1215 775 per
1241 692 1444 756 solam
1469 690 1776 756 beneficii
1805 690 2196 756 ablationem
2228 692 2407 758 nulla
2435 694 2498 759 ei
2528 693 2605 758 fit

380 806 636 891 injuria,
673 826 823 872 cum
864 806 1029 874 illud
1076 804 1409 874 retinendi
1448 805 1556 892 jus
1596 825 1727 873 non
1769 805 2029 885 habeat,
2062 805 2184 872 nisi
2225 809 2408 872 donec
2446 828 2606 872 revo-

378 931 571 987 cetur.

473 1040 869 1108 Pnorosmo
906 1039 1008 1105 Vt.
1044 1077 1133 1088 ——-
1166 1042 1447 1105 Generali
1477 1042 1725 1122 reyuloe,
1759 1044 1917 1122 quod
1953 1060 2236 1106 revocans
2266 1047 2397 1106 sine
2428 1063 2607 1106 causa

380 1167 595 1223 utatur
602 1163 744 1241 jure
772 1177 902 1238 suo,
938 1159 1297 1239 apponenda
1322 1162 1505 1220 etiam
1534 1164 1624 1220 est
1664 1163 1934 1239 exceptio
1969 1179 1991 1221 .·
2019 1164 2143 1222 nisi
2184 1166 2465 1240 &meatur
2497 1162 2609 1223 da-

382 1294 588 1338 mnum
606 1279 774 1336 tertii
796 1270 1511 1337 notabile.-Probatur
1541 1274 1562 1336 l
1580 1277 1606 1305 ⁰
1621 1270 1967 1338 doctorum
1981 1274 2399 1341 auctoritate.
2422 1275 2579 1340 Nam
2589 1323 2606 1351 ‚

382 1397 458 1454 ut
483 1388 805 1473 superiori
838 1387 1241 1471 paragrapho
1265 1387 1642 1464 retulimus,
1680 1388 2055 1453 existimant
2084 1388 2273 1455 multi
2304 1387 2450 1454 fieri
2480 1409 2609 1455 nou

383 1524 571 1590 posse
613 1505 1091 1571 revocationem
1140 1504 1275 1569 sine
1331 1521 1524 1568 causa
1541 1550 1558 1580 ‚
1599 1501 1861 1587 quando
1904 1502 2058 1569 inde
2095 1512 2447 1588 exurgeret
2479 1523 2613 1570 ma·

384 1640 583 1706 gnum
609 1621 924 1704 parochiae
965 1617 1445 1704 praejudicium5
1478 1619 1642 1683 etin
1669 1618 1794 1684 hoc
1826 1638 1978 1685 casn
2015 1616 2158 1685 dari
2196 1621 2413 1686 locum
2446 1640 2611 1706 que-

389 1735 538 1801 relae
576 1742 647 1799 et
672 1734 970 1800 recursui
998 1731 1083 1797 ad
1115 1732 1521 1816 superiorem
1550 1730 1818 1797 videtur
1846 1738 1948 1797 sat
1978 1734 2409 1799 communiter
2430 1753 2613 1799 rece-

392 1858 503 1933 pta
534 1850 772 1935 opinio.

471 1964 797 2031 Probatur
845 1966 913 2028 2⁰
964 1963 1239 2030 ratione.
1290 1998 1376 2010 —
1409 1963 1669 2028 Etenim
1724 1959 1830 2046 jus
1871 1961 2052 2048 quod
2106 1962 2314 2031 habeo
2369 1966 2616 2051 aliquid

372 2074 725 2162 peragendi
762 2095 884 2160 pro
914 2075 1107 2142 libitu
1133 2082 1204 2141 et
1235 2075 1373 2140 sine
1402 2093 1626 2152 causa,
1664 2075 1884 2139 statim
1921 2075 2328 2159 praepeditur
2365 2086 2435 2143 et
2481 2097 2615 2144 sus-

377 2190 691 2275 penditur
713 2239 730 2268 ,
786 2187 1047 2275 quando
1095 2188 1249 2254 inde
1322 2188 1611 2254 oriretur
1671 2186 1980 2253 damnum
2034 2191 2214 2255 tertii
2263 2212 2278 2255 ε
2329 2191 2415 2257 ob
2468 2210 2613 2258 eam

384 2325 621 2392 nempe
650 2305 865 2390 legem
905 2324 1035 2390 qua
1066 2303 1468 2388 obstringor‚
1506 2323 1637 2369 non
1667 2303 1996 2370 inferendi
2036 2301 2346 2371 damnum
2390 2308 2610 2385 tertio,

387 2423 525 2491 sine
565 2441 780 2490 causa.
832 2423 1112 2489 Notetur
1156 2427 1374 2486 tamen
1410 2420 1477 2485 in
1520 2420 1646 2486 hoc
1692 2439 1847 2488 casu
1876 2421 2188 2486 clericum
2236 2429 2614 2490 revocatum

388 2541 574 2624 queri
610 2537 788 2623 apud
813 2539 1217 2623 superiorem
1249 2556 1381 2602 non
1409 2556 1598 2621 posse
1621 2585 1638 2615 ,
1669 2535 1851 2622 quod
1880 2537 2018 2603 sine
2049 2557 2244 2603 causa
2271 2548 2618 2605 revocatus

389 2647 623 2725 fuerit,
679 2644 800 2711 sed
853 2644 1196 2710 dumtaxat
1236 2663 1319 2710 ex
1366 2663 1447 2711 eo
1495 2642 1674 2729 quod
1727 2641 2033 2710 damnum
2091 2644 2411 2728 parochiae
2478 2646 2617 2710 sine

389 2782 580 2829 causa
605 2762 857 2828 illatum
878 2760 1101 2826 fuerit.

482 2880 879 2946 Pnorosrno
904 2876 1042 2942 ΥΡ.
1075 2912 1165 2924 —-
1188 2877 1442 2957 Quando
1480 2879 1632 2940 tales
1661 2886 1803 2942 sunt
1838 2883 2328 2959 circumstantiae,
2362 2886 2433 2942 ut
2453 2898 2619 2943 amo·

394 3001 478 3059 tio
506 2999 719 3058 merito
747 2998 1149 3073 praesumatur
1177 2992 1317 3068 fieri
1338 3011 1417 3053 ex
1449 2995 1610 3068 odio,
1650 2993 1759 3055 hoe
1787 2997 1917 3075 ipso
1944 3001 2133 3058 cessat
2148 2997 2258 3075 jus
2291 3001 2618 3076 superioris

391 3112 707 3175 amovendi
754 3114 883 3172 sine
933 3127 1136 3171 causa.
1178 3143 1270 3156 -
1310 3106 1639 3173 Probatur
1694 3109 1758 3170 1⁰
1801 3106 2146 3174 doctorum
2201 3110 2610 3176 auctoritate.

392 3227 648 3292 Etenim
686 3224 755 3287 in
790 3221 1176 3308 apponenda
1216 3222 1336 3288 hac
1378 3222 1760 3288 limitatione
1811 3224 2140 3308 praecipue
2187 3243 2296 3290 eos
2319 3230 2328 3239 “
2351 3243 2619 3293 eoncor-

392 3339 550 3406 dare
587 3340 898 3423 reperies.
936 3339 1110 3403 Dum
1139 3357 1374 3422 nempe
1412 3338 1708 3421 regulam
1740 3345 2012 3423 ponunt,
2051 3357 2236 3422 posse
2260 3339 2408 3405 fieri
2437 3360 2621 3408 revo-

390 3456 713 3523 cationem
742 3454 881 3520 sine
912 3472 1101 3520 causa
1122 3503 1138 3532 ,
1177 3455 1394 3520 statim
1432 3452 1679 3519 addere
1717 3453 1928 3520 solent
1947 3500 1965 3531 ,
2002 3451 2197 3520 modo
2236 3459 2457 3520 tamen
2489 3476 2619 3522 non

391 3570 506 3637 fiat
535 3590 620 3637 ex
659 3570 923 3635 malitia.
972 3569 1165 3651 Quod
1207 3569 1584 3654 intelligunt
1632 3566 1716 3635 de
1769 3569 2028 3647 malitia,
2072 3587 2215 3654 quae
2252 3571 2355 3636 vel
2391 3578 2618 3656 aperte

392 3692 638 3770 pateat,
688 3684 797 3750 vel
840 3684 1074 3750 merito
1125 3704 1209 3750 ex
1260 3683 1759 3750 circumstantiis
1816 3692 2268 3767 praesumatur.
2333 3686 2416 3750 Et
2462 3694 2619 3751 tunc

393 3807 612 3866 amoto
646 3808 873 3883 patere
917 3817 1256 3866 recursum
1293 3795 1698 3881 concedunt3
1732 3805 1830 3876 et,
1865 3799 1917 3863 si
1946 3799 2270 3880 probetur
2307 3820 2345 3865 a
2389 3818 2620 3866 recur-

302 3960 307 3964 -
394 3920 581 3981 rente
610 3915 848 3982 malitia
873 3915 1292 3992 removentis»,
1331 3911 1579 3978 debere
1611 3918 1868 3977 remoto
1895 3910 2286 3979 beneficium
2321 3915 2620 3981 manuale

395 4029 671 4094 restitui.
712 4029 920 4110 Quam
949 4028 1361 4114 hypothesim
1392 4024 1477 4092 de
1510 4027 1924 4092 revocatione
1976 4046 2059 4092 ex
2101 4025 2251 4093 odio
2288 4025 2437 4092 ideo
2483 4046 2622 4092 mo-

398 4151 577 4224 vent,
636 4146 788 4230 quia
841 4146 1166 4229 praecipue
1219 4149 1421 4228 agunt
1467 4141 1552 4208 de
1608 4141 2140 4208 revocationibus
2193 4143 2614 4227 regularium,

394 4281 539 4348 quoe
577 4281 699 4345 per
729 4279 957 4327 eorum
980 4260 1314 4344 regulares
1340 4259 1713 4344 superiores
1742 4258 1931 4335 fiunt,
1963 4265 2032 4325 et
2068 4257 2449 4343 frequentes
2479 4277 2621 4325 esse

395 4381 649 4463 solent;
695 4388 773 4447 ut
797 4379 965 4448 adeo
991 4397 1124 4445 non
1151 4385 1474 4463 repugnet
1510 4377 1852 4463 aliquoties
1872 4424 1888 4455 ,
1918 4393 2040 4461 pro
2070 4374 2349 4445 humana
2381 4375 2626 4459 fragili-

1088 4484 1098 4494 ’
2342 4482 2413 4544 27
