3146 4973
598 379 678 440 76
1116 342 1120 345 Α
1274 382 1652 433 Tnacurus
1696 383 1785 430 nn
1828 378 2154 427 ranocno.

587 537 812 594 corum,
845 534 976 597 ‹111oe
1006 515 1090 578 ad
1122 513 1427 575 ecclesiam
1467 516 1760 594 spectant.
1800 512 1957 573 Rata
1997 507 2386 570 Eucharistia
2425 506 2677 568 habetur
2717 506 2832 566 illa

586 652 718 714 quae
764 632 874 694 sub
929 632 1218 712 Episcopo
1278 629 1468 707 fucrit
1482 675 1504 706 ,
1557 627 1654 688 vel
1703 629 1801 687 cui
1857 629 1983 706 ipse
2026 626 2461 685 concesserit...
2514 623 2648 685 Non
2692 622 2830 683 licei

586 753 715 811 sine
758 748 1050 828 Episcopo
1110 746 1443 824 baptizare,
1502 761 1609 804 nec
1659 758 1909 823 aqapem
1957 739 2274 801 celebrare.
2313 736 2397 800 Et
2450 754 2532 799 ne
2584 752 2707 818 pro
2755 752 2832 800 re

586 870 774 929 extra
812 858 1321 925 controversiam
1347 854 1739 942 jamdudum
1777 854 1987 939 posita
2019 859 2243 919 textus
2278 870 2645 937 congeram,
2676 851 2832 916 satis

584 979 672 1046 sit
709 977 912 1045 verba
943 976 1124 1042 Marii
1154 974 1318 1057 Lupi
1348 973 1514 1038 hanc
1552 971 1967 1041 eruditorum
2004 987 2413 1036 communem
2441 969 2829 1034 sententiam

584 1093 935 1159 asserentis
983 1088 1363 1156 adducere:
1413 1111 1448 1149 «
1483 1087 1675 1169 Quod
1712 1086 1798 1153 ad
1845 1085 2238 1170 baptismum
2282 1085 2537 1160 attinet,
2591 1083 2824 1167 inquit,

590 1227 846 1273 «nemo
880 1205 1292 1274 eruditorum
1322 1206 1600 1288 ignorat,
1643 1204 1710 1268 in
1753 1200 2223 1286 episcopalibus
2251 1198 2623 1264 civitatibus
2653 1217 2690 1263 a
2725 1217 2831 1263 so-

588 1348 621 1386 «
649 1325 726 1390 lis
754 1322 1085 1408 Episcopis
1123 1321 1321 1387 fuisse
1369 1319 1701 1397 collatum,
1736 1326 1813 1385 ut
1847 1317 1981 1403 jam
2024 1336 2062 1381 a
2100 1315 2400 1399 pluribus
2444 1313 2831 1380 doctissimis

587 1463 621 1500 «
650 1439 802 1504 viris
847 1436 1367 1504 demonstratum
1412 1435 1582 1518 fuit;
1631 1453 1762 1499 non
1815 1451 2004 1500 secus
2041 1451 2113 1497 ac
2161 1450 2363 1496 unum
2413 1427 2818 1497 solummodo

586 1576 621 1614 «
648 1561 1038 1619 conventum
1063 1599 1079 1630 ,
1132 1551 1202 1616 id
1260 1555 1358 1615 est
1377 1598 1392 1628 ,
1446 1548 1857 1614 eucharistici
1905 1544 2202 1612 sacrificii
2245 1545 2639 1611 oblationem
2662 1592 2678 1622 ,
2733 1544 2817 1609 ab

582 1668 959 1751 «Episcopo
996 1665 1319 1750 prioribus
1365 1664 1622 1730 saeculis
1661 1663 1954 1730 habitum
1992 1662 2061 1727 in
2104 1660 2477 1728 civitatibus
2512 1661 2736 1727 fuisse.
2779 1682 2813 1722 n

581 1782 693 1869 (De
722 1786 1033 1860 Parca-iis,
1068 1779 1330 1847 dissert.
1367 1782 1433 1857 3,
1468 1798 1612 1863 cap.
1655 1777 1743 1861 l.)

664 1894 854 1962 Idem
885 1893 1242 1962 dicendum
1271 1894 1355 1962 de
1378 1894 1768 1961 sacramenti
1798 1893 2197 1976 poenitentiae
2226 1890 2784 1958 administratione
2802 1941 2819 1970 ,

576 2011 747 2078 etde
769 2011 955 2077 verbi
983 2009 1184 2076 divini
1207 2008 1667 2094 praedicatione
1701 2026 1715 2070 :
1745 2030 1777 2068 α
1813 2008 2279 2074 Poenitentium
2301 2026 2560 2092 quoque
2590 2025 2817 2073 recon-

580 2151 614 2190 «
639 2128 1053 2205 ciliationem,
1094 2129 1185 2193 ait
1217 2127 1454 2194 citatus
1483 2132 1735 2203 auctor,
1761 2122 1846 2188 ad
1877 2124 2048 2191 solos
2070 2132 2400 2207 spectasse
2430 2123 2805 2207 EpiscopoS,

579 2267 612 2305 «
640 2248 893 2309 constat
929 2263 1010 2308 ex
1029 2261 1109 2308 eo
1139 2241 1318 2328 quod
1345 2243 1558 2307 innuit
1591 2239 1768 2307 idem
1793 2249 2053 2306 sanctus
2082 2239 2395 2324 IgnatiuS,
2435 2239 2710 2323 epistola
2730 2237 2819 2305 ad

578 2381 614 2420 «
635 2356 1217 2442 PhiladelphaenoS,
1242 2375 1515 2423 numero
1539 2361 1602 2435 8,
1631 2356 1746 2423 ubi
1776 2357 1867 2422 ait
1894 2374 1908 2418 :
1938 2358 2225 2422 Omnibus
2255 2361 2448 2436 iqitur
2465 2360 2820 2438 poenitenti-

579 2496 614 2536 «
641 2475 749 2537 bus
792 2478 1050 2537 remittit
1097 2477 1278 2553 Deus,
1326 2479 1382 2536 si
1423 2477 1780 2554 resipiscant
1811 2479 1877 2536 in
1917 2477 2215 2536 unitatem
2250 2475 2386 2550 Dei,
2426 2478 2485 2534 et
2530 2474 2817 2554 Episcopi

579 2612 613 2650 «
636 2608 1048 2652 concessum...
1085 2590 1254 2653 Item
1291 2588 1568 2654 verbum
1603 2589 1728 2654 Dei
1763 2586 2160 2672 praedicandi
2207 2605 2441 2652 munus
2470 2605 2556 2652 ex
2606 2585 2817 2651 officio

575 2724 610 2764 «
638 2702 724 2767 ad
750 2704 918 2768 solos
946 2702 1319 2785 pertinebat
1339 2704 1710 2787 Episcopos‚
1746 2700 2072 2768 ut'notum
2093 2709 2213 2767 est.
2247 2701 2630 2768 Generatim
2654 2719 2816 2767 vero

578 2842 612 2879 «
639 2818 1089 2903 antiquissimis
1133 2817 1486 2884 canonibus
1532 2819 1851 2884 sancitum
1907 2825 2073 2895 erat,
2109 2826 2176 2881 ut
2210 2820 2552 2902 presbyteri
2584 2824 2642 2879 et
2673 2803 2814 2880 dia-'-

576 2938 769 2994 «coni
794 2939 1020 3013 proetcr
1049 2936 1405 3014 Episcopum
1429 2934 1589 2995 nihil
1623 2952 1799 3013 apere
1826 2940 2188 3014 pertentent.
2225 2933 2325 2996 Ita
2358 2949 2566 2997 canon
2594 2932 2681 2996 40
2716 2929 2819 2992 in-

576 3052 740 3111 «ter
761 3047 1126 3130 appellatos
1155 3047 1559 3131 apostolicos
1592 3048 1705 3112 His
1733 3055 2041 3113 consonat
2063 3046 2464 3114 Laodicenus
2490 3050 2599 3112 57.
2633 3048 2815 3128 Quin

574 3187 606 3224 «
633 3162 830 3228 immo
867 3181 950 3228 ne
981 3161 1253 3229 absente
1289 3161 1556 3251 quidem
1602 3164 1919 3247 Episcopo
1971 3162 2183 3228 urbici
2214 3162 2590 3248 presbyteri
2620 3181 2808 3229 sacra

572 3296 903 3344 «munera
950 3279 1131 3346 obire
1177 3285 1484 3363 poterant
1507 3278 1753 3364 absque
1806 3277 2102 3363 eJusdem
2135 3278 2548 3362 delegatione
2587 3301 2600 3344 :
2647 3287 2811 3344 tunc

571 3416 602 3455 «
636 3414 797 3461 vero
825 3415 904 3461 ea
939 3396 1082 3460 vice
1120 3396 1439 3479 Episcopi,
1477 3414 1607 3460 non
1640 3415 1721 3459 ex
1748 3396 2010 3479 proprio
2058 3394 2416 3479 implebant
2444 3393 2674 3471 offici0,
2710 3397 2811 3459 uti

569 3518 814 3595 «patet
850 3530 931 3576 ex
963 3512 1234 3595 epistola
1279 3515 1359 3577 10
1389 3514 1593 3577 sancti
1625 3511 1930 3596 Cypriani
1983 3508 2067 3576 ad
2106 3510 2532 3595 presbyteros
2566 3518 2638 3576 et
2670 3510 2811 3576 dia-

571 3652 597 3684 «
633 3645 829 3692 conos
885 3625 1442 3709 Carthaginenses.
1479 3628 1581 3692 Ita
1610 3629 1784 3693 enim
1839 3626 2088 3693 eisdem
2140 3627 2367 3693 scribit
2404 3648 2419 3693 ε
2464 3632 2693 3691 Hortor
2749 3636 2811 3690 et

566 3764 598 3801 α
630 3745 848 3806 mando
875 3751 945 3805 ut
978 3763 1083 3805 vos
1123 3748 1248 3806 vice
1280 3763 1409 3806 mea
1444 3745 1790 3824 funyamini
1816 3750 1979 3806 circa
2008 3764 2078 3807 ea
2108 3747 2393 3825 yercmla,
2440 3764 2571 3826 quoe
2602 3747 2812 3808 admi-

569 3881 602 3919 «
628 3864 915 3922 nistratio
948 3862 1233 3941 reliqiosa
1255 3863 1552 3941 deposcit.

655 3995 687 4033 α
714 3974 778 4038 Si
813 3974 1011 4057 igitur
1051 3973 1476 4058 presbyteriS,
1511 3975 1622 4059 qui
1662 3975 2153 4059 presbyterium
2193 3972 2704 4052 constituebant,
2744 3975 2810 4038 in

565 4114 597 4149 «
628 4089 928 4156 omnibus
958 4091 1404 4157 ecclesiasticis
1433 4091 1878 4158 functionibus
1907 4092 2096 4157 simul
2121 4109 2268 4155 cum
2305 4092 2624 4174 Episcopo
2662 4109 2812 4157 con-

565 4228 599 4267 «
626 4205 997 4283 veniebant,
1043 4208 1097 4271 si
1148 4209 1359 4272 omnia
1412 4226 1541 4273 una
1595 4227 1744 4273 cum
1796 4209 1935 4291 ipso
1966 4208 2393 4292 peragebant,
2433 4207 2688 4290 ipsique
2722 4227 2806 4272 cx

563 4344 596 4382 «
629 4319 834 4387 officio
894 4341 1013 4387 nec
1071 4321 1524 4406 baptizabant,
1577 4342 1704 4388 nec
1768 4323 2162 4400 offerebant,
2219 4340 2341 4386 nec
2402 4321 2803 4404 poenitentes

563 4458 596 4498 «
625 4437 1143 4513 reconciliabant,
1187 4437 1471 4522 nihilque
1515 4457 1805 4504 seorsum
1845 4438 1928 4504 ab
1970 4458 2050 4504 co
2101 4437 2223 4504 sibi
2273 4452 2577 4522 arrogare
2622 4442 2806 4519 pote-
