3146 4973
1255 380 1415 429 rans
1459 381 1778 429 stemma.
1879 419 1894 432 .
2501 373 2625 436 253

401 523 434 561 α
470 498 918 568 difficultatem
957 500 1318 569 accedendi
1364 502 1451 570 ad
1489 505 1825 570 ecclesiam
1870 507 2227 586 matricem,
2274 525 2395 591 pro
2439 512 2635 576 susci·

400 639 434 678 α
466 614 718 700 piendis
747 618 1170 682 sacramentis
1201 625 1272 684 et
1304 617 1540 684 divinis
1589 616 1810 684 officiis
1861 617 2221 700 audiendis,
2253 622 2392 688 aliae
2424 643 2629 691 causae

399 754 431 794 α
465 751 693 799 omnes
728 730 1160 799 reducuntur.
1187 756 1219 795 »
1250 734 1458 819 Atque
1488 732 1667 799 idem
1701 742 1932 803 auctor
1965 736 2131 822 (loco
2160 740 2464 818 citato‚n.
2488 740 2624 825 23),

393 849 485 912 sic
526 845 828 913 eamdem
872 848 1262 913 sententiam
1303 851 1614 933 exprimit
1654 872 1668 916 :
1709 873 1743 912 α
1778 852 1875 915 Ex
1912 851 2243 934 praedictis
2273 853 2525 938 collige,
2565 857 2631 920 in

397 986 431 1025 α
472 962 711 1029 effectu
768 963 1023 1028 unicam
1074 981 1216 1029 esse
1267 981 1526 1029 causam
1580 965 1875 1049 erigendi
1934 985 2172 1033 novam
2226 969 2621 1052 parochiam,

398 1103 431 1141 (ι
465 1079 776 1145 videlicet
812 1098 1109 1163 magnam
1136 1078 1584 1146 difficultatem
1615 1079 1982 1146 accedendi
2011 1082 2096 1148 ad
2129 1084 2469 1151 ecclesiam
2500 1106 2633 1152 ma·-

397 1219 430 1257 α
465 1197 700 1262 tricem
748 1214 869 1280 pro
915 1198 1336 1261 sacramentis
1383 1197 1842 1287 percipiendis,
1877 1206 1947 1264 et
1983 1197 2217 1265 divinis
2263 1200 2483 1267 officiis
2517 1222 2631 1269 au-

398 1337 431 1375 «
464 1310 720 1378 diendis
754 1333 768 1377 ε
807 1331 955 1378 nam
1007 1311 1143 1377 aliae
1199 1331 1431 1396 causae,
1477 1311 1785 1379 videlicet
1832 1313 2135 1380 distantia
2181 1315 2331 1395 loci,
2367 1316 2629 1383 flumina

398 1455 424 1487 α
464 1426 875 1504 intermedia,
918 1435 1124 1512 portoe
1162 1428 1442 1493 civitatis
1484 1428 1748 1510 clausae,
1795 1431 2146 1496 necessitas
2194 1431 2624 1515 leprosorum,

399 1568 432 1605 c<
470 1551 540 1610 et
570 1544 695 1609 alia
728 1541 798 1610 id
845 1563 1053 1628 genus
1105 1542 1604 1628 impedimenta,
1666 1546 1733 1609 in
1775 1552 2034 1611 tantum
2078 1544 2434 1631 justificant
2485 1568 2632 1615 ere-

396 1683 429 1722 c<
465 1661 766 1738 ctionem,
807 1660 872 1724 in
901 1667 1214 1745 quantum
1250 1661 1514 1743 pariunt
1540 1657 1991 1727 difficultatem
2018 1660 2388 1747 hujusmodi
2424 1681 2438 1727 :
2477 1663 2632 1730 alias

395 1800 429 1837 a
464 1796 672 1857 secus,
706 1782 781 1843 ut
808 1796 891 1843 ex
913 1775 1046 1861 jam
1071 1776 1262 1843 dictis
1289 1781 1565 1842 constat.
1604 1798 1637 1837 n

479 1894 875 1960 Pnorosrrlo
921 1893 1031 1958 11⁸.
1083 1931 1174 1941 ——
1225 1897 1447 1974 Inyens
1492 1896 1704 1975 populi
1752 1895 2081 1958 multitudo
2126 1915 2246 1959 non
2290 1903 2381 1959 est
2421 1916 2536 1978 per
2571 1916 2633 1958 se

390 2028 570 2072 causa
601 2011 872 2090 leqitima
901 2011 1469 2073 dismembrationis.
1500 2045 1591 2057 —
1616 2008 1923 2093 Sequitur
1945 2027 2029 2073 ex
2053 2008 2456 2092 praecedenti
2490 2026 2633 2096 pro·

391 2124 731 2207 positione.
783 2125 944 2190 Nam
990 2125 1216 2208 ingens
1246 2124 1472 2208 populi
1515 2121 1875 2189 multitudo
1923 2125 2206 2191 existere
2247 2133 2466 2208 potest
2494 2125 2634 2191 abs·

390 2258 518 2324 que
565 2239 761 2305 nimia
806 2238 1110 2306 distantia
1158 2248 1228 2306 et
1269 2238 1515 2324 absque
1558 2241 1753 2305 nimia
1810 2237 2189 2307 difficultate
2244 2237 2624 2307 accedendi.

392 2355 555 2421 Cum
581 2374 760 2439 ergo,
797 2376 880 2421 ex
919 2354 1317 2439 praecedenti
1356 2354 1817 2440 propositione,
1852 2356 2019 2420 ratio
2058 2354 2270 2420 nimioe
2313 2355 2629 2422 distantiae

392 2477 462 2536 et
495 2468 869 2537 difficilioris
910 2491 1232 2550 accessus,
1279 2472 1410 2536 sint
1441 2473 1583 2534 solae
1623 2489 1830 2536 causae
1873 2470 2176 2555 legitimae
2209 2470 2632 2539 dismembra-

392 2588 611 2665 tioniS,
663 2587 962 2672 sequitur
991 2587 1322 2670 ingentem
1364 2584 1907 2670 parochianorum
1941 2585 2430 2653 multitudinem
2460 2587 2635 2654 inter

391 2701 713 2787 ejusmodi
742 2722 966 2768 causas
988 2722 1116 2768 non
1147 2721 1289 2767 esse
1317 2701 1812 2768 numerandam.
1841 2700 2037 2783 Quod
2065 2703 2459 2787 caeteroquin
2482 2705 2633 2769 satis

393 2818 639 2884 indicat
683 2819 1034 2902 ipsummet
1077 2816 1527 2883 'tridentinum
1566 2816 1910 2883 decretum
1963 2817 2131 2904 (cap.
2170 2818 2234 2895 4,
2272 2836 2426 2883 sess.
2463 2817 2572 2902 21)
2611 2840 2626 2885 ε

393 2953 541 2999 nam
586 2933 676 2999 ibi
712 2932 1075 2999 Tridentini
1111 2932 1342 2997 Patres
1376 2950 1566 2997 suum
1606 2932 1804 2997 etiam
1841 2931 2204 2999 remedium
2240 2932 2391 2997 huic
2419 2934 2629 2998 nimioe

394 3046 828 3114 multitudinis
855 3047 1338 3112 inconvenienti
1365 3046 1734 3112 attulerunt
1762 3067 1777 3111 ε
1809 3055 2043 3112 atvero
2069 3047 2435 3114 remedium
2466 3047 2633 3115 illud

396 3185 525 3231 non
552 3173 653 3230 est
681 3159 1344 3239 dismembratio,·sed
1371 3162 1563 3244 plane
1595 3158 1963 3247 diversum;
1995 3172 2069 3228 ut
2090 3182 2330 3247 nempe
2361 3172 2633 3248 cogatur

395 3280 716 3364 parochus
748 3286 847 3345 tot
873 3277 996 3343 sibi
1022 3276 1381 3362 adjungere
1417 3277 1714 3355 vicarioS,
1751 3284 1912 3361 quot
1940 3278 2289 3343 necessarii
2325 3288 2521 3345 erunt
2546 3278 2632 3346 ad

395 3402 797 3462 sacramenta
833 3390 1259 3459 ministranda
1279 3441 1294 3472 ,
1330 3392 1581 3477 aliaque
1617 3390 1702 3457 ad
1741 3411 1966 3457 curam
2003 3393 2358 3458 animarum
2395 3413 2631 3478 oppor-

395 3518 555 3578 tuna
595 3509 987 3596 peragenda.
1021 3508 1409 3574 Remedium
1445 3527 1605 3575 vero
1630 3507 2219 3575 dismembrationis
2246 3529 2377 3575 non
2404 3529 2632 3578 sanxe-

398 3635 554 3693 runt
573 3675 590 3704 ,
644 3626 765 3692 nisi
811 3623 1028 3710 quoad
1060 3640 1276 3690 casum
1313 3624 1523 3689 nimiae
1567 3621 1890 3690 distantIae
1910 3673 1926 3704 ,
1964 3643 2080 3692 seu
2126 3622 2497 3694 difficilioris
2528 3646 2631 3694 ac-

399 3762 641 3810 cessus,

492 3859 988 3925 Conclusionem
1027 3864 1246 3922 autem
1279 3853 1543 3921 want
1583 3856 1941 3920 communis
1982 3854 2325 3924 doctorum
2369 3870 2628 3928 senten-

399 3977 509 4056 tia,
544 3985 611 4041 et
655 3975 862 4041 Sacrae
895 3972 1424 4056 congregationis
1466 3970 1734 4036 Concilii
1772 3967 2268 4052 declarationes,
2295 3985 2492 4061 prout
2531 3998 2632 4045 sa-

398 4095 481 4159 tis
511 4092 758 4178 patebit
789 4112 871 4158 ex
902 4088 1325 4176 sequentibus
1356 4086 1789 4155 citationibus.

494 4233 524 4270 «
562 4209 785 4276 Glossa
822 4207 1051 4273 ultima
1094 4207 1161 4270 iu
1213 4211 1411 4289 caput
1463 4206 1638 4269 Nulli
1677 4204 1787 4290 (99
1831 4202 2308 4292 distinctionis),
2360 4207 2632 4277 adducit

405 4349 437 4387 «
472 4325 660 4391 aliam
694 4342 951 4389 causam
990 4318 1413 4388 construendi
1447 4338 1682 4385 novam
1721 4319 2061 4386 ecclesiam
2090 4323 2154 4387 in
2187 4323 2491 4406 parocbia
2527 4347 2632 4391 an·

407 4466 439 4504 α
476 4445 687 4528 tiqua3
725 4438 1071 4519 videlicet,
1105 4457 1256 4504 cum
1288 4434 1639 4503 multitudo
1682 4435 1979 4503 fidelium
2019 4438 2315 4504 excrevit
2348 4460 2363 4505 ε
2399 4447 2462 4505 et
2495 4458 2632 4504 mo-
