3146 4973
610 295 743 358 288
1292 307 1672 357 Taacrarus
1719 310 1807 357 nn
1853 308 2179 358 ranocuo.

612 453 805 500 sensu
831 432 1023 498 obvio
1050 438 1119 498 et
1145 451 1185 497 a
1210 433 1561 498 canonistis
1587 435 1982 499 unanimiter
2007 442 2297 519 recepto,
2327 433 2646 519 significat
2673 436 2850 502 unio-

610 568 784 627 nem,
828 566 954 633 qua
1001 547 1307 631 parochia
1336 547 1431 612 illi
1459 547 1784 614 beneficio
1815 552 2157 633 subjicitur,
2195 569 2313 617 seu
2343 569 2471 636 qua
2507 551 2631 634 ipsi
2663 570 2849 614 acees-

610 671 766 727 sorie
808 662 1204 729 adnectitur.
1247 663 1425 727 Sicut
1468 682 1506 729 e
1549 671 1778 729 contra
1814 663 2016 729 verba
2052 663 2191 729 haec
2206 713 2223 743 ,
2275 670 2450 729 unire
2503 666 2847 744 beneficium

608 783 869 863 simplest:
897 782 1087 842 alicui
1115 780 1374 842 ccclesiae
1404 780 1786 860 parochiali,
1821 777 1999 844 idem
2045 786 2277 844 sonant
2309 798 2384 844 ac
2416 778 2579 845 illud
2608 779 2847 845 benefi-

609 898 779 962 cium
823 894 1143 979 parochiae
1198 894 1431 979 subjici
1472 901 1543 960 et
1588 895 1651 959 ei
1695 895 2052 961 accessorie
2108 893 2390 960 adnecti.
2446 897 2590 978 Quo
2635 903 2846 962 stante

610 1031 803 1078 sensu
822 1059 839 1089 ,
890 1019 1076 1095 patet
1121 1010 1512 1094 prohibitam
1554 1030 1594 1075 a
1633 1007 2026 1075 Tridentinis
2073 1010 2370 1093 patribus
2416 1011 2618 1077 fuisse
2657 1030 2846 1095 paro·

610 1127 902 1192 chiarum
943 1128 1253 1191 unionem
1294 1126 1719 1192 accessorium
1767 1124 2037 1190 cuilibet
2078 1124 2401 1191 beneficio
2432 1145 2561 1191 non
2589 1135 2837 1193 curato.

611 1243 693 1306 Et
718 1258 870 1307 eum
900 1260 1041 1307 esse
1077 1241 1333 1306 decreti
1360 1259 1621 1307 sensum
1649 1245 1835 1323 patet
1858 1240 2127 1321 insuper
2158 1259 2241 1306 ex
2270 1241 2614 1307 collatione
2652 1239 2844 1324 hujus

606 1365 832 1425 textus
877 1376 1025 1423 cum
1070 1358 1302 1434 altero,
1356 1358 1479 1424 sub
1531 1353 1931 1441 praecedenti
1985 1358 2424 1439 propositione
2475 1357 2699 1422 citato.
2741 1355 2843 1421 Ibi

607 1481 858 1555 nempe
883 1472 1160 1539 facultas
1200 1469 1278 1536 fit
1320 1472 1649 1554 Episcopis
1683 1468 1953 1536 uniendi
1993 1470 2310 1537 beneficia
2341 1480 2566 1537 curata
2594 1475 2691 1536 vel
2721 1491 2840 1535 uon

607 1596 823 1652 curata
867 1607 999 1651 cum
1043 1590 1293 1650 curati&
1340 1587 1509 1650 Dum
1556 1604 1715 1670 ergo
1761 1592 1988 1668 postea
2022 1586 2383 1652 Tridentini
2426 1597 2649 1672 patres
2691 1606 2843 1671 pro-

606 1703 833 1768 hibent
872 1702 1042 1767 uniri
1072 1700 1471 1785 parochiales
1501 1701 1808 1766 ecclesias
1849 1702 2128 1780 beneficio
2171 1723 2292 1766 non
2323 1711 2556 1783 curato,
2607 1702 2841 1786 procul

606 1817 811 1883 dubio
844 1811 1057 1901 patet,
1104 1814 1174 1882 in
1203 1817 1404 1900 priori
1435 1834 1590 1881 casu
1621 1815 1894 1899 intelligi
1940 1817 2243 1882 unionem
2284 1836 2413 1902 qua
2453 1817 2838 1884 beneficium

607 1954 738 2000 non
779 1940 1078 1999 curatum
1122 1935 1482 2016 subjiciatur
1520 1933 1852 2014 parochioe,·
1901 1932 1968 1995 in
2013 1933 2357 2015 posteriori
2400 1940 2620 1999 autem
2640 1981 2657 2012 ‚
2711 1951 2838 2017 qua

605 2046 911 2132 parochia
935 2045 1215 2124 berwficio
1236 2065 1357 2109 non
1379 2052 1589 2109 curato
1613 2047 2024 2128 subjiceretur.
2053 2049 2137 2112 Et
2159 2048 2339 2130 prior
2366 2047 2631 2132 quidem
2653 2049 2832 2125 unio,

605 2168 836 2245 utpote
866 2161 1185 2244 parochiis
1211 2158 1502 2244 proficua
1516 2211 1532 2238 ‚
1569 2161 2009 2245 permittitur3
2039 2164 2363 2244 posterior
2390 2181 2570 2241 vero,
2602 2168 2835 2245 utpote

604 2279 759 2362 ipsis
803 2277 1055 2354 nociva,
1090 2274 1497 2358 prohibetur.
1532 2277 1629 2341 Eo
1668 2295 1903 2360 nempe
1933 2278 2195 2344 consilio
2235 2278 2371 2344 haec
2400 2286 2469 2346 et
2495 2277 2722 2343 similia
2751 2275 2835 2342 de

607 2392 926 2477 parochiis
973 2411 1011 2456 a
1054 2389 1430 2457 ’tridentina
1479 2389 1733 2474 synodo
1785 2392 2095 2476 disposita
2141 2402 2294 2460 sunt
2314 2443 2333 2473 ,
2389 2401 2464 2460 ut
2515 2412 2835 2477 prospero
2896 2429 2900 2434 ·

600 2527 829 2575 earum
864 2508 1062 2574 statui
1097 2505 1572 2573 consuleretur.

693 2624 747 2689 Α
772 2622 1029 2688 fortiori
1057 2628 1275 2686 autem
1300 2619 1627 2686 censenda
1657 2628 1759 2687 est
1787 2622 2112 2705 prohibita
2132 2626 2309 2703 uni0,
2340 2644 2469 2711 qua
2495 2624 2825 2709 parochia,

464 2763 479 2774 ·
602 2759 733 2805 non
760 2744 1015 2804 tantum
1048 2740 1389 2815 accessorio,
1424 2733 1545 2800 sed
1575 2740 1646 2799 et
1672 2743 1999 2802 extinctive
2034 2739 2355 2806 beneficio
2388 2742 2666 2825 simplici
2695 2742 2834 2806 uni-

604 2862 825 2937 retur;
864 2852 936 2918 id
972 2859 1103 2931 est,
1135 2851 1228 2917 ita
1262 2857 1338 2916 ut
1364 2849 1802 2933 perimeretur
1828 2872 1948 2919 seu
1977 2855 2479 2939 extingueretur
2511 2857 2831 2941 parochiae

603 2968 854 3044 titulus,
882 2974 952 3034 et
985 2972 1358 3032 remaneret
1385 2963 1727 3033 dumtaxat
1760 2966 2151 3036 beneficium
2175 2971 2479 3054 simplex,
2513 2972 2830 3056 parochiae

604 3082 925 3148 reditibus
958 3089 1246 3148 auctum.

690 3200 1086 3266 Pnorosmo
1120 3198 1263 3261 111⁸.
1297 3233 1389 3246 —
1416 3198 1736 3262 Prohibita
1774 3202 2018 3264 videtur
2050 3205 2600 3285 caque-principalis
2641 3209 2826 3267 etiam

596 3320 743 3378 unio
763 3315 1115 3399 parochiam
1140 3319 1301 3376 inter
1324 3319 1385 3376 et
1414 3313 1761 3390 beneficium
1787 3316 2071 3394 simplex.
2102 3352 2195 3363 ——-
2221 3317 2378 3381 Eam
2404 3317 2826 3400 quoestionem

598 3432 689 3494 sic
738 3426 1051 3512 expendit
1100 3428 1437 3509 Fagnanus
1483 3426 1571 3511 (in
1617 3435 1816 3510 caput
1867 3433 2255 3512 Exposuisti,
2317 3434 2394 3495 de
2445 3434 2817 3514 Proebendis,

600 3566 669 3610 u.
706 3543 807 3628 12)
836 3567 850 3609 :
884 3568 917 3605 α
946 3540 1119 3624 Quid
1141 3539 1226 3606 de
1250 3540 1595 3606 unionibus
1616 3542 2076 3624 parochialium
2098 3562 2240 3629 quae
2263 3543 2432 3610 fiunt
2454 3544 2825 3629 praebendis

605 3683 638 3720 α
674 3662 809 3724 sine
843 3658 1317 3741 suppressione,
1354 3660 1430 3719 ut
1457 3673 1606 3734 mim
1641 3655 1774 3722 duo
1812 3658 2129 3725 beneficia
2164 3659 2821 3745 aeque-principaliter

602 3797 636 3835 α
671 3774 1006 3867 uniuntur,
1036 3779 1108 3837 et
1130 3778 1482 3855 utrumque
1510 3789 1632 3856 per
1651 3791 1721 3837 se
1746 3780 2072 3851 remanet,
2106 3792 2229 3840 nec
2256 3777 2557 3841 immutat
2581 3782 2822 3841 statum

603 3914 637 3952 α
670 3895 786 3955 aut
821 3896 1120 3953 naturam
1152 3888 1383 3952 suam?
1419 3923 1511 3934 —-
1543 3889 1628 3952 Et
1659 3889 1868 3971 primo
1900 3889 2141 3954 intuitu
2177 3887 2440 3955 videtur
2471 3888 2822 3955 dicendum

601 4028 635 4064 «
674 4005 835 4068 hanc
864 4003 1145 4087 speciem
1176 4002 1430 4066 unionis
1463 4021 1594 4069 non
1622 4000 2092 4086 comprehendi
2116 4003 2183 4068 in
2209 4004 2642 4087 prohibitione
2674 4022 2823 4069 con-

603 4142 636 4181 α
673 4119 827 4203 cilii3
859 4119 1009 4204 quia
1039 4118 1292 4185 nullum
1325 4115 1774 4202 praejudicium
1800 4117 1877 4181 fit
1898 4117 2248 4200 parochiali
2278 4121 2370 4184 sic
2396 4119 2618 4198 unitoe„
2655 4121 2823 4186 sicut

596 4255 635 4297 «
671 4236 746 4301 fit
776 4254 897 4318 per
928 4235 1233 4299 unionem
1264 4233 1683 4298 accessorium
1705 4250 1821 4298 seu
1841 4230 2301 4317 subjectivum,
2335 4252 2457 4318 per
2487 4251 2680 4318 quam
2709 4235 2823 4298 Ec-

596 4373 632 4414 «
666 4351 857 4416 clesia
896 4350 1077 4414 unita
1120 4346 1358 4413 amittit
1394 4345 1660 4412 titulum
1707 4352 1777 4411 et
1815 4364 2054 4414 nomen
2093 4344 2411 4415 beneficii.
2471 4348 2635 4415 Item
2680 4347 2815 4414 haec
