<?xml version="1.0" encoding="UTF-8"?>
<!DOCTYPE html PUBLIC "-//W3C//DTD XHTML 1.0 Transitional//EN"
    "http://www.w3.org/TR/xhtml1/DTD/xhtml1-transitional.dtd">
<html xmlns="http://www.w3.org/1999/xhtml" xml:lang="en" lang="en">
 <head>
  <title>
</title>
<meta http-equiv="Content-Type" content="text/html;charset=utf-8" />
  <meta name='ocr-system' content='tesseract 3.04.00' />
  <meta name='ocr-capabilities' content='ocr_page ocr_carea ocr_par ocr_line ocrx_word'/>
</head>
<body>
  <div class='ocr_page' id='page_1' title='image "./tractatusdeparo00bouigoog_0707.png"; bbox 0 0 3146 4973; ppageno 0'>
   <div class='ocr_carea' id='block_1_1' title="bbox 1343 417 1567 466">
    <p class='ocr_par' dir='ltr' id='par_1_1' title="bbox 1343 417 1567 466">
     <span class='ocr_line' id='line_1_1' title="bbox 1343 417 1567 466; baseline 0 0"><span class='ocrx_word' id='word_1_1' title='bbox 1343 417 1567 466; x_wconf 70' lang='lat' dir='ltr'>mnnx.</span> 
     </span>
    </p>
   </div>
   <div class='ocr_carea' id='block_1_2' title="bbox 331 585 2415 4556">
    <p class='ocr_par' dir='ltr' id='par_1_2' title="bbox 405 585 2412 817">
     <span class='ocr_line' id='line_1_2' title="bbox 405 585 2411 655; baseline -0 -20"><span class='ocrx_word' id='word_1_2' title='bbox 405 585 431 651; x_wconf 71' lang='grc'><strong>5</strong></span> <span class='ocrx_word' id='word_1_3' title='bbox 455 587 535 635; x_wconf 82' lang='lat' dir='ltr'>IV.</span> <span class='ocrx_word' id='word_1_4' title='bbox 565 585 807 649; x_wconf 82' lang='lat' dir='ltr'>Episcopi,</span> <span class='ocrx_word' id='word_1_5' title='bbox 838 585 977 635; x_wconf 89' lang='lat' dir='ltr'>etiam</span> <span class='ocrx_word' id='word_1_6' title='bbox 1004 591 1235 649; x_wconf 84' lang='lat' dir='ltr'>quatenus</span> <span class='ocrx_word' id='word_1_7' title='bbox 1263 585 1399 636; x_wconf 88' lang='lat' dir='ltr'>Sedis</span> <span class='ocrx_word' id='word_1_8' title='bbox 1441 588 1722 650; x_wconf 75' lang='lat' dir='ltr'>Apostolicae</span> <span class='ocrx_word' id='word_1_9' title='bbox 1765 587 1983 651; x_wconf 76' lang='lat' dir='ltr'>delegati,</span> <span class='ocrx_word' id='word_1_10' title='bbox 2013 585 2250 655; x_wconf 71' lang='lat' dir='ltr'>praefatam</span> <span class='ocrx_word' id='word_1_11' title='bbox 2274 593 2411 650; x_wconf 89' lang='lat' dir='ltr'>pote-</span> 
     </span>
     <span class='ocr_line' id='line_1_3' title="bbox 473 671 2412 735; baseline -0.001 -15"><span class='ocrx_word' id='word_1_12' title='bbox 473 678 639 720; x_wconf 86' lang='lat' dir='ltr'>statem</span> <span class='ocrx_word' id='word_1_13' title='bbox 666 684 757 720; x_wconf 89' lang='lat' dir='ltr'>nou</span> <span class='ocrx_word' id='word_1_14' title='bbox 781 672 953 720; x_wconf 89' lang='lat' dir='ltr'>habent</span> <span class='ocrx_word' id='word_1_15' title='bbox 971 671 1202 733; x_wconf 81' lang='lat' dir='ltr'>absolute,</span> <span class='ocrx_word' id='word_1_16' title='bbox 1224 671 1308 719; x_wconf 85' lang='lat' dir='ltr'>sed</span> <span class='ocrx_word' id='word_1_17' title='bbox 1331 671 1472 720; x_wconf 86' lang='lat' dir='ltr'>certis</span> <span class='ocrx_word' id='word_1_18' title='bbox 1491 679 1536 720; x_wconf 86' lang='lat' dir='ltr'>et</span> <span class='ocrx_word' id='word_1_19' title='bbox 1557 686 1586 720; x_wconf 86' lang='lat' dir='ltr'>a</span> <span class='ocrx_word' id='word_1_20' title='bbox 1599 675 1705 735; x_wconf 79' lang='lat' dir='ltr'>jure</span> <span class='ocrx_word' id='word_1_21' title='bbox 1721 672 2041 723; x_wconf 78' lang='lat' dir='ltr'>determinatis</span> <span class='ocrx_word' id='word_1_22' title='bbox 2065 671 2412 722; x_wconf 88' lang='lat' dir='ltr'>conditionibus</span> 
     </span>
     <span class='ocr_line' id='line_1_4' title="bbox 473 755 2403 817; baseline 0.001 -12"><span class='ocrx_word' id='word_1_23' title='bbox 473 764 519 805; x_wconf 89' lang='lat' dir='ltr'>et</span> <span class='ocrx_word' id='word_1_24' title='bbox 539 755 898 804; x_wconf 61' lang='lat' dir='ltr'>rotunditatibus</span> <span class='ocrx_word' id='word_1_25' title='bbox 917 756 1173 817; x_wconf 67' lang='lat' dir='ltr'>subiectam</span> <span class='ocrx_word' id='word_1_26' title='bbox 1201 789 2403 809; x_wconf 87' lang='grc'><strong>...................</strong></span> 
     </span>
    </p>

    <p class='ocr_par' dir='ltr' id='par_1_3' title="bbox 342 837 2410 987">
     <span class='ocr_line' id='line_1_5' title="bbox 342 837 2410 905; baseline -0.002 -14"><span class='ocrx_word' id='word_1_27' title='bbox 342 841 535 892; x_wconf 74' lang='lat' dir='ltr'>CAPUT</span> <span class='ocrx_word' id='word_1_28' title='bbox 562 838 643 888; x_wconf 85' lang='lat' dir='ltr'>IV.</span> <span class='ocrx_word' id='word_1_29' title='bbox 672 841 892 896; x_wconf 83' lang='lat' dir='ltr'>Quaenam</span> <span class='ocrx_word' id='word_1_30' title='bbox 919 841 982 888; x_wconf 90' lang='lat' dir='ltr'>sit</span> <span class='ocrx_word' id='word_1_31' title='bbox 1004 840 1130 900; x_wconf 73' lang='lat' dir='ltr'>iusta</span> <span class='ocrx_word' id='word_1_32' title='bbox 1162 853 1320 902; x_wconf 87' lang='lat' dir='ltr'>causa,</span> <span class='ocrx_word' id='word_1_33' title='bbox 1348 854 1376 888; x_wconf 84' lang='lat' dir='ltr'>a</span> <span class='ocrx_word' id='word_1_34' title='bbox 1396 841 1502 904; x_wconf 84' lang='lat' dir='ltr'>jure</span> <span class='ocrx_word' id='word_1_35' title='bbox 1530 842 1775 904; x_wconf 86' lang='lat' dir='ltr'>requisita,</span> <span class='ocrx_word' id='word_1_36' title='bbox 1794 850 1847 891; x_wconf 88' lang='lat' dir='ltr'>ut</span> <span class='ocrx_word' id='word_1_37' title='bbox 1871 843 2025 905; x_wconf 80' lang='lat' dir='ltr'>possit</span> <span class='ocrx_word' id='word_1_38' title='bbox 2063 842 2325 905; x_wconf 81' lang='lat' dir='ltr'>Episcopus</span> <span class='ocrx_word' id='word_1_39' title='bbox 2351 837 2410 886; x_wconf 92' lang='lat' dir='ltr'>ad</span> 
     </span>
     <span class='ocr_line' id='line_1_6' title="bbox 405 923 2406 987; baseline 0 -15"><span class='ocrx_word' id='word_1_40' title='bbox 405 925 865 973; x_wconf 87' lang='lat' dir='ltr'>dismembratiouem</span> <span class='ocrx_word' id='word_1_41' title='bbox 919 923 1170 987; x_wconf 78' lang='lat' dir='ltr'>procedere</span> <span class='ocrx_word' id='word_1_42' title='bbox 1199 961 1213 975; x_wconf 91' lang='lat'><strong>.</strong></span> <span class='ocrx_word' id='word_1_43' title='bbox 1274 957 2406 979; x_wconf 90' lang='grc'><strong>.................</strong></span> 
     </span>
    </p>

    <p class='ocr_par' dir='ltr' id='par_1_4' title="bbox 404 1007 2414 1231">
     <span class='ocr_line' id='line_1_7' title="bbox 404 1007 2414 1074; baseline -0.003 -14"><span class='ocrx_word' id='word_1_44' title='bbox 404 1009 699 1071; x_wconf 68' lang='lat' dir='ltr'>Propomco</span> <span class='ocrx_word' id='word_1_45' title='bbox 727 1009 791 1057; x_wconf 78' lang='lat'>1⁸.</span> <span class='ocrx_word' id='word_1_46' title='bbox 813 1010 948 1057; x_wconf 82' lang='lat' dir='ltr'>Justa</span> <span class='ocrx_word' id='word_1_47' title='bbox 981 1023 1123 1058; x_wconf 87' lang='lat' dir='ltr'>causa</span> <span class='ocrx_word' id='word_1_48' title='bbox 1145 1023 1237 1058; x_wconf 91' lang='lat' dir='ltr'>non</span> <span class='ocrx_word' id='word_1_49' title='bbox 1266 1010 1359 1060; x_wconf 86' lang='lat' dir='ltr'>alia</span> <span class='ocrx_word' id='word_1_50' title='bbox 1382 1024 1484 1059; x_wconf 88' lang='lat' dir='ltr'>esse</span> <span class='ocrx_word' id='word_1_51' title='bbox 1503 1017 1676 1073; x_wconf 90' lang='lat' dir='ltr'>potest,</span> <span class='ocrx_word' id='word_1_52' title='bbox 1698 1025 1837 1074; x_wconf 85' lang='lat' dir='ltr'>quam</span> <span class='ocrx_word' id='word_1_53' title='bbox 1864 1012 1937 1060; x_wconf 82' lang='lat' dir='ltr'>vel</span> <span class='ocrx_word' id='word_1_54' title='bbox 1969 1011 2208 1070; x_wconf 76' lang='lat' dir='ltr'>distantia,</span> <span class='ocrx_word' id='word_1_55' title='bbox 2229 1009 2301 1057; x_wconf 79' lang='lat' dir='ltr'>vel</span> <span class='ocrx_word' id='word_1_56' title='bbox 2321 1007 2414 1056; x_wconf 81' lang='lat' dir='ltr'>alia</span> 
     </span>
     <span class='ocr_line' id='line_1_8' title="bbox 471 1091 2412 1159; baseline -0.001 -17"><span class='ocrx_word' id='word_1_57' title='bbox 471 1094 718 1142; x_wconf 77' lang='lat' dir='ltr'>difficultas</span> <span class='ocrx_word' id='word_1_58' title='bbox 737 1095 1128 1156; x_wconf 85' lang='lat' dir='ltr'>parochianorum</span> <span class='ocrx_word' id='word_1_59' title='bbox 1145 1094 1395 1144; x_wconf 87' lang='lat' dir='ltr'>accedendi</span> <span class='ocrx_word' id='word_1_60' title='bbox 1414 1095 1473 1143; x_wconf 89' lang='lat' dir='ltr'>ad</span> <span class='ocrx_word' id='word_1_61' title='bbox 1494 1095 1760 1159; x_wconf 85' lang='lat' dir='ltr'>recipienda</span> <span class='ocrx_word' id='word_1_62' title='bbox 1780 1104 2090 1156; x_wconf 87' lang='lat' dir='ltr'>sacramenta,</span> <span class='ocrx_word' id='word_1_63' title='bbox 2115 1105 2159 1144; x_wconf 87' lang='lat' dir='ltr'>et</span> <span class='ocrx_word' id='word_1_64' title='bbox 2178 1091 2412 1143; x_wconf 85' lang='lat' dir='ltr'>audienda</span> 
     </span>
     <span class='ocr_line' id='line_1_9' title="bbox 469 1177 2405 1231; baseline 0.002 -6"><span class='ocrx_word' id='word_1_65' title='bbox 469 1177 627 1226; x_wconf 79' lang='lat' dir='ltr'>divina</span> <span class='ocrx_word' id='word_1_66' title='bbox 649 1178 796 1226; x_wconf 87' lang='lat' dir='ltr'>officia</span> <span class='ocrx_word' id='word_1_67' title='bbox 803 1213 2405 1231; x_wconf 89' lang='grc'><strong>.........................</strong></span> 
     </span>
    </p>

    <p class='ocr_par' dir='ltr' id='par_1_5' title="bbox 404 1261 2415 1494">
     <span class='ocr_line' id='line_1_10' title="bbox 404 1261 2415 1328; baseline -0.001 -16"><span class='ocrx_word' id='word_1_68' title='bbox 404 1261 698 1324; x_wconf 72' lang='lat' dir='ltr'>Proposmo</span> <span class='ocrx_word' id='word_1_69' title='bbox 723 1262 813 1310; x_wconf 77' lang='lat'>11⁸.</span> <span class='ocrx_word' id='word_1_70' title='bbox 835 1262 1005 1323; x_wconf 84' lang='lat' dir='ltr'>lugens</span> <span class='ocrx_word' id='word_1_71' title='bbox 1033 1264 1194 1325; x_wconf 87' lang='lat' dir='ltr'>populi</span> <span class='ocrx_word' id='word_1_72' title='bbox 1222 1261 1473 1312; x_wconf 87' lang='lat' dir='ltr'>multitudo</span> <span class='ocrx_word' id='word_1_73' title='bbox 1501 1277 1594 1312; x_wconf 90' lang='lat' dir='ltr'>non</span> <span class='ocrx_word' id='word_1_74' title='bbox 1624 1271 1697 1313; x_wconf 89' lang='lat' dir='ltr'>est</span> <span class='ocrx_word' id='word_1_75' title='bbox 1722 1278 1805 1328; x_wconf 90' lang='lat' dir='ltr'>per</span> <span class='ocrx_word' id='word_1_76' title='bbox 1830 1278 1882 1314; x_wconf 91' lang='lat' dir='ltr'>se</span> <span class='ocrx_word' id='word_1_77' title='bbox 1915 1278 2058 1314; x_wconf 88' lang='lat' dir='ltr'>causa</span> <span class='ocrx_word' id='word_1_78' title='bbox 2083 1264 2290 1326; x_wconf 84' lang='lat' dir='ltr'>legitima</span> <span class='ocrx_word' id='word_1_79' title='bbox 2318 1261 2415 1311; x_wconf 86' lang='lat' dir='ltr'>dis-</span> 
     </span>
     <span class='ocr_line' id='line_1_11' title="bbox 471 1346 2411 1401; baseline 0.002 -8"><span class='ocrx_word' id='word_1_80' title='bbox 471 1346 822 1394; x_wconf 84' lang='lat' dir='ltr'>membrationis</span> <span class='ocrx_word' id='word_1_81' title='bbox 874 1381 2411 1401; x_wconf 89' lang='grc'><strong>........................</strong></span> 
     </span>
     <span class='ocr_line' id='line_1_12' title="bbox 469 1429 2409 1494; baseline 0.002 -14"><span class='ocrx_word' id='word_1_82' title='bbox 469 1429 628 1480; x_wconf 78' lang='lat' dir='ltr'>Nota.</span> <span class='ocrx_word' id='word_1_83' title='bbox 661 1429 825 1487; x_wconf 87' lang='lat' dir='ltr'>Quoad</span> <span class='ocrx_word' id='word_1_84' title='bbox 853 1431 1106 1480; x_wconf 79' lang='lat' dir='ltr'>hodiernus</span> <span class='ocrx_word' id='word_1_85' title='bbox 1129 1434 1378 1494; x_wconf 75' lang='lat' dir='ltr'>parochias</span> <span class='ocrx_word' id='word_1_86' title='bbox 1404 1433 1607 1483; x_wconf 77' lang='lat' dir='ltr'>civitatis</span> <span class='ocrx_word' id='word_1_87' title='bbox 1639 1433 1920 1483; x_wconf 74' lang='lat' dir='ltr'>parisiensis</span> <span class='ocrx_word' id='word_1_88' title='bbox 1947 1463 2409 1485; x_wconf 83' lang='lat'><strong>........</strong></span> 
     </span>
    </p>

    <p class='ocr_par' dir='ltr' id='par_1_6' title="bbox 404 1514 2415 1664">
     <span class='ocr_line' id='line_1_13' title="bbox 404 1514 2415 1579; baseline 0 -15"><span class='ocrx_word' id='word_1_89' title='bbox 404 1514 697 1575; x_wconf 69' lang='lat' dir='ltr'>propositio</span> <span class='ocrx_word' id='word_1_90' title='bbox 723 1515 833 1562; x_wconf 72' lang='lat'>111⁸.</span> <span class='ocrx_word' id='word_1_91' title='bbox 868 1516 1100 1564; x_wconf 87' lang='lat' dir='ltr'>Distantia</span> <span class='ocrx_word' id='word_1_92' title='bbox 1129 1523 1176 1564; x_wconf 90' lang='lat' dir='ltr'>et</span> <span class='ocrx_word' id='word_1_93' title='bbox 1196 1517 1444 1567; x_wconf 82' lang='lat' dir='ltr'>difficultas</span> <span class='ocrx_word' id='word_1_94' title='bbox 1470 1517 1721 1567; x_wconf 86' lang='lat' dir='ltr'>accedendi</span> <span class='ocrx_word' id='word_1_95' title='bbox 1748 1531 1843 1567; x_wconf 88' lang='lat' dir='ltr'>non</span> <span class='ocrx_word' id='word_1_96' title='bbox 1867 1524 1976 1567; x_wconf 88' lang='lat' dir='ltr'>suut</span> <span class='ocrx_word' id='word_1_97' title='bbox 1999 1532 2141 1566; x_wconf 86' lang='lat' dir='ltr'>causa</span> <span class='ocrx_word' id='word_1_98' title='bbox 2164 1517 2291 1579; x_wconf 82' lang='lat' dir='ltr'>justa</span> <span class='ocrx_word' id='word_1_99' title='bbox 2318 1515 2415 1565; x_wconf 86' lang='lat' dir='ltr'>dis-</span> 
     </span>
     <span class='ocr_line' id='line_1_14' title="bbox 471 1598 2409 1664; baseline 0.002 -20"><span class='ocrx_word' id='word_1_100' title='bbox 471 1598 842 1660; x_wconf 88' lang='lat' dir='ltr'>membratiouis,</span> <span class='ocrx_word' id='word_1_101' title='bbox 863 1601 955 1648; x_wconf 88' lang='lat' dir='ltr'>uisi</span> <span class='ocrx_word' id='word_1_102' title='bbox 978 1600 1165 1662; x_wconf 84' lang='lat' dir='ltr'>quando</span> <span class='ocrx_word' id='word_1_103' title='bbox 1194 1616 1251 1650; x_wconf 85' lang='lat' dir='ltr'>ex</span> <span class='ocrx_word' id='word_1_104' title='bbox 1279 1602 1394 1664; x_wconf 88' lang='lat' dir='ltr'>ipsis</span> <span class='ocrx_word' id='word_1_105' title='bbox 1418 1603 1570 1651; x_wconf 83' lang='lat' dir='ltr'>oritur</span> <span class='ocrx_word' id='word_1_106' title='bbox 1594 1616 1817 1664; x_wconf 79' lang='lat' dir='ltr'>maguum</span> <span class='ocrx_word' id='word_1_107' title='bbox 1844 1602 2189 1651; x_wconf 89' lang='lat' dir='ltr'>incommodum</span> <span class='ocrx_word' id='word_1_108' title='bbox 2216 1638 2229 1651; x_wconf 90' lang='lat'><strong>.</strong></span> <span class='ocrx_word' id='word_1_109' title='bbox 2282 1637 2295 1651; x_wconf 91' lang='lat'><strong>.</strong></span> <span class='ocrx_word' id='word_1_110' title='bbox 2349 1636 2362 1650; x_wconf 90' lang='lat'><strong>.</strong></span> <span class='ocrx_word' id='word_1_111' title='bbox 2396 1635 2409 1648; x_wconf 93' lang='lat'><strong>.</strong></span> 
     </span>
    </p>

    <p class='ocr_par' dir='ltr' id='par_1_7' title="bbox 407 1680 2415 1911">
     <span class='ocr_line' id='line_1_15' title="bbox 407 1680 2415 1749; baseline 0.001 -19"><span class='ocrx_word' id='word_1_112' title='bbox 407 1680 704 1743; x_wconf 67' lang='lat' dir='ltr'>Propomio</span> <span class='ocrx_word' id='word_1_113' title='bbox 738 1683 842 1730; x_wconf 56' lang='grc' dir='ltr'>ΙΨ.</span> <span class='ocrx_word' id='word_1_114' title='bbox 884 1683 955 1730; x_wconf 79' lang='lat' dir='ltr'>Ad</span> <span class='ocrx_word' id='word_1_115' title='bbox 982 1683 1237 1745; x_wconf 82' lang='lat' dir='ltr'>legitimam</span> <span class='ocrx_word' id='word_1_116' title='bbox 1261 1684 1740 1746; x_wconf 86' lang='lat' dir='ltr'>dismembrationem,</span> <span class='ocrx_word' id='word_1_117' title='bbox 1783 1701 1874 1735; x_wconf 87' lang='lat' dir='ltr'>non</span> <span class='ocrx_word' id='word_1_118' title='bbox 1898 1687 2038 1735; x_wconf 89' lang='lat' dir='ltr'>simul</span> <span class='ocrx_word' id='word_1_119' title='bbox 2067 1685 2323 1749; x_wconf 81' lang='lat' dir='ltr'>requiritur</span> <span class='ocrx_word' id='word_1_120' title='bbox 2344 1683 2415 1733; x_wconf 90' lang='lat' dir='ltr'>di-</span> 
     </span>
     <span class='ocr_line' id='line_1_16' title="bbox 473 1763 2411 1836; baseline 0.003 -24"><span class='ocrx_word' id='word_1_121' title='bbox 473 1765 644 1812; x_wconf 83' lang='lat' dir='ltr'>stantia</span> <span class='ocrx_word' id='word_1_122' title='bbox 666 1771 711 1813; x_wconf 86' lang='lat' dir='ltr'>et</span> <span class='ocrx_word' id='word_1_123' title='bbox 729 1763 976 1815; x_wconf 79' lang='lat' dir='ltr'>difficultas</span> <span class='ocrx_word' id='word_1_124' title='bbox 1004 1767 1283 1830; x_wconf 87' lang='lat' dir='ltr'>accedendi;</span> <span class='ocrx_word' id='word_1_125' title='bbox 1311 1768 1394 1818; x_wconf 87' lang='lat' dir='ltr'>sed</span> <span class='ocrx_word' id='word_1_126' title='bbox 1423 1783 1515 1818; x_wconf 89' lang='lat' dir='ltr'>uua</span> <span class='ocrx_word' id='word_1_127' title='bbox 1541 1784 1598 1819; x_wconf 86' lang='lat' dir='ltr'>ex</span> <span class='ocrx_word' id='word_1_128' title='bbox 1618 1771 1721 1820; x_wconf 87' lang='lat' dir='ltr'>istis</span> <span class='ocrx_word' id='word_1_129' title='bbox 1740 1772 1894 1820; x_wconf 89' lang='lat' dir='ltr'>causis</span> <span class='ocrx_word' id='word_1_130' title='bbox 1913 1773 2088 1836; x_wconf 86' lang='lat' dir='ltr'>absque</span> <span class='ocrx_word' id='word_1_131' title='bbox 2110 1771 2258 1820; x_wconf 84' lang='lat' dir='ltr'>altera</span> <span class='ocrx_word' id='word_1_132' title='bbox 2276 1769 2411 1818; x_wconf 82' lang='lat' dir='ltr'>suffi-</span> 
     </span>
     <span class='ocr_line' id='line_1_17' title="bbox 471 1856 2402 1911; baseline 0.003 -15"><span class='ocrx_word' id='word_1_133' title='bbox 471 1861 577 1896; x_wconf 87' lang='lat' dir='ltr'>cere</span> <span class='ocrx_word' id='word_1_134' title='bbox 611 1856 768 1911; x_wconf 88' lang='lat' dir='ltr'>potest</span> <span class='ocrx_word' id='word_1_135' title='bbox 804 1885 2402 1907; x_wconf 87' lang='grc'><strong>.........................</strong></span> 
     </span>
    </p>

    <p class='ocr_par' dir='ltr' id='par_1_8' title="bbox 405 1931 2412 2166">
     <span class='ocr_line' id='line_1_18' title="bbox 405 1931 2412 2000; baseline 0 -17"><span class='ocrx_word' id='word_1_136' title='bbox 405 1931 699 1996; x_wconf 68' lang='grc' dir='ltr'><strong><em>Ρνοροεέείο</em></strong></span> <span class='ocrx_word' id='word_1_137' title='bbox 735 1935 818 1983; x_wconf 82' lang='lat' dir='ltr'>V·.</span> <span class='ocrx_word' id='word_1_138' title='bbox 855 1937 915 1985; x_wconf 86' lang='lat' dir='ltr'>Ut</span> <span class='ocrx_word' id='word_1_139' title='bbox 951 1944 1133 1986; x_wconf 89' lang='lat' dir='ltr'>constet</span> <span class='ocrx_word' id='word_1_140' title='bbox 1161 1936 1220 1986; x_wconf 87' lang='lat' dir='ltr'>de</span> <span class='ocrx_word' id='word_1_141' title='bbox 1261 1952 1428 2000; x_wconf 83' lang='lat' dir='ltr'>magno</span> <span class='ocrx_word' id='word_1_142' title='bbox 1468 1939 1761 1989; x_wconf 87' lang='lat' dir='ltr'>incommodo</span> <span class='ocrx_word' id='word_1_143' title='bbox 1790 1954 1846 1989; x_wconf 82' lang='lat' dir='ltr'>ex</span> <span class='ocrx_word' id='word_1_144' title='bbox 1874 1939 2095 1989; x_wconf 84' lang='lat' dir='ltr'>distantia</span> <span class='ocrx_word' id='word_1_145' title='bbox 2116 1940 2188 1988; x_wconf 78' lang='lat' dir='ltr'>vei</span> <span class='ocrx_word' id='word_1_146' title='bbox 2231 1953 2284 1987; x_wconf 85' lang='lat' dir='ltr'>ex</span> <span class='ocrx_word' id='word_1_147' title='bbox 2318 1937 2412 1986; x_wconf 76' lang='lat' dir='ltr'>alia</span> 
     </span>
     <span class='ocr_line' id='line_1_19' title="bbox 469 2016 2409 2084; baseline 0.001 -19"><span class='ocrx_word' id='word_1_148' title='bbox 469 2019 736 2067; x_wconf 77' lang='lat' dir='ltr'>difficultate</span> <span class='ocrx_word' id='word_1_149' title='bbox 761 2016 1029 2078; x_wconf 86' lang='lat' dir='ltr'>accedendi,</span> <span class='ocrx_word' id='word_1_150' title='bbox 1055 2031 1245 2068; x_wconf 84' lang='lat' dir='ltr'>necesse</span> <span class='ocrx_word' id='word_1_151' title='bbox 1271 2033 1362 2068; x_wconf 89' lang='lat' dir='ltr'>nou</span> <span class='ocrx_word' id='word_1_152' title='bbox 1391 2028 1462 2069; x_wconf 87' lang='lat' dir='ltr'>est</span> <span class='ocrx_word' id='word_1_153' title='bbox 1485 2020 1670 2084; x_wconf 83' lang='lat' dir='ltr'>aliquos</span> <span class='ocrx_word' id='word_1_154' title='bbox 1695 2020 1892 2069; x_wconf 78' lang='lat' dir='ltr'>infantes</span> <span class='ocrx_word' id='word_1_155' title='bbox 1936 2022 2115 2083; x_wconf 88' lang='lat' dir='ltr'>absque</span> <span class='ocrx_word' id='word_1_156' title='bbox 2156 2018 2409 2082; x_wconf 88' lang='lat' dir='ltr'>baptismo,</span> 
     </span>
     <span class='ocr_line' id='line_1_20' title="bbox 462 2104 2404 2166; baseline 0.001 -15"><span class='ocrx_word' id='word_1_157' title='bbox 462 2104 536 2153; x_wconf 82' lang='lat' dir='ltr'>vel</span> <span class='ocrx_word' id='word_1_158' title='bbox 562 2104 680 2152; x_wconf 84' lang='lat' dir='ltr'>alios</span> <span class='ocrx_word' id='word_1_159' title='bbox 707 2105 884 2166; x_wconf 87' lang='lat' dir='ltr'>absque</span> <span class='ocrx_word' id='word_1_160' title='bbox 919 2106 1226 2153; x_wconf 84' lang='lat' dir='ltr'>sacramentis</span> <span class='ocrx_word' id='word_1_161' title='bbox 1249 2105 1514 2154; x_wconf 76' lang='lat' dir='ltr'>decessisse</span> <span class='ocrx_word' id='word_1_162' title='bbox 1542 2138 2404 2158; x_wconf 86' lang='grc'><strong>..............</strong></span> 
     </span>
    </p>

    <p class='ocr_par' dir='ltr' id='par_1_9' title="bbox 402 2188 2411 2507">
     <span class='ocr_line' id='line_1_21' title="bbox 402 2188 2411 2260; baseline -0.001 -19"><span class='ocrx_word' id='word_1_163' title='bbox 402 2189 698 2251; x_wconf 67' lang='lat' dir='ltr'>Proposita»</span> <span class='ocrx_word' id='word_1_164' title='bbox 725 2190 830 2237; x_wconf 67' lang='grc' dir='ltr'>Ἧι.</span> <span class='ocrx_word' id='word_1_165' title='bbox 863 2188 1059 2247; x_wconf 87' lang='lat' dir='ltr'>Quando</span> <span class='ocrx_word' id='word_1_166' title='bbox 1098 2189 1232 2238; x_wconf 84' lang='lat' dir='ltr'>adest</span> <span class='ocrx_word' id='word_1_167' title='bbox 1257 2203 1477 2251; x_wconf 79' lang='lat' dir='ltr'>magnum</span> <span class='ocrx_word' id='word_1_168' title='bbox 1499 2191 1867 2252; x_wconf 87' lang='lat' dir='ltr'>incommodum,</span> <span class='ocrx_word' id='word_1_169' title='bbox 1901 2189 1983 2239; x_wconf 85' lang='lat' dir='ltr'>sed</span> <span class='ocrx_word' id='word_1_170' title='bbox 2011 2191 2087 2239; x_wconf 87' lang='lat' dir='ltr'>cui</span> <span class='ocrx_word' id='word_1_171' title='bbox 2123 2188 2307 2238; x_wconf 88' lang='lat' dir='ltr'>occurri</span> <span class='ocrx_word' id='word_1_172' title='bbox 2327 2203 2411 2260; x_wconf 81' lang='lat' dir='ltr'>po·</span> 
     </span>
     <span class='ocr_line' id='line_1_22' title="bbox 471 2274 2408 2337; baseline -0.001 -15"><span class='ocrx_word' id='word_1_173' title='bbox 471 2282 563 2322; x_wconf 83' lang='lat' dir='ltr'>test</span> <span class='ocrx_word' id='word_1_174' title='bbox 590 2274 727 2323; x_wconf 84' lang='lat' dir='ltr'>aliter</span> <span class='ocrx_word' id='word_1_175' title='bbox 751 2287 890 2336; x_wconf 88' lang='lat' dir='ltr'>quam</span> <span class='ocrx_word' id='word_1_176' title='bbox 908 2288 993 2336; x_wconf 87' lang='lat' dir='ltr'>per</span> <span class='ocrx_word' id='word_1_177' title='bbox 1007 2274 1486 2334; x_wconf 78' lang='lat' dir='ltr'>dismembrationem,</span> <span class='ocrx_word' id='word_1_178' title='bbox 1517 2282 1592 2323; x_wconf 86' lang='lat' dir='ltr'>sat</span> <span class='ocrx_word' id='word_1_179' title='bbox 1616 2281 1803 2337; x_wconf 85' lang='lat' dir='ltr'>recepta</span> <span class='ocrx_word' id='word_1_180' title='bbox 1823 2281 1896 2323; x_wconf 89' lang='lat' dir='ltr'>est</span> <span class='ocrx_word' id='word_1_181' title='bbox 1922 2274 2046 2337; x_wconf 87' lang='lat' dir='ltr'>apud</span> <span class='ocrx_word' id='word_1_182' title='bbox 2067 2275 2282 2323; x_wconf 89' lang='lat' dir='ltr'>doctores</span> <span class='ocrx_word' id='word_1_183' title='bbox 2298 2286 2408 2322; x_wconf 87' lang='lat' dir='ltr'>seu·</span> 
     </span>
     <span class='ocr_line' id='line_1_23' title="bbox 471 2358 2411 2422; baseline -0.001 -15"><span class='ocrx_word' id='word_1_184' title='bbox 471 2359 631 2418; x_wconf 87' lang='lat' dir='ltr'>tentia,</span> <span class='ocrx_word' id='word_1_185' title='bbox 663 2371 754 2407; x_wconf 90' lang='lat' dir='ltr'>non</span> <span class='ocrx_word' id='word_1_186' title='bbox 779 2372 922 2421; x_wconf 88' lang='lat' dir='ltr'>posse</span> <span class='ocrx_word' id='word_1_187' title='bbox 953 2367 1066 2409; x_wconf 88' lang='lat' dir='ltr'>tunc</span> <span class='ocrx_word' id='word_1_188' title='bbox 1093 2359 1378 2422; x_wconf 83' lang='lat' dir='ltr'>Episcopum</span> <span class='ocrx_word' id='word_1_189' title='bbox 1416 2359 1476 2406; x_wconf 87' lang='lat' dir='ltr'>ad</span> <span class='ocrx_word' id='word_1_190' title='bbox 1514 2358 1975 2408; x_wconf 89' lang='lat' dir='ltr'>dismembratiouem</span> <span class='ocrx_word' id='word_1_191' title='bbox 2008 2358 2263 2422; x_wconf 87' lang='lat' dir='ltr'>procedere</span> <span class='ocrx_word' id='word_1_192' title='bbox 2295 2373 2307 2406; x_wconf 72' lang='grc' dir='ltr'>ε</span> <span class='ocrx_word' id='word_1_193' title='bbox 2336 2358 2411 2407; x_wconf 85' lang='lat' dir='ltr'>cui</span> 
     </span>
     <span class='ocr_line' id='line_1_24' title="bbox 471 2443 2406 2507; baseline 0.001 -15"><span class='ocrx_word' id='word_1_194' title='bbox 471 2449 622 2493; x_wconf 88' lang='lat' dir='ltr'>tamen</span> <span class='ocrx_word' id='word_1_195' title='bbox 651 2444 890 2493; x_wconf 66' lang='lat' dir='ltr'>sententias</span> <span class='ocrx_word' id='word_1_196' title='bbox 915 2443 1080 2494; x_wconf 73' lang='lat' dir='ltr'>validae</span> <span class='ocrx_word' id='word_1_197' title='bbox 1107 2445 1310 2494; x_wconf 88' lang='lat' dir='ltr'>rationes</span> <span class='ocrx_word' id='word_1_198' title='bbox 1337 2444 1509 2507; x_wconf 90' lang='lat' dir='ltr'>opponi</span> <span class='ocrx_word' id='word_1_199' title='bbox 1535 2457 1676 2507; x_wconf 87' lang='lat' dir='ltr'>posse</span> <span class='ocrx_word' id='word_1_200' title='bbox 1701 2443 1918 2494; x_wconf 79' lang='lat' dir='ltr'>videntur</span> <span class='ocrx_word' id='word_1_201' title='bbox 1945 2477 2406 2499; x_wconf 90' lang='grc'><strong>........</strong></span> 
     </span>
    </p>

    <p class='ocr_par' dir='ltr' id='par_1_10' title="bbox 402 2527 2407 2761">
     <span class='ocr_line' id='line_1_25' title="bbox 402 2527 2405 2592; baseline -0.002 -12"><span class='ocrx_word' id='word_1_202' title='bbox 402 2528 693 2592; x_wconf 69' lang='lat' dir='ltr'>propositio</span> <span class='ocrx_word' id='word_1_203' title='bbox 723 2530 852 2578; x_wconf 53' lang='lat' dir='ltr'>VII&amp;</span> <span class='ocrx_word' id='word_1_204' title='bbox 886 2528 959 2578; x_wconf 78' lang='lat' dir='ltr'>Ad</span> <span class='ocrx_word' id='word_1_205' title='bbox 985 2528 1389 2578; x_wconf 89' lang='lat' dir='ltr'>determinandum</span> <span class='ocrx_word' id='word_1_206' title='bbox 1419 2528 1605 2592; x_wconf 90' lang='lat' dir='ltr'>quando</span> <span class='ocrx_word' id='word_1_207' title='bbox 1633 2528 1759 2577; x_wconf 88' lang='lat' dir='ltr'>adsit</span> <span class='ocrx_word' id='word_1_208' title='bbox 1788 2542 2011 2590; x_wconf 87' lang='lat' dir='ltr'>magnum</span> <span class='ocrx_word' id='word_1_209' title='bbox 2039 2527 2405 2588; x_wconf 85' lang='lat' dir='ltr'>incommodum,</span> 
     </span>
     <span class='ocr_line' id='line_1_26' title="bbox 468 2612 2407 2675; baseline -0.001 -13"><span class='ocrx_word' id='word_1_210' title='bbox 468 2615 567 2662; x_wconf 81' lang='lat' dir='ltr'>sive</span> <span class='ocrx_word' id='word_1_211' title='bbox 609 2628 665 2663; x_wconf 85' lang='lat' dir='ltr'>ex</span> <span class='ocrx_word' id='word_1_212' title='bbox 706 2613 952 2675; x_wconf 82' lang='lat' dir='ltr'>distantia,</span> <span class='ocrx_word' id='word_1_213' title='bbox 1004 2615 1103 2663; x_wconf 82' lang='lat' dir='ltr'>sive</span> <span class='ocrx_word' id='word_1_214' title='bbox 1145 2628 1203 2663; x_wconf 83' lang='lat' dir='ltr'>ex</span> <span class='ocrx_word' id='word_1_215' title='bbox 1247 2613 1517 2662; x_wconf 74' lang='lat' dir='ltr'>difficilitate</span> <span class='ocrx_word' id='word_1_216' title='bbox 1557 2612 1832 2673; x_wconf 87' lang='lat' dir='ltr'>accedendi,</span> <span class='ocrx_word' id='word_1_217' title='bbox 1879 2614 2009 2662; x_wconf 86' lang='lat' dir='ltr'>nulla</span> <span class='ocrx_word' id='word_1_218' title='bbox 2053 2614 2193 2663; x_wconf 87' lang='lat' dir='ltr'>datur</span> <span class='ocrx_word' id='word_1_219' title='bbox 2233 2627 2262 2661; x_wconf 88' lang='lat' dir='ltr'>a</span> <span class='ocrx_word' id='word_1_220' title='bbox 2299 2613 2407 2674; x_wconf 81' lang='lat' dir='ltr'>jure</span> 
     </span>
     <span class='ocr_line' id='line_1_27' title="bbox 467 2697 2405 2761; baseline -0.001 -16"><span class='ocrx_word' id='word_1_221' title='bbox 467 2699 657 2759; x_wconf 81' lang='lat' dir='ltr'>regu1a;</span> <span class='ocrx_word' id='word_1_222' title='bbox 688 2711 741 2747; x_wconf 90' lang='lat' dir='ltr'>ac</span> <span class='ocrx_word' id='word_1_223' title='bbox 768 2698 964 2761; x_wconf 79' lang='lat' dir='ltr'>proinde</span> <span class='ocrx_word' id='word_1_224' title='bbox 990 2698 1038 2747; x_wconf 91' lang='lat' dir='ltr'>id</span> <span class='ocrx_word' id='word_1_225' title='bbox 1083 2698 1323 2747; x_wconf 84' lang='lat' dir='ltr'>ordinarii</span> <span class='ocrx_word' id='word_1_226' title='bbox 1345 2697 1523 2760; x_wconf 80' lang='lat' dir='ltr'>judicio</span> <span class='ocrx_word' id='word_1_227' title='bbox 1567 2697 1851 2761; x_wconf 83' lang='lat' dir='ltr'>relinquitur</span> <span class='ocrx_word' id='word_1_228' title='bbox 1877 2730 2405 2749; x_wconf 88' lang='grc'><strong>.........</strong></span> 
     </span>
    </p>

    <p class='ocr_par' dir='ltr' id='par_1_11' title="bbox 402 2782 2406 2930">
     <span class='ocr_line' id='line_1_28' title="bbox 402 2782 2406 2847; baseline -0.001 -15"><span class='ocrx_word' id='word_1_229' title='bbox 402 2782 700 2844; x_wconf 69' lang='lat' dir='ltr'>Propo-titio</span> <span class='ocrx_word' id='word_1_230' title='bbox 725 2784 878 2833; x_wconf 66' lang='lat' dir='ltr'>vmt.</span> <span class='ocrx_word' id='word_1_231' title='bbox 905 2782 1200 2847; x_wconf 79' lang='lat' dir='ltr'>Regulariter</span> <span class='ocrx_word' id='word_1_232' title='bbox 1226 2782 1478 2846; x_wconf 87' lang='lat' dir='ltr'>loquendo,</span> <span class='ocrx_word' id='word_1_233' title='bbox 1510 2782 1604 2833; x_wconf 90' lang='lat' dir='ltr'>duo</span> <span class='ocrx_word' id='word_1_234' title='bbox 1630 2784 1783 2832; x_wconf 82' lang='lat' dir='ltr'>millia</span> <span class='ocrx_word' id='word_1_235' title='bbox 1810 2796 2031 2845; x_wconf 87' lang='lat' dir='ltr'>passuum</span> <span class='ocrx_word' id='word_1_236' title='bbox 2062 2783 2293 2831; x_wconf 85' lang='lat' dir='ltr'>habentur</span> <span class='ocrx_word' id='word_1_237' title='bbox 2319 2794 2406 2844; x_wconf 84' lang='lat' dir='ltr'>pro</span> 
     </span>
     <span class='ocr_line' id='line_1_29' title="bbox 466 2867 2401 2930; baseline -0.001 -14"><span class='ocrx_word' id='word_1_238' title='bbox 466 2868 691 2917; x_wconf 85' lang='lat' dir='ltr'>distantia</span> <span class='ocrx_word' id='word_1_239' title='bbox 717 2868 978 2927; x_wconf 75' lang='lat' dir='ltr'>sufficienti,</span> <span class='ocrx_word' id='word_1_240' title='bbox 1006 2878 1058 2927; x_wconf 67' lang='lat' dir='ltr'>ut</span> <span class='ocrx_word' id='word_1_241' title='bbox 1082 2868 1141 2916; x_wconf 86' lang='lat' dir='ltr'>ad</span> <span class='ocrx_word' id='word_1_242' title='bbox 1169 2868 1629 2917; x_wconf 85' lang='lat' dir='ltr'>dismembrationem</span> <span class='ocrx_word' id='word_1_243' title='bbox 1669 2867 1863 2930; x_wconf 87' lang='lat' dir='ltr'>procedi</span> <span class='ocrx_word' id='word_1_244' title='bbox 1896 2869 2047 2928; x_wconf 87' lang='lat' dir='ltr'>possit</span> <span class='ocrx_word' id='word_1_245' title='bbox 2073 2900 2401 2917; x_wconf 90' lang='grc'><strong>......</strong></span> 
     </span>
    </p>

    <p class='ocr_par' dir='ltr' id='par_1_12' title="bbox 400 2951 2407 3175">
     <span class='ocr_line' id='line_1_30' title="bbox 400 2951 2407 3016; baseline -0.003 -12"><span class='ocrx_word' id='word_1_246' title='bbox 400 2951 693 3016; x_wconf 69' lang='lat' dir='ltr'>Propoaeieto</span> <span class='ocrx_word' id='word_1_247' title='bbox 720 2951 829 2999; x_wconf 51' lang='lat' dir='ltr'>IX&amp;</span> <span class='ocrx_word' id='word_1_248' title='bbox 862 2954 929 2999; x_wconf 83' lang='lat' dir='ltr'>Ex</span> <span class='ocrx_word' id='word_1_249' title='bbox 956 2964 1011 2999; x_wconf 86' lang='lat' dir='ltr'>eo</span> <span class='ocrx_word' id='word_1_250' title='bbox 1033 2951 1158 3013; x_wconf 83' lang='lat' dir='ltr'>quod</span> <span class='ocrx_word' id='word_1_251' title='bbox 1180 2951 1304 3000; x_wconf 88' lang='lat' dir='ltr'>adsit</span> <span class='ocrx_word' id='word_1_252' title='bbox 1325 2952 1453 3012; x_wconf 82' lang='lat' dir='ltr'>justa</span> <span class='ocrx_word' id='word_1_253' title='bbox 1475 2951 1907 3000; x_wconf 87' lang='lat' dir='ltr'>dismembrationis</span> <span class='ocrx_word' id='word_1_254' title='bbox 1934 2965 2095 3010; x_wconf 84' lang='lat' dir='ltr'>causa,</span> <span class='ocrx_word' id='word_1_255' title='bbox 2128 2963 2222 2999; x_wconf 89' lang='lat' dir='ltr'>non</span> <span class='ocrx_word' id='word_1_256' title='bbox 2249 2956 2407 3013; x_wconf 87' lang='lat' dir='ltr'>potest</span> 
     </span>
     <span class='ocr_line' id='line_1_31' title="bbox 466 3034 2404 3104; baseline -0.004 -13"><span class='ocrx_word' id='word_1_257' title='bbox 466 3043 729 3104; x_wconf 81' lang='lat' dir='ltr'>Episcopus</span> <span class='ocrx_word' id='word_1_258' title='bbox 759 3048 941 3103; x_wconf 85' lang='lat' dir='ltr'>partem</span> <span class='ocrx_word' id='word_1_259' title='bbox 981 3036 1144 3100; x_wconf 85' lang='lat' dir='ltr'>populi</span> <span class='ocrx_word' id='word_1_260' title='bbox 1180 3048 1206 3084; x_wconf 87' lang='lat' dir='ltr'>e</span> <span class='ocrx_word' id='word_1_261' title='bbox 1240 3034 1465 3098; x_wconf 86' lang='lat' dir='ltr'>parochia</span> <span class='ocrx_word' id='word_1_262' title='bbox 1499 3035 1781 3096; x_wconf 86' lang='lat' dir='ltr'>distrahere,</span> <span class='ocrx_word' id='word_1_263' title='bbox 1804 3041 1849 3084; x_wconf 86' lang='lat' dir='ltr'>et</span> <span class='ocrx_word' id='word_1_264' title='bbox 1877 3034 2011 3084; x_wconf 83' lang='lat' dir='ltr'>alteri</span> <span class='ocrx_word' id='word_1_265' title='bbox 2041 3034 2277 3097; x_wconf 66' lang='lat' dir='ltr'>parochias</span> <span class='ocrx_word' id='word_1_266' title='bbox 2306 3035 2404 3097; x_wconf 74' lang='lat' dir='ltr'>jam</span> 
     </span>
     <span class='ocr_line' id='line_1_32' title="bbox 467 3112 2395 3175; baseline -0.004 0"><span class='ocrx_word' id='word_1_267' title='bbox 467 3126 682 3175; x_wconf 76' lang='lat' dir='ltr'>existenti</span> <span class='ocrx_word' id='word_1_268' title='bbox 710 3112 929 3172; x_wconf 85' lang='lat' dir='ltr'>addicere</span> <span class='ocrx_word' id='word_1_269' title='bbox 975 3153 2395 3172; x_wconf 88' lang='grc'><strong>......................</strong></span> 
     </span>
    </p>

    <p class='ocr_par' dir='ltr' id='par_1_13' title="bbox 331 3203 2404 3344">
     <span class='ocr_line' id='line_1_33' title="bbox 331 3203 2404 3267; baseline -0.006 -4"><span class='ocrx_word' id='word_1_270' title='bbox 331 3213 528 3264; x_wconf 78' lang='lat' dir='ltr'>CAPUT</span> <span class='ocrx_word' id='word_1_271' title='bbox 557 3213 613 3259; x_wconf 86' lang='lat' dir='ltr'>V.</span> <span class='ocrx_word' id='word_1_272' title='bbox 645 3212 864 3267; x_wconf 73' lang='lat' dir='ltr'>Quaenam</span> <span class='ocrx_word' id='word_1_273' title='bbox 900 3209 998 3257; x_wconf 87' lang='lat' dir='ltr'>sint</span> <span class='ocrx_word' id='word_1_274' title='bbox 1024 3205 1328 3255; x_wconf 68' lang='lat' dir='ltr'>formalitatoe</span> <span class='ocrx_word' id='word_1_275' title='bbox 1354 3204 1614 3266; x_wconf 64' lang='lat' dir='ltr'>requisitae,</span> <span class='ocrx_word' id='word_1_276' title='bbox 1644 3211 1696 3253; x_wconf 90' lang='lat' dir='ltr'>ut</span> <span class='ocrx_word' id='word_1_277' title='bbox 1720 3205 1944 3253; x_wconf 88' lang='lat' dir='ltr'>canonice</span> <span class='ocrx_word' id='word_1_278' title='bbox 1968 3203 2048 3251; x_wconf 82' lang='lat' dir='ltr'>fiat</span> <span class='ocrx_word' id='word_1_279' title='bbox 2077 3204 2137 3251; x_wconf 88' lang='lat' dir='ltr'>ab</span> <span class='ocrx_word' id='word_1_280' title='bbox 2167 3203 2404 3266; x_wconf 82' lang='lat' dir='ltr'>Episcopo</span> 
     </span>
     <span class='ocr_line' id='line_1_34' title="bbox 400 3292 2403 3344; baseline -0.003 0"><span class='ocrx_word' id='word_1_281' title='bbox 400 3295 752 3344; x_wconf 83' lang='lat' dir='ltr'>dismembratio</span> <span class='ocrx_word' id='word_1_282' title='bbox 771 3301 818 3342; x_wconf 87' lang='lat' dir='ltr'>et</span> <span class='ocrx_word' id='word_1_283' title='bbox 834 3292 1039 3342; x_wconf 78' lang='lat' dir='ltr'>erectio?</span> <span class='ocrx_word' id='word_1_284' title='bbox 1069 3321 2403 3341; x_wconf 88' lang='grc'><strong>.....................</strong></span> 
     </span>
    </p>

    <p class='ocr_par' dir='ltr' id='par_1_14' title="bbox 401 3371 2405 3525">
     <span class='ocr_line' id='line_1_35' title="bbox 401 3371 2405 3444; baseline -0.005 -12"><span class='ocrx_word' id='word_1_285' title='bbox 401 3381 721 3444; x_wconf 74' lang='lat' dir='ltr'>Requisitum</span> <span class='ocrx_word' id='word_1_286' title='bbox 749 3379 790 3426; x_wconf 83' lang='lat'>1.</span> <span class='ocrx_word' id='word_1_287' title='bbox 815 3380 963 3426; x_wconf 88' lang='lat' dir='ltr'>Debet</span> <span class='ocrx_word' id='word_1_288' title='bbox 986 3376 1086 3425; x_wconf 84' lang='lat' dir='ltr'>fieri</span> <span class='ocrx_word' id='word_1_289' title='bbox 1105 3389 1357 3438; x_wconf 86' lang='lat' dir='ltr'>processus</span> <span class='ocrx_word' id='word_1_290' title='bbox 1382 3374 1442 3423; x_wconf 90' lang='lat' dir='ltr'>ad</span> <span class='ocrx_word' id='word_1_291' title='bbox 1472 3371 1829 3433; x_wconf 78' lang='lat' dir='ltr'>verificandum,</span> <span class='ocrx_word' id='word_1_292' title='bbox 1853 3387 1910 3421; x_wconf 90' lang='lat' dir='ltr'>an</span> <span class='ocrx_word' id='word_1_293' title='bbox 1941 3386 2105 3422; x_wconf 80' lang='lat' dir='ltr'>revera</span> <span class='ocrx_word' id='word_1_294' title='bbox 2130 3372 2255 3422; x_wconf 87' lang='lat' dir='ltr'>adsit</span> <span class='ocrx_word' id='word_1_295' title='bbox 2276 3374 2405 3435; x_wconf 82' lang='lat' dir='ltr'>justa</span> 
     </span>
     <span class='ocr_line' id='line_1_36' title="bbox 466 3448 2401 3525; baseline -0.002 -12"><span class='ocrx_word' id='word_1_296' title='bbox 466 3479 607 3514; x_wconf 86' lang='lat' dir='ltr'>eausa</span> <span class='ocrx_word' id='word_1_297' title='bbox 641 3478 807 3513; x_wconf 78' lang='lat' dir='ltr'>novam</span> <span class='ocrx_word' id='word_1_298' title='bbox 850 3462 1058 3525; x_wconf 81' lang='lat' dir='ltr'>erigendi</span> <span class='ocrx_word' id='word_1_299' title='bbox 1102 3462 1372 3525; x_wconf 85' lang='lat' dir='ltr'>parochiam</span> <span class='ocrx_word' id='word_1_300' title='bbox 1402 3498 1414 3509; x_wconf 90' lang='lat'>.</span> <span class='ocrx_word' id='word_1_301' title='bbox 1468 3497 1481 3510; x_wconf 93' lang='lat'><strong>.</strong></span> <span class='ocrx_word' id='word_1_302' title='bbox 1533 3496 1549 3510; x_wconf 91' lang='lat'><strong>.</strong></span> <span class='ocrx_word' id='word_1_303' title='bbox 1603 3496 1617 3511; x_wconf 89' lang='lat'><strong>.</strong></span> <span class='ocrx_word' id='word_1_304' title='bbox 1671 3496 1684 3509; x_wconf 92' lang='lat'><strong>.</strong></span> <span class='ocrx_word' id='word_1_305' title='bbox 1738 3497 1751 3509; x_wconf 88' lang='lat'><strong>.</strong></span> <span class='ocrx_word' id='word_1_306' title='bbox 1807 3496 1819 3507; x_wconf 91' lang='lat'><em>.</em></span> <span class='ocrx_word' id='word_1_307' title='bbox 1872 3496 1887 3509; x_wconf 90' lang='lat'><strong>.</strong></span> <span class='ocrx_word' id='word_1_308' title='bbox 1938 3493 1953 3509; x_wconf 89' lang='lat'><strong>.</strong></span> <span class='ocrx_word' id='word_1_309' title='bbox 2006 3493 2020 3509; x_wconf 86' lang='lat'><strong>.</strong></span> <span class='ocrx_word' id='word_1_310' title='bbox 2072 3494 2088 3509; x_wconf 89' lang='lat'>.</span> <span class='ocrx_word' id='word_1_311' title='bbox 2140 3448 2156 3507; x_wconf 72' lang='grc'>.’</span> <span class='ocrx_word' id='word_1_312' title='bbox 2208 3494 2222 3508; x_wconf 93' lang='grc'><strong>.</strong></span> <span class='ocrx_word' id='word_1_313' title='bbox 2273 3493 2288 3509; x_wconf 92' lang='grc'><strong>.</strong></span> <span class='ocrx_word' id='word_1_314' title='bbox 2340 3493 2356 3509; x_wconf 91' lang='grc'><strong>.</strong></span> <span class='ocrx_word' id='word_1_315' title='bbox 2387 3492 2401 3509; x_wconf 91' lang='grc'><strong>.</strong></span> 
     </span>
    </p>

    <p class='ocr_par' dir='ltr' id='par_1_15' title="bbox 397 3544 2407 3700">
     <span class='ocr_line' id='line_1_37' title="bbox 397 3544 2407 3614; baseline -0.005 -12"><span class='ocrx_word' id='word_1_316' title='bbox 397 3551 717 3614; x_wconf 71' lang='lat' dir='ltr'>Requisitum</span> <span class='ocrx_word' id='word_1_317' title='bbox 742 3550 806 3597; x_wconf 86' lang='lat'>11.</span> <span class='ocrx_word' id='word_1_318' title='bbox 837 3550 1037 3597; x_wconf 80' lang='lat' dir='ltr'>Necesse</span> <span class='ocrx_word' id='word_1_319' title='bbox 1064 3556 1137 3596; x_wconf 89' lang='lat' dir='ltr'>est</span> <span class='ocrx_word' id='word_1_320' title='bbox 1163 3554 1216 3595; x_wconf 90' lang='lat' dir='ltr'>ut</span> <span class='ocrx_word' id='word_1_321' title='bbox 1244 3546 1479 3595; x_wconf 81' lang='lat' dir='ltr'>sufficiens</span> <span class='ocrx_word' id='word_1_322' title='bbox 1507 3547 1572 3595; x_wconf 88' lang='lat' dir='ltr'>sit</span> <span class='ocrx_word' id='word_1_323' title='bbox 1595 3558 1826 3594; x_wconf 88' lang='lat' dir='ltr'>numerus</span> <span class='ocrx_word' id='word_1_324' title='bbox 1855 3544 2245 3607; x_wconf 87' lang='lat' dir='ltr'>parochianorum</span> <span class='ocrx_word' id='word_1_325' title='bbox 2276 3557 2407 3593; x_wconf 63' lang='lat' dir='ltr'>novat</span> 
     </span>
     <span class='ocr_line' id='line_1_38' title="bbox 464 3632 2404 3700; baseline -0.005 -13"><span class='ocrx_word' id='word_1_326' title='bbox 464 3635 696 3700; x_wconf 85' lang='lat' dir='ltr'>parochiae</span> <span class='ocrx_word' id='word_1_327' title='bbox 714 3632 1129 3682; x_wconf 87' lang='lat' dir='ltr'>adscribendorum</span> <span class='ocrx_word' id='word_1_328' title='bbox 1158 3663 2404 3683; x_wconf 89' lang='grc'><strong>....................</strong></span> 
     </span>
    </p>

    <p class='ocr_par' dir='ltr' id='par_1_16' title="bbox 403 3714 2407 3867">
     <span class='ocr_line' id='line_1_39' title="bbox 403 3714 2406 3787; baseline -0.005 -14"><span class='ocrx_word' id='word_1_329' title='bbox 403 3722 723 3786; x_wconf 76' lang='lat' dir='ltr'>chnisitum</span> <span class='ocrx_word' id='word_1_330' title='bbox 750 3720 838 3768; x_wconf 88' lang='lat'>111.</span> <span class='ocrx_word' id='word_1_331' title='bbox 866 3718 1092 3768; x_wconf 83' lang='lat' dir='ltr'>citandus</span> <span class='ocrx_word' id='word_1_332' title='bbox 1110 3726 1181 3767; x_wconf 90' lang='lat' dir='ltr'>est</span> <span class='ocrx_word' id='word_1_333' title='bbox 1208 3716 1601 3787; x_wconf 78' lang='lat' dir='ltr'>dismembrandae</span> <span class='ocrx_word' id='word_1_334' title='bbox 1627 3718 1864 3779; x_wconf 72' lang='lat' dir='ltr'>parochiae</span> <span class='ocrx_word' id='word_1_335' title='bbox 1889 3722 2066 3775; x_wconf 84' lang='lat' dir='ltr'>rector,</span> <span class='ocrx_word' id='word_1_336' title='bbox 2107 3723 2153 3763; x_wconf 87' lang='lat' dir='ltr'>et</span> <span class='ocrx_word' id='word_1_337' title='bbox 2179 3714 2258 3762; x_wconf 87' lang='lat' dir='ltr'>alii</span> <span class='ocrx_word' id='word_1_338' title='bbox 2287 3727 2406 3777; x_wconf 88' lang='lat' dir='ltr'>quo-</span> 
     </span>
     <span class='ocr_line' id='line_1_40' title="bbox 465 3802 2407 3867; baseline -0.003 -13"><span class='ocrx_word' id='word_1_339' title='bbox 465 3819 571 3854; x_wconf 90' lang='lat' dir='ltr'>rum</span> <span class='ocrx_word' id='word_1_340' title='bbox 594 3806 805 3864; x_wconf 89' lang='lat' dir='ltr'>interest,</span> <span class='ocrx_word' id='word_1_341' title='bbox 835 3811 887 3851; x_wconf 91' lang='lat' dir='ltr'>ut</span> <span class='ocrx_word' id='word_1_342' title='bbox 910 3802 1065 3851; x_wconf 87' lang='lat' dir='ltr'>dicant</span> <span class='ocrx_word' id='word_1_343' title='bbox 1084 3803 1125 3850; x_wconf 89' lang='lat' dir='ltr'>si</span> <span class='ocrx_word' id='word_1_344' title='bbox 1148 3803 1260 3866; x_wconf 88' lang='lat' dir='ltr'>quid</span> <span class='ocrx_word' id='word_1_345' title='bbox 1282 3802 1613 3867; x_wconf 86' lang='lat' dir='ltr'>opponendum</span> <span class='ocrx_word' id='word_1_346' title='bbox 1641 3803 1844 3851; x_wconf 83' lang='lat' dir='ltr'>habeant</span> <span class='ocrx_word' id='word_1_347' title='bbox 1876 3833 2407 3850; x_wconf 91' lang='grc'><strong>.........</strong></span> 
     </span>
    </p>

    <p class='ocr_par' dir='ltr' id='par_1_17' title="bbox 395 3884 2414 4556">
     <span class='ocr_line' id='line_1_41' title="bbox 398 3884 2408 3954; baseline -0.002 -17"><span class='ocrx_word' id='word_1_348' title='bbox 398 3890 717 3954; x_wconf 61' lang='lat' dir='ltr'>acquisitum</span> <span class='ocrx_word' id='word_1_349' title='bbox 739 3889 822 3936; x_wconf 79' lang='lat' dir='ltr'>lv.</span> <span class='ocrx_word' id='word_1_350' title='bbox 861 3891 981 3937; x_wconf 86' lang='lat' dir='ltr'>Dum</span> <span class='ocrx_word' id='word_1_351' title='bbox 1026 3887 1219 3949; x_wconf 84' lang='lat' dir='ltr'>erigitur</span> <span class='ocrx_word' id='word_1_352' title='bbox 1249 3902 1369 3937; x_wconf 82' lang='lat' dir='ltr'>nova</span> <span class='ocrx_word' id='word_1_353' title='bbox 1409 3887 1651 3950; x_wconf 88' lang='lat' dir='ltr'>parochia,</span> <span class='ocrx_word' id='word_1_354' title='bbox 1687 3885 1829 3936; x_wconf 84' lang='lat' dir='ltr'>dehet</span> <span class='ocrx_word' id='word_1_355' title='bbox 1867 3885 2168 3933; x_wconf 84' lang='lat' dir='ltr'>determinari</span> <span class='ocrx_word' id='word_1_356' title='bbox 2195 3884 2298 3945; x_wconf 84' lang='lat' dir='ltr'>ejus</span> <span class='ocrx_word' id='word_1_357' title='bbox 2324 3897 2408 3932; x_wconf 87' lang='lat' dir='ltr'>ex-</span> 
     </span>
     <span class='ocr_line' id='line_1_42' title="bbox 465 3968 2412 4037; baseline -0.004 -12"><span class='ocrx_word' id='word_1_358' title='bbox 465 3977 634 4037; x_wconf 88' lang='lat' dir='ltr'>tensio,</span> <span class='ocrx_word' id='word_1_359' title='bbox 656 3975 752 4023; x_wconf 80' lang='lat' dir='ltr'>sive</span> <span class='ocrx_word' id='word_1_360' title='bbox 770 3988 853 4037; x_wconf 89' lang='lat' dir='ltr'>per</span> <span class='ocrx_word' id='word_1_361' title='bbox 871 3974 984 4023; x_wconf 87' lang='lat' dir='ltr'>certi</span> <span class='ocrx_word' id='word_1_362' title='bbox 1012 3975 1210 4036; x_wconf 80' lang='lat' dir='ltr'>alicujus</span> <span class='ocrx_word' id='word_1_363' title='bbox 1234 3972 1484 4031; x_wconf 89' lang='lat' dir='ltr'>territorii,</span> <span class='ocrx_word' id='word_1_364' title='bbox 1515 3971 1614 4021; x_wconf 80' lang='lat' dir='ltr'>sive</span> <span class='ocrx_word' id='word_1_365' title='bbox 1641 3971 1806 4021; x_wconf 87' lang='lat' dir='ltr'>saltem</span> <span class='ocrx_word' id='word_1_366' title='bbox 1830 3982 1911 4033; x_wconf 86' lang='lat' dir='ltr'>per</span> <span class='ocrx_word' id='word_1_367' title='bbox 1948 3976 2180 4018; x_wconf 88' lang='lat' dir='ltr'>certarum</span> <span class='ocrx_word' id='word_1_368' title='bbox 2208 3968 2412 4017; x_wconf 76' lang='lat' dir='ltr'>familia-</span> 
     </span>
     <span class='ocr_line' id='line_1_43' title="bbox 463 4061 2409 4122; baseline -0.002 -12"><span class='ocrx_word' id='word_1_369' title='bbox 463 4076 567 4110; x_wconf 88' lang='lat' dir='ltr'>rum</span> <span class='ocrx_word' id='word_1_370' title='bbox 612 4061 970 4122; x_wconf 86' lang='lat' dir='ltr'>assignationem</span> <span class='ocrx_word' id='word_1_371' title='bbox 998 4087 2409 4111; x_wconf 79' lang='grc'><strong>......................</strong></span> 
     </span>
     <span class='ocr_line' id='line_1_44' title="bbox 395 4141 2410 4211; baseline -0.003 -14"><span class='ocrx_word' id='word_1_372' title='bbox 395 4146 718 4211; x_wconf 67' lang='lat' dir='ltr'>acquisitum</span> <span class='ocrx_word' id='word_1_373' title='bbox 736 4146 793 4193; x_wconf 85' lang='lat' dir='ltr'>V.</span> <span class='ocrx_word' id='word_1_374' title='bbox 822 4144 1094 4208; x_wconf 81' lang='lat' dir='ltr'>Requiritur</span> <span class='ocrx_word' id='word_1_375' title='bbox 1110 4145 1305 4208; x_wconf 78' lang='lat' dir='ltr'>capituli</span> <span class='ocrx_word' id='word_1_376' title='bbox 1333 4143 1621 4194; x_wconf 70' lang='lat' dir='ltr'>cathedralis</span> <span class='ocrx_word' id='word_1_377' title='bbox 1637 4155 1916 4203; x_wconf 84' lang='lat' dir='ltr'>cousensus,</span> <span class='ocrx_word' id='word_1_378' title='bbox 1946 4147 2045 4190; x_wconf 87' lang='lat' dir='ltr'>tum</span> <span class='ocrx_word' id='word_1_379' title='bbox 2080 4141 2267 4203; x_wconf 83' lang='lat' dir='ltr'>quando</span> <span class='ocrx_word' id='word_1_380' title='bbox 2295 4142 2410 4204; x_wconf 82' lang='lat' dir='ltr'>Epi-</span> 
     </span>
     <span class='ocr_line' id='line_1_45' title="bbox 463 4227 2408 4299; baseline -0.005 -13"><span class='ocrx_word' id='word_1_381' title='bbox 463 4249 634 4299; x_wconf 89' lang='lat' dir='ltr'>scopus</span> <span class='ocrx_word' id='word_1_382' title='bbox 660 4231 1212 4294; x_wconf 84' lang='lat' dir='ltr'>proceditjurisdictione</span> <span class='ocrx_word' id='word_1_383' title='bbox 1242 4232 1506 4291; x_wconf 83' lang='lat' dir='ltr'>ordinaria,</span> <span class='ocrx_word' id='word_1_384' title='bbox 1538 4237 1637 4279; x_wconf 86' lang='lat' dir='ltr'>tum</span> <span class='ocrx_word' id='word_1_385' title='bbox 1665 4231 1809 4280; x_wconf 81' lang='lat' dir='ltr'>etiam</span> <span class='ocrx_word' id='word_1_386' title='bbox 1839 4227 2027 4294; x_wconf 84' lang='lat' dir='ltr'>quando</span> <span class='ocrx_word' id='word_1_387' title='bbox 2055 4228 2271 4292; x_wconf 88' lang='lat' dir='ltr'>procedit</span> <span class='ocrx_word' id='word_1_388' title='bbox 2303 4236 2408 4277; x_wconf 85' lang='lat' dir='ltr'>tau·-</span> 
     </span>
     <span class='ocr_line' id='line_1_46' title="bbox 462 4314 2414 4385; baseline -0.005 -15"><span class='ocrx_word' id='word_1_389' title='bbox 462 4335 600 4385; x_wconf 85' lang='lat' dir='ltr'>quam</span> <span class='ocrx_word' id='word_1_390' title='bbox 624 4318 758 4370; x_wconf 88' lang='lat' dir='ltr'>Sedis</span> <span class='ocrx_word' id='word_1_391' title='bbox 782 4318 1060 4379; x_wconf 76' lang='lat' dir='ltr'>Apostolicm</span> <span class='ocrx_word' id='word_1_392' title='bbox 1078 4317 1344 4381; x_wconf 73' lang='lat' dir='ltr'>detegatus,</span> <span class='ocrx_word' id='word_1_393' title='bbox 1368 4317 1508 4365; x_wconf 88' lang='lat' dir='ltr'>modo</span> <span class='ocrx_word' id='word_1_394' title='bbox 1535 4315 1891 4367; x_wconf 88' lang='lat' dir='ltr'>dismembratio</span> <span class='ocrx_word' id='word_1_395' title='bbox 1917 4318 1980 4365; x_wconf 86' lang='lat' dir='ltr'>sit</span> <span class='ocrx_word' id='word_1_396' title='bbox 2008 4316 2068 4365; x_wconf 87' lang='lat' dir='ltr'>de</span> <span class='ocrx_word' id='word_1_397' title='bbox 2087 4314 2146 4363; x_wconf 89' lang='lat' dir='ltr'>iis</span> <span class='ocrx_word' id='word_1_398' title='bbox 2165 4325 2282 4376; x_wconf 83' lang='lat' dir='ltr'>quas</span> <span class='ocrx_word' id='word_1_399' title='bbox 2306 4327 2414 4374; x_wconf 85' lang='lat' dir='ltr'>pos-</span> 
     </span>
     <span class='ocr_line' id='line_1_47' title="bbox 464 4401 2409 4466; baseline -0.004 -11"><span class='ocrx_word' id='word_1_400' title='bbox 464 4415 536 4457; x_wconf 88' lang='lat' dir='ltr'>set</span> <span class='ocrx_word' id='word_1_401' title='bbox 575 4421 629 4455; x_wconf 85' lang='lat' dir='ltr'>cx</span> <span class='ocrx_word' id='word_1_402' title='bbox 656 4403 981 4466; x_wconf 72' lang='lat' dir='ltr'>iurisdictione</span> <span class='ocrx_word' id='word_1_403' title='bbox 1017 4401 1260 4453; x_wconf 86' lang='lat' dir='ltr'>ordinaria</span> <span class='ocrx_word' id='word_1_404' title='bbox 1291 4404 1448 4453; x_wconf 79' lang='lat' dir='ltr'>facere</span> <span class='ocrx_word' id='word_1_405' title='bbox 1476 4433 2409 4453; x_wconf 89' lang='grc'><strong>...............</strong></span> 
     </span>
     <span class='ocr_line' id='line_1_48' title="bbox 396 4486 2404 4556; baseline -0.002 -17"><span class='ocrx_word' id='word_1_406' title='bbox 396 4493 711 4556; x_wconf 74' lang='lat' dir='ltr'>Requisitum</span> <span class='ocrx_word' id='word_1_407' title='bbox 736 4489 817 4537; x_wconf 82' lang='lat' dir='ltr'>vl.</span> <span class='ocrx_word' id='word_1_408' title='bbox 841 4489 976 4536; x_wconf 77' lang='lat' dir='ltr'>Novae</span> <span class='ocrx_word' id='word_1_409' title='bbox 1000 4490 1232 4548; x_wconf 65' lang='lat' dir='ltr'>parochias</span> <span class='ocrx_word' id='word_1_410' title='bbox 1258 4488 1544 4550; x_wconf 81' lang='lat' dir='ltr'>assignanda</span> <span class='ocrx_word' id='word_1_411' title='bbox 1564 4498 1635 4538; x_wconf 82' lang='lat' dir='ltr'>est</span> <span class='ocrx_word' id='word_1_412' title='bbox 1655 4489 1741 4537; x_wconf 87' lang='lat' dir='ltr'>dos</span> <span class='ocrx_word' id='word_1_413' title='bbox 1769 4495 2069 4551; x_wconf 84' lang='lat' dir='ltr'>competens,</span> <span class='ocrx_word' id='word_1_414' title='bbox 2104 4500 2159 4534; x_wconf 78' lang='lat' dir='ltr'>ex</span> <span class='ocrx_word' id='word_1_415' title='bbox 2189 4498 2281 4547; x_wconf 89' lang='lat' dir='ltr'>qua</span> <span class='ocrx_word' id='word_1_416' title='bbox 2302 4486 2404 4544; x_wconf 65' lang='lat' dir='ltr'>eius</span> 
     </span>
    </p>
   </div>
   <div class='ocr_carea' id='block_1_3' title="bbox 2444 397 2578 463">
    <p class='ocr_par' dir='ltr' id='par_1_18' title="bbox 2444 397 2578 463">
     <span class='ocr_line' id='line_1_49' title="bbox 2444 397 2578 463; baseline -0.022 0"><span class='ocrx_word' id='word_1_417' title='bbox 2444 397 2578 463; x_wconf 85' lang='lat'>695</span> 
     </span>
    </p>
   </div>
   <div class='ocr_carea' id='block_1_4' title="bbox 2474 755 2575 802">
    <p class='ocr_par' dir='ltr' id='par_1_19' title="bbox 2474 755 2575 802">
     <span class='ocr_line' id='line_1_50' title="bbox 2474 755 2575 802; baseline 0 0"><span class='ocrx_word' id='word_1_418' title='bbox 2474 755 2575 802; x_wconf 67' lang='lat'>2⁴8</span> 
     </span>
    </p>
   </div>
   <div class='ocr_carea' id='block_1_5' title="bbox 2477 922 2579 972">
    <p class='ocr_par' dir='ltr' id='par_1_20' title="bbox 2477 922 2579 972">
     <span class='ocr_line' id='line_1_51' title="bbox 2477 922 2579 972; baseline -0.02 0"><span class='ocrx_word' id='word_1_419' title='bbox 2477 922 2579 972; x_wconf 79' lang='grc'>252</span> 
     </span>
    </p>
   </div>
   <div class='ocr_carea' id='block_1_6' title="bbox 2477 1177 2578 1225">
    <p class='ocr_par' dir='ltr' id='par_1_21' title="bbox 2477 1177 2578 1225">
     <span class='ocr_line' id='line_1_52' title="bbox 2477 1177 2578 1225; baseline 0 0"><span class='ocrx_word' id='word_1_420' title='bbox 2477 1177 2578 1225; x_wconf 79' lang='grc'>252</span> 
     </span>
    </p>
   </div>
   <div class='ocr_carea' id='block_1_7' title="bbox 2478 1348 2579 1480">
    <p class='ocr_par' dir='ltr' id='par_1_22' title="bbox 2478 1348 2579 1480">
     <span class='ocr_line' id='line_1_53' title="bbox 2478 1348 2579 1395; baseline 0.01 -1"><span class='ocrx_word' id='word_1_421' title='bbox 2478 1348 2579 1395; x_wconf 75' lang='grc'>253</span> 
     </span>
     <span class='ocr_line' id='line_1_54' title="bbox 2478 1432 2579 1480; baseline 0.01 -1"><span class='ocrx_word' id='word_1_422' title='bbox 2478 1432 2579 1480; x_wconf 78' lang='grc'>255</span> 
     </span>
    </p>
   </div>
   <div class='ocr_carea' id='block_1_8' title="bbox 2477 1601 2576 1649">
    <p class='ocr_par' dir='ltr' id='par_1_23' title="bbox 2477 1601 2576 1649">
     <span class='ocr_line' id='line_1_55' title="bbox 2477 1601 2576 1649; baseline 0 -1"><span class='ocrx_word' id='word_1_423' title='bbox 2477 1601 2576 1649; x_wconf 79' lang='grc'>257</span> 
     </span>
    </p>
   </div>
   <div class='ocr_carea' id='block_1_9' title="bbox 2478 2106 2578 2154">
    <p class='ocr_par' dir='ltr' id='par_1_24' title="bbox 2478 2106 2578 2154">
     <span class='ocr_line' id='line_1_56' title="bbox 2478 2106 2578 2154; baseline 0.01 -1"><span class='ocrx_word' id='word_1_424' title='bbox 2478 2106 2578 2154; x_wconf 77' lang='grc'>258</span> 
     </span>
    </p>
   </div>
   <div class='ocr_carea' id='block_1_10' title="bbox 2475 2445 2575 2494">
    <p class='ocr_par' dir='ltr' id='par_1_25' title="bbox 2475 2445 2575 2494">
     <span class='ocr_line' id='line_1_57' title="bbox 2475 2445 2575 2494; baseline -0.02 0"><span class='ocrx_word' id='word_1_425' title='bbox 2475 2445 2575 2494; x_wconf 77' lang='lat'>259</span> 
     </span>
    </p>
   </div>
   <div class='ocr_carea' id='block_1_11' title="bbox 2474 2697 2573 2744">
    <p class='ocr_par' dir='ltr' id='par_1_26' title="bbox 2474 2697 2573 2744">
     <span class='ocr_line' id='line_1_58' title="bbox 2474 2697 2573 2744; baseline 0 0"><span class='ocrx_word' id='word_1_426' title='bbox 2474 2697 2573 2744; x_wconf 91' lang='grc'><strong>262</strong></span> 
     </span>
    </p>
   </div>
   <div class='ocr_carea' id='block_1_12' title="bbox 2471 2867 2571 2915">
    <p class='ocr_par' dir='ltr' id='par_1_27' title="bbox 2471 2867 2571 2915">
     <span class='ocr_line' id='line_1_59' title="bbox 2471 2867 2571 2915; baseline 0.02 -2"><span class='ocrx_word' id='word_1_427' title='bbox 2471 2867 2571 2915; x_wconf 76' lang='grc'><strong>263</strong></span> 
     </span>
    </p>
   </div>
   <div class='ocr_carea' id='block_1_13' title="bbox 2466 3121 2575 3678">
    <p class='ocr_par' dir='ltr' id='par_1_28' title="bbox 2466 3121 2575 3678">
     <span class='ocr_line' id='line_1_60' title="bbox 2466 3121 2568 3168; baseline 0.01 -1"><span class='ocrx_word' id='word_1_428' title='bbox 2466 3121 2568 3168; x_wconf 69' lang='grc'><strong>264</strong></span> 
     </span>
     <span class='ocr_line' id='line_1_61' title="bbox 2474 3291 2574 3338; baseline 0 0"><span class='ocrx_word' id='word_1_429' title='bbox 2474 3291 2574 3338; x_wconf 77' lang='grc'><strong>265</strong></span> 
     </span>
     <span class='ocr_line' id='line_1_62' title="bbox 2473 3462 2572 3508; baseline 0 0"><span class='ocrx_word' id='word_1_430' title='bbox 2473 3462 2572 3508; x_wconf 74' lang='grc'><strong>265</strong></span> 
     </span>
     <span class='ocr_line' id='line_1_63' title="bbox 2475 3631 2575 3678; baseline 0.01 -1"><span class='ocrx_word' id='word_1_431' title='bbox 2475 3631 2575 3678; x_wconf 83' lang='grc'>266</span> 
     </span>
    </p>
   </div>
   <div class='ocr_carea' id='block_1_14' title="bbox 2475 3800 2572 3849">
    <p class='ocr_par' dir='ltr' id='par_1_29' title="bbox 2475 3800 2572 3849">
     <span class='ocr_line' id='line_1_64' title="bbox 2475 3800 2572 3849; baseline 0.021 -2"><span class='ocrx_word' id='word_1_432' title='bbox 2475 3800 2572 3849; x_wconf 83' lang='grc'><strong>267</strong></span> 
     </span>
    </p>
   </div>
   <div class='ocr_carea' id='block_1_15' title="bbox 2476 4055 2577 4106">
    <p class='ocr_par' dir='ltr' id='par_1_30' title="bbox 2476 4055 2577 4106">
     <span class='ocr_line' id='line_1_65' title="bbox 2476 4055 2577 4106; baseline 0 0"><span class='ocrx_word' id='word_1_433' title='bbox 2476 4055 2577 4106; x_wconf 85' lang='grc'><strong>269</strong></span> 
     </span>
    </p>
   </div>
   <div class='ocr_carea' id='block_1_16' title="bbox 2482 4398 2579 4457">
    <p class='ocr_par' dir='ltr' id='par_1_31' title="bbox 2482 4398 2579 4457">
     <span class='ocr_line' id='line_1_66' title="bbox 2482 4398 2579 4457; baseline 0 -12"><span class='ocrx_word' id='word_1_434' title='bbox 2482 4398 2579 4457; x_wconf 69' lang='lat'>265</span> 
     </span>
    </p>
   </div>
  </div>
 </body>
</html>
