3146 4973
592 360 715 423 196
1253 368 1630 419 TRACTATUS
1685 370 1774 419 m:
1819 368 2143 419 ranocno.

593 520 624 555 «
664 493 825 571 dim,
883 498 1110 567 mater,
1160 494 1527 556 convocatis
1571 492 1886 557 matronis
1926 492 2012 558 ad
2054 493 2293 557 ostium
2324 490 2640 576 Capitolii,
2677 490 2805 555 cla·

590 634 621 669 «
660 609 906 675 mavit:
948 608 1088 672 Non
1136 605 1281 671 duae
1325 607 1457 683 uni,
1504 605 1621 672 sed
1658 626 1788 671 una
1829 606 2106 673 duobus,
2149 604 2278 670 Sed
2319 623 2448 670 non
2493 603 2639 669 duae
2669 606 2803 682 uni,

588 748 620 786 α
654 723 773 791 sed
803 722 934 788 duo
963 723 1096 786 uni.
1131 722 1270 786 Imo
1300 719 1492 787 hodie
1525 722 1749 804 plures
1770 740 1964 805 quam
1995 720 2148 799 duo,
2177 728 2254 786 ut
2277 720 2343 785 in
2375 719 2645 786 ecclesia
2667 737 2810 784 san-

584 865 616 901 «
653 840 741 905 cti
768 837 1096 916 mederici,
1126 845 1197 903 et
1225 837 1446 902 multis
1482 837 1702 901 aliis.»
1740 838 1816 902 In
1854 844 1994 902 toto
2026 844 2248 903 autem
2277 836 2506 920 capitis
2530 833 2810 900 decursu

579 959 791 1041 pergit
827 955 1135 1022 invehere
1175 962 1398 1021 contra
1437 955 1713 1021 clericos
1739 955 1929 1039 plura
1951 953 2264 1022 beneficia
2296 953 2687 1020 obtinentes.

1597 1244 1626 1313 ,ξ
1658 1239 1773 1301 ΠῙ.

577 1467 672 1513 Etsi
703 1465 887 1512 unicum
916 1464 962 1511 in
992 1464 1191 1525 singulis
1226 1465 1462 1524 parochiis
1497 1466 1717 1513 constitui
1754 1467 2007 1526 parochum
2045 1466 2324 1527 regulariter
2375 1466 2525 1525 magis
2572 1462 2804 1524 expediat,

644 1560 725 1607 illa
744 1565 894 1605 tamen
922 1556 1121 1604 unicitas
1150 1570 1243 1604 non
1266 1555 1449 1605 videtur
1467 1557 1778 1605 essentialiter
1815 1559 2010 1619 requiri,
2041 1559 2134 1606 imo
2155 1572 2240 1607 nec
2270 1572 2298 1606 a
2326 1562 2430 1619 jure
2460 1557 2658 1620 positivo
2687 1557 2806 1618 exigi

639 1661 856 1713 tanquam
885 1664 939 1697 ex
969 1650 1148 1711 regula,
1175 1662 1277 1712 qum
1306 1649 1422 1698 nulli
1452 1650 1713 1711 exceptioni
1733 1652 1934 1699 obnoxia
1954 1664 2058 1700 esse
2077 1651 2265 1701 debeat.

657 1880 1083 1943 Praenotanda.
1126 1913 1215 1925 —-
1266 1880 1325 1940 1⁰
1360 1878 1554 1943 Posse
1596 1897 1817 1944 curam
1859 1880 2234 1942 habitualem
2285 1876 2577 1943 residere
2607 1896 2810 1960 penes

570 1993 909 2076 collegium
946 1992 1231 2078 aliquod,
1285 1992 1471 2058 verbi
1509 1995 1736 2076 gratia,
1777 2013 1976 2078 penes
2009 1992 2385 2058 cathedrale
2421 1992 2798 2077 capitulum,

568 2111 633 2171 in
659 2108 951 2173 confesso
980 2112 1080 2172 est
1116 2107 1294 2191 apud
1327 2126 1550 2173 omnes
1592 2131 1605 2172 :
1650 2115 1718 2173 et
1747 2107 1833 2173 de
1869 2108 2042 2174 facto
2083 2107 2278 2174 hodie
2318 2107 2808 2193 quamplurimis

570 2224 869 2307 capitulis
899 2224 1259 2288 animarum
1286 2243 1443 2289 cura
1471 2226 1807 2308 reperitur
1834 2225 2127 2308 adnexa3
2166 2242 2356 2309 quam
2387 2233 2630 2302 tamen,
2657 2242 2807 2288 cum

570 2360 651 2402 ex
703 2337 1079 2403 Tridentino
1132 2336 1403 2405 decreto
1451 2357 1568 2421 per
1607 2341 1918 2405 vicarium
1976 2339 2258 2426 aliquem
2311 2346 2687 2417 exerceant,
2740 2340 2806 2401 in

566 2455 775 2516 habitu
803 2449 1143 2517 dumtaxat
1171 2453 1458 2519 retinere
1498 2451 1829 2519 dicuntur.
1879 2457 1946 2519 2⁰
1984 2454 2321 2520 Actualem
2355 2454 2551 2520 etiam
2583 2470 2805 2518 curam

572 2586 758 2651 posse
810 2565 893 2631 ad
945 2566 1226 2651 aliquod⁴
1259 2568 1608 2650 collegium
1662 2571 1997 2651 pertinere
2053 2570 2310 2636 omnino
2357 2576 2611 2634 certum
2661 2574 2800 2650 est;

572 2679 891 2764 siquidem
947 2687 1096 2745 ante
1164 2680 1608 2746 'tridentinam
1670 2684 1993 2767 synodum
2045 2684 2321 2767 plurima
2381 2683 2664 2767 capitula
2718 2680 2803 2747 de

573 2795 747 2860 facto
793 2813 1015 2859 curam
1049 2794 1226 2858 illam
1261 2795 1684 2874 exercebant,
1735 2797 2035 2862 omnibus
2066 2797 2152 2863 ad
2187 2796 2257 2862 id
2275 2815 2544 2881 operam
2572 2815 2806 2860 navan-

572 2911 749 2976 tibus
792 2911 1131 2989 canonici5‚
1176 2919 1359 2975 certo
1404 2911 1693 2994 quodam
1735 2913 1962 2978 ordine
2006 2914 2092 2979 ab
2133 2915 2288 2997 ipsis
2337 2911 2807 2997 capitularibus

576 3027 1140 3111 praescripto.1mo
1165 3025 1321 3091 licet
1351 3026 1724 3094 decreverit
1751 3028 2125 3094 Tridentina
2150 3028 2441 3114 synodus
2466 3027 2553 3093 ad
2579 3046 2803 3093 curam

576 3142 896 3206 actualem
930 3160 1070 3205 esse
1107 3143 1418 3206 vicarium
1453 3143 1732 3227 aliquem
1770 3143 2245 3227 deputandum,
2301 3142 2371 3208 id
2414 3150 2633 3208 tamen
2674 3161 2804 3206 non

579 3260 663 3322 ita
694 3260 979 3340 rigorose
1018 3255 1148 3322 fuit
1182 3257 1514 3342 Episcopis
1550 3258 1938 3344 injunctum,
1981 3267 2057 3325 ut
2092 3278 2294 3343 penes
2331 3260 2503 3342 ipsos
2531 3259 2806 3324 facultas

577 3394 707 3440 non
744 3372 1124 3437 remanserit
1154 3371 1236 3436 ab
1271 3393 1347 3437 ea
1379 3372 1523 3456 lege
1554 3374 1933 3451 recedendi,
1982 3372 2188 3438 sicubi
2232 3373 2405 3439 forte
2444 3392 2584 3439 rem
2615 3374 2806 3438 aliter

576 3489 872 3571 componi
891 3487 1149 3571 majoris
1175 3489 1472 3553 utilitatis
1488 3490 1655 3554 ratio
1679 3488 2010 3572 suaderet3
2043 3495 2240 3572 prout
2266 3507 2347 3553 ex
2366 3490 2505 3571 ipso
2533 3486 2804 3552 Triden-

579 3606 713 3668 tino
743 3608 934 3666 textu
957 3610 1163 3684 patet.
1198 3603 1278 3668 Et
1306 3602 1387 3667 de
1419 3603 1594 3668 facto
1619 3601 1767 3686 post
1791 3610 2214 3668 memoratam
2238 3602 2563 3687 synodum
2585 3600 2810 3666 multis

479 3698 483 3702 ’
575 3720 641 3781 ἰιι
686 3717 845 3782 locis
886 3726 1323 3799 perrexerunt
1377 3719 1660 3801 capitula
1713 3738 1935 3784 curam
1984 3719 2340 3784 animarum
2393 3737 2515 3800 per
2558 3736 2629 3782 se
2671 3717 2807 3799 ipsa

578 3852 907 3899 exercere.
955 3833 1180 3917 Neque
1226 3833 1346 3898 hoc
1389 3840 1629 3916 negant
1674 3836 1784 3919 qui
1825 3835 2203 3900 unicitatem
2251 3834 2514 3916 parochi
2549 3833 2807 3900 omnino

576 3950 1005 4014 necessariam
1029 3949 1383 4031 sustinent;
1412 3948 1531 4013 sed
1555 3947 1871 4014 adnotant
1897 3949 2219 4014 verificari
2247 3949 2410 4015 hanc
2432 3950 2806 4014 unicitatem

576 4066 640 4127 in
671 4063 944 4146 collegio
975 4081 1196 4127 curam
1231 4071 1586 4129 exercente
1611 4084 1625 4146 ;
1654 4083 1805 4128 cum
1834 4072 1995 4129 tunc
2020 4063 2311 4130 resideat
2344 4083 2521 4141 cura,
2549 4083 2678 4129 non
2703 4081 2809 4146 pe·

574 4198 692 4243 nes
741 4178 1024 4261 singulos
1063 4180 1426 4258 canonicoS‚
1461 4178 1582 4245 sed
1610 4177 1947 4244 dumtaxat
1984 4199 2191 4263 penes
2233 4188 2443 4245 totum
2485 4178 2806 4245 indivisim

572 4291 938 4374 collegium,
977 4312 1059 4356 ex
1105 4311 1232 4377 quo
1264 4294 1453 4357 unica
1483 4311 1759 4377 persona
1793 4293 2055 4360 moralis
2093 4294 2491 4360 efformatur.
2530 4296 2600 4358 3⁰
2637 4293 2804 4357 Item

571 4409 875 4475 constitui
913 4410 1192 4492 possein
1233 4427 1362 4474 una
1388 4409 1694 4492 parochia
1714 4413 1926 4492 plures
1956 4411 2232 4475 vicarios
2271 4417 2550 4490 curatos,
2592 4427 2806 4475 rema-
