3146 4973
551 399 622 461 14
1215 409 1594 461 Thamnus
1638 413 1726 461 nn
1771 410 2099 460 ranocno.

542 537 606 597 in
632 537 919 599 tractatu
944 535 1017 597 cle
1059 533 1370 613 Capitulis
1406 540 1736 598 ostensum
1789 552 1826 597 a
1850 532 2037 598 nobis
2069 529 2221 616 fuit)
2264 530 2497 617 aliquis
2525 531 2778 596 canoni·

541 657 679 725 cuS,
719 655 796 712 ut
832 644 1028 712 modo
1064 645 1239 731 apud
1275 646 1466 727 hanc,
1508 644 1705 713 modo
1736 644 1913 731 apud
1933 641 2106 713 inam
2135 639 2395 730 plebem
2431 646 2607 712 vices
2633 657 2781 729 sup-

542 761 753 844 pleret
775 762 1094 845 Episcopi,
1136 770 1279 827 tum
1309 763 1375 826 in
1412 761 1780 846 spargendo
1818 761 2026 827 divini
2078 761 2266 828 verbi
2315 762 2584 838 semine,
2633 768 2775 826 tum

444 887 463 906 ·
541 879 605 940 in
650 874 1087 943 ministrandis
1150 879 1350 943 sacris
1389 877 1751 962 mysteriis3
1815 885 2014 962 atque
2063 871 2384 962 ejusmodi
2436 873 2778 961 deputatio

541 991 815 1075 intelligi
846 993 1048 1075 possit
1078 997 1386 1077 tanquam
1421 1010 1603 1057 mere
1649 993 2046 1071 transitoria,
2080 1013 2205 1058 nec
2248 1010 2513 1059 necesse
2540 992 2781 1056 inferat

540 1104 818 1172 officium
850 1105 1114 1191 aliquod
1139 1104 1272 1190 jam
1296 1114 1455 1172 tunc
1477 1105 1627 1190 iure
1659 1115 2006 1191 receptum
2025 1115 2095 1173 et
2115 1109 2468 1185 firmatum,
2491 1106 2561 1172 vi
2591 1107 2779 1192 cujus

542 1239 765 1286 curum
798 1219 1235 1287 exercendam
1261 1220 1603 1306 habuerit3
1651 1239 1780 1288 non
1825 1221 2027 1306 magis
2077 1221 2397 1307 ejusmodi
2426 1220 2781 1306 presbyter

540 1335 859 1419 parochus
909 1335 1108 1402 fuisse
1158 1334 1527 1402 censendus
1583 1337 1732 1415 erit,
1773 1347 1968 1421 quam
2015 1336 2335 1421 parochus
2388 1336 2582 1403 hodie
2625 1351 2778 1402 cen-

540 1460 723 1518 setur
745 1452 1181 1518 missionarius
1210 1453 1441 1537 aliquis
1488 1450 1571 1517 ab
1622 1454 1941 1536 Episcopo
1973 1450 2058 1519 ad
2093 1451 2374 1537 aliquam
2407 1451 2775 1538 parochiam

540 1569 791 1646 missus,
834 1573 911 1632 ut
957 1567 1048 1633 ibi
1100 1564 1697 1652 quadragesimales
1745 1568 2090 1633 conciones
2116 1568 2374 1644 habeat,
2433 1571 2501 1634 ct
2545 1566 2780 1634 fideles

511 1681 623 1756 ,ad
656 1685 864 1767 ipsum
893 1691 1313 1749 recurrentes
1348 1701 1529 1749 sacra
1556 1682 2042 1767 exhomologesi
2081 1685 2327 1768 expiet.

626 1800 699 1864 4⁰
726 1800 1025 1883 Insuper,
1060 1801 1228 1865 sicut
1262 1797 1456 1867 hodie
1484 1799 1917 1883 parochorum
1955 1799 2180 1864 vicarii
2213 1800 2427 1866 omnia
2456 1796 2602 1864 fere
2635 1815 2768 1862 mu·

539 1916 645 1979 nia
675 1911 759 1981 ad
793 1932 1018 1980 curam
1036 1915 1393 1981 animarum
1420 1915 1816 2000 pertinentia
1839 1923 2177 1993 exercent,
2199 1924 2270 1982 et
2285 1923 2505 1981 tamen
2532 1933 2776 1999 nequa-

539 2048 730 2114 quam
764 2014 1028 2114 parochi
1065 2036 1236 2108 sunt,
1272 2031 1362 2096 ita
1392 2030 1505 2116 qui
1537 2031 1785 2114 legitur
1816 2030 2171 2115 antiquitus
2208 2027 2528 2114 ejusmodi
2556 2030 2769 2095 munia

538 2145 772 2212 obiisse
801 2142 1124 2230 parochus
1155 2144 1480 2213 dicendus
1526 2165 1657 2212 non
1705 2146 1855 2222 erit,
1910 2145 2032 2211 nisi
2087 2153 2343 2212 constet
2383 2144 2771 2229 deputatum

538 2278 689 2327 eum
719 2261 917 2328 fuisse
948 2261 1032 2328 ad
1055 2264 1491 2345 principaliter
1521 2260 1962 2326 exercendam
2004 2259 2127 2326 sub
2153 2260 2471 2343 Episcopo
2516 2278 2765 2336 curam,

538 2391 670 2441 non
696 2384 913 2443 autem
942 2374 1284 2442 dumtaxat
1313 2373 1396 2440 ad
1418 2373 1863 2440 auxiliandum
1889 2374 2099 2454 alteri,
2119 2376 2227 2441 cui
2251 2394 2410 2442 cura
2438 2376 2773 2442 commissa

538 2493 647 2559 sit.

630 2615 699 2674 5⁰
730 2611 824 2675 Ex
853 2629 933 2676 eo
958 2626 1118 2675 vero
1151 2606 1329 2694 quod
1361 2608 1514 2675 olim
1544 2626 1684 2674 mos
1713 2627 1843 2673 non
1888 2607 2094 2673 fuerit
2139 2601 2566 2693 presbyteros
2602 2606 2772 2674 ordi·

534 2740 690 2789 nare
725 2724 845 2788 nisi
885 2722 970 2789 ad
1017 2731 1273 2788 certum
1325 2721 1588 2788 titulum
1641 2728 1709 2786 et
1765 2729 2024 2788 certum
2077 2720 2377 2801 officium,
2428 2740 2769 2807 perperam

536 2837 1041 2905 concluderetur
1069 2838 1421 2921 parochum
1469 2837 1670 2902 fuisse
1715 2856 1867 2902 eum
1911 2838 2023 2922 qui
2057 2837 2306 2922 legitur
2343 2833 2555 2923 aliqua
2595 2852 2765 2903 curoe

535 2955 753 3020 munia
779 2952 1034 3021 obiisse.
1070 2953 1230 3019 Nam
1253 2952 1629 3037 presbyteri
1657 2949 2086 3030 cathedraleS,
2132 2971 2250 3019 seu
2293 2954 2605 3031 canonici,
2643 2952 2766 3019 etsi

535 3057 619 3124 ad
652 3060 918 3127 titulum
948 3058 1343 3125 cathedralis
1389 3060 1680 3124 ecclesiae
1716 3057 2020 3139 ordinati,
2061 3062 2377 3144 Episcopo
2407 3061 2474 3124 in
2504 3062 2765 3126 civitate

534 3183 603 3241 et
630 3194 748 3258 per
773 3183 977 3241 totam
1019 3174 1350 3241 dioecesim
1382 3175 1861 3242 auxiliabantur
1906 3176 1971 3239 in
2011 3173 2381 3241 exercenda
2410 3177 2765 3240 animarum

534 3302 726 3373 cura3
776 3309 899 3356 nec
935 3297 1154 3355 tamen
1199 3290 1320 3373 ipsi
1369 3288 1635 3372 parochi
1686 3296 1892 3367 erant,
1942 3307 2092 3355 cum
2145 3290 2483 3355 commissa
2532 3289 2766 3373 cuique

533 3405 817 3488 ipsorum
848 3422 971 3489 per
992 3403 1261 3472 modum
1286 3405 1533 3470 stabilis
1552 3402 1741 3471 officii
1761 3422 1892 3468 non
1920 3403 2097 3470 foret
2124 3406 2188 3469 in
2217 3412 2465 3470 certam
2490 3406 2766 3489 aliquam

532 3519 795 3602 plebem
837 3534 1016 3586 cura.
1074 3521 1155 3586 Et
1196 3520 1444 3603 pariter
1486 3518 1774 3585 ordinati
1810 3517 1897 3584 ad
1935 3518 2367 3586 custodienda
2403 3528 2764 3605 martyrum

532 3637 836 3715 oratoria,
890 3637 960 3700 in
987 3634 1361 3702 civitatibus
1410 3641 1656 3711 erecta,
1712 3653 1827 3700 seu
1867 3634 2176 3700 ecclesias
2211 3653 2248 3701 a
2278 3616 2638 3701 cathedrali
2668 3630 2767 3699 di·

531 3750 819 3828 stinctaS,
851 3757 1047 3835 atque
1091 3749 1176 3816 ad
1222 3748 1593 3815 fundendas
1634 3747 1793 3814 inibi
1833 3766 2094 3832 preces,
2132 3756 2492 3833 potuerunt
2536 3749 2766 3814 identi-

529 3864 681 3931 dem
706 3866 790 3931 ab
820 3866 1139 3950 Episcopo
1169 3866 1238 3929 in
1275 3865 1585 3930 auxilium
1628 3864 1967 3948 pastoralis
1998 3882 2171 3931 curae
2197 3864 2393 3932 modo
2415 3864 2543 3929 huc
2566 3863 2764 3930 modo

531 3981 683 4047 illuc
734 3981 1065 4048 advocari.
1099 3978 1291 4046 Unde
1335 3999 1568 4046 revera
1607 4000 1688 4046 ex
1737 4001 1818 4047 eo
1853 3981 1991 4048 solo
2021 3980 2199 4066 quod
2239 3982 2387 4066 quis
2438 3981 2767 4046 referatur

530 4097 742 4181 aliqua
768 4110 940 4162 curae
972 4098 1186 4162 munia
1226 4097 1584 4182 antiquitus
1614 4097 2003 4175 exercuisse,
2033 4096 2261 4163 inferri
2303 4098 2531 4182 nequit
2576 4114 2765 4180 paro-

528 4211 665 4277 chis
692 4226 844 4278 eum
880 4224 1021 4278 esse
1061 4210 1647 4278 adnumerandum.

617 4329 689 4392 6⁰
714 4327 922 4412 Atque
946 4326 1252 4412 hincjam
1274 4329 1431 4394 satis
1455 4329 1796 4414 introspici
1818 4335 2056 4413 potest,
2087 4346 2281 4414 quam
2309 4342 2583 4397 arenoso
2614 4330 2762 4396 fun-

530 4438 837 4508 damento
859 4445 1103 4509 nitatur
1129 4444 1295 4507 infra
1318 4442 1804 4526 explodendum
1823 4450 2109 4529 systema
2133 4445 2726 4528 parochialistarum
2740 4494 2755 4521 ‚
