3146 4973
1280 344 1436 392 raas
1483 347 1766 406 Quanu.
2497 333 2623 398 ⁴85

484 468 881 534 Puerosrrto
932 467 1040 532 11·.
1080 503 1170 515 —-
1205 471 1277 532 Si
1324 476 1459 549 quis
1513 470 1725 533 habeat
1771 477 2068 554 majorum
2128 491 2370 535 suorum
2425 476 2628 555 sepul·

394 585 601 646 chrum
645 583 796 644 alibi
852 599 1031 661 quam
1076 588 1143 644 in
1184 585 1484 663 parochiae
1526 603 1650 648 suae
1699 587 1945 647 ecclesia
1991 588 2085 648 vel
2133 593 2481 663 coemetmo,
2519 607 2625 650 nec

394 701 581 760 aliam
615 699 983 778 sepulturam
1023 698 1290 777 eleqeril,
1331 718 1449 761 non
1484 706 1723 763 lautum
1754 707 1976 782 polest,
2019 703 2124 763 sed
2154 703 2324 768 debet
2361 707 2428 765 iu
2464 705 2628 766 dioto

396 819 687 895 majorum
717 831 959 874 suorum
992 814 1300 893 sepulchro
1331 817 1594 896 sepeliri.
1625 849 1713 861 ——
1742 811 2009 880 Constat
2029 834 2110 879 ex
2145 815 2442 898 pluribus
2463 814 2626 899 juris

394 928 719 1010 textibus3
748 929 1075 1011 praecipue
1107 949 1269 994 vero
1292 950 1374 995 ex
1405 932 1616 1014 capite
1647 936 1770 996 Nos
1801 937 2085 995 instituta
2117 930 2205 1016 (1,
2246 935 2320 995 de
2353 935 2627 1015 Sepultu-

396 1051 484 1108 νὴ
534 1046 642 1119 28,
694 1041 847 1107 libri
892 1047 929 1108 3
981 1042 1294 1127 decret.),
1358 1047 1422 1109 in
1465 1065 1595 1130 quo
1650 1047 1741 1111 sic
1794 1045 2176 1111 decernitur
2222 1069 2236 1112 ε
2288 1051 2626 1111 statuimus

396 1179 862 1241 unumquemque
904 1165 972 1222 in
1003 1166 1296 1242 majorum
1344 1181 1586 1224 suorum
1623 1164 1955 1244 sepulchris
1987 1168 2224 1244 jacere;
2253 1171 2324 1226 ut
2358 1168 2628 1244 patriar-

395 1278 638 1339 charum
671 1282 873 1338 eoeilus
894 1279 1084 1339 docet.
1110 1280 1284 1340 Nulli
1315 1285 1514 1341 tamen
1544 1299 1832 1359 ueqamus
1849 1286 2162 1360 propriam
2193 1283 2409 1361 eliqere
2437 1283 2628 1362 sepul-

399 1399 618 1455 turam.
665 1388 849 1455 Unde
898 1399 1119 1455 rector
1181 1392 1490 1468 ecclesiae,
1534 1393 1603 1455 in
1640 1410 1768 1476 qua
1809 1400 2018 1457 exstat
2045 1393 2462 1476 sepulchrum
2494 1414 2628 1458 ma·

389 1508 604 1592 jurum
626 1506 943 1582 defuncti,
971 1508 1092 1572 hoc
1115 1507 1256 1590 ipso
1270 1508 1376 1592 jus
1399 1510 1784 1593 acquisitum
1805 1509 2007 1575 habet
2035 1510 2420 1576 defunctum
2445 1511 2626 1575 illum

391 1622 769 1706 sepeliendi.
812 1623 1239 1706 Sepulchrum
1286 1632 1506 1689 autem
1553 1624 1874 1708 majorum
1921 1625 2162 1690 dicitur
2194 1627 2376 1690 locus
2412 1627 2629 1710 sepul-

396 1747 580 1815 turas,
618 1738 870 1802 familioe
909 1739 1098 1803 alicui
1127 1747 1524 1822 reservatu5‚
1558 1747 1628 1804 et
1660 1742 1727 1804 in
1759 1758 1888 1824 quo
1917 1739 2000 1804 de
2040 1741 2212 1805 facto
2236 1740 2480 1825 jacent,
2519 1742 2626 1807 vel

396 1860 602 1935 pater,
642 1853 747 1917 vel
773 1853 1002 1936 aliquis
1034 1854 1220 1929 alius,
1268 1863 1380 1919 aut
1425 1854 1621 1937 aliqui
1653 1854 1756 1918 alii
1797 1874 1876 1919 ex
1917 1854 2274 1939 majoribus
2303 1855 2618 1921 defuncti.

395 1966 585 2050 (vide
618 1967 990 2044 Barbosam,
1018 1972 1093 2031 (le
1116 1969 1328 2047 Officio
1351 1971 1774 2050 parochorum,
1820 1989 1876 2034 c.
1911 1972 2017 2047 26,
2053 1990 2118 2034 n.
2156 1969 2292 2053 32.)

479 2085 871 2149 PRoPosl‘rlo
908 2084 1047 2148 111⁸.
1085 2120 1167 2130 —
1197 2087 1485 2163 Quilibet,
1536 2088 1712 2148 modo
1752 2092 1990 2148 oetatem
2016 2088 2360 2167 pubertatis
2394 2093 2623 2168 uttiye-

391 2206 497 2274 rit,
530 2201 899 2280 sepulturam
934 2218 1105 2261 suam
1144 2202 1361 2280 eliqere
1383 2207 1617 2280 potest,·
1659 2207 1747 2263 ita
1791 2208 1860 2262 ut
1897 2207 1964 2263 in
1996 2220 2065 2261 εα
2102 2203 2310 2263 debeat
2350 2204 2615 2282 sepeliri,

389 2303 661 2396 quamvis
689 2322 867 2378 extra
896 2316 1193 2395 parochiae
1221 2335 1343 2377 suoe
1366 2318 1672 2377 ecclesiam
1709 2323 1768 2377 et
1800 2322 2216 2379 eoemeterium.
2252 2351 2342 2363 --
2360 2317 2626 2382 Constat

390 2431 809 2515 sequentibus
851 2430 1015 2515 juris
1051 2429 1378 2496 textibus:
1425 2432 1639 2515 capite
1695 2436 1814 2496 Nos
1850 2437 2136 2495 instituta
2176 2432 2224 2518 (l
2247 2478 2262 2506 ‚
2299 2434 2374 2496 cle
2413 2436 2626 2516 Sepul-

388 2546 590 2631 turis)‚
628 2549 691 2611 in
721 2565 852 2631 quo
885 2565 1190 2630 expresse
1249 2545 1490 2611 dicitur
1530 2568 1543 2611 :
1592 2569 1624 2608 α
1660 2548 1832 2612 Nulli
1881 2556 2099 2613 tamen
2131 2567 2444 2632 negamus
2477 2568 2622 2632 pro-

392 2686 422 2722 a
461 2666 668 2747 priam
698 2663 943 2746 eligere
968 2664 1455 2746 sepulturam...
1492 2662 1887 2747 ubicumque
1913 2662 2168 2727 libitum
2193 2662 2394 2728 fuerit
2424 2664 2623 2746 eligat

392 2802 424 2841 α
466 2779 893 2863 sepulturam.
935 2804 965 2838 n
1014 2780 1238 2862 Capite
1282 2784 1445 2842 Licet
1481 2778 1566 2863 (4,
1615 2782 1692 2842 de
1742 2782 2105 2860 Semnum,
2149 2779 2216 2842 in
2256 2776 2347 2861 6),
2395 2780 2457 2841 in
2488 2797 2619 2862 quo

385 2895 481 2959 sic
517 2894 895 2960 decernitur
932 2918 945 2959 :
997 2916 1026 2955 α
1064 2895 1244 2959 Licet
1296 2901 1485 2976 pater
1544 2893 1829 2958 minores
1867 2893 2059 2970 filim,
2110 2893 2224 2977 qui
2283 2903 2620 2977 nequeunt

393 3033 425 3071 α
455 3017 800 3095 antequam
846 3009 931 3074 ad
972 3027 1171 3074 annos
1210 3008 1578 3092 pubertatis
1614 3009 2001 3091 perveniant
2039 3009 2280 3091 eligere
2322 3010 2615 3093 sepultu-

391 3148 425 3185 «
456 3144 613 3201 ram,
645 3126 843 3208 possit
898 3124 971 3209 (si
1023 3121 1431 3189 consuetudo
1478 3130 1672 3187 terrae
1721 3121 1792 3187 id
1840 3120 2097 3205 habeat)
2154 3140 2282 3206 quo
2333 3124 2614 3191 voluerit

292 3254 296 3258 ·
391 3266 424 3304 «
464 3242 775 3326 sepelire;
817 3241 937 3305 hoc
964 3249 1181 3305 tamen
1229 3258 1357 3303 non
1397 3247 1617 3321 potest
1646 3238 1760 3304 ubi
1797 3237 2206 3303 consuetudo
2245 3237 2612 3321 hujusmodi

390 3381 422 3417 α
456 3376 584 3423 non
611 3356 929 3438 habetur3
964 3355 1082 3420 sed
1108 3362 1261 3420 sunt
1297 3373 1442 3419 cum
1476 3355 1610 3419 suis
1639 3350 2012 3438 ma'joribuS,
2040 3354 2147 3418 vel
2176 3355 2240 3416 in
2268 3353 2613 3436 parochiali

386 3495 419 3535 «e
453 3473 722 3539 ecclesia
768 3469 1160 3536 tumulandi.
1206 3471 1513 3553 Quamvis
1566 3477 1790 3535 autem
1841 3468 2015 3533 filius
2062 3469 2335 3534 familias
2366 3469 2612 3554 absque

387 3614 419 3651 α
457 3590 656 3674 patris
712 3607 975 3654 assensu
1018 3587 1142 3653 sibi
1190 3589 1390 3670 possit
1448 3586 1659 3652 libere
1707 3587 1951 3670 eligere
2010 3586 2432 3668 sepulturam,
2490 3604 2612 3671 pro

390 3728 422 3766 «
458 3705 666 3770 anima
694 3712 910 3769 tamen
941 3722 1057 3767 sua
1090 3710 1334 3785 praeter
1374 3703 1576 3784 ipsius
1605 3719 1936 3767 assensum
1973 3700 2115 3786 (nisi
2148 3700 2474 3784 peculium
2515 3720 2614 3766 ea·

389 3847 418 3882 a
452 3828 701 3885 strense
727 3828 838 3884 aut
869 3819 1051 3903 quasi
1068 3825 1395 3882 castrense
1425 3814 1684 3899 habeat)
1714 3816 1956 3900 aliquid
1980 3814 2277 3899 judicare
2310 3824 2550 3899 potest.
2577 3842 2610 3878 n

382 3934 785 4000 clementina
814 3936 1057 3997 Dudum
1096 3933 1181 4017 (2,
1227 3934 1301 3995 de
1344 3927 1709 4013 sepulturis)
1747 3929 2045 3995 decernit
2069 3947 2254 4011 posse
2279 3930 2613 4013 religiosos

384 4052 943 4118 Dominicanorum
989 4057 1059 4112 et
1110 4049 1426 4113 Minorum
1476 4044 1736 4111 ordines
1773 4047 1842 4110 in
1883 4047 2016 4110 suis
2065 4043 2347 4109 ecclesiis
2394 4049 2611 4129 sepul·

382 4177 596 4233 turam
638 4164 803 4231 dare
849 4162 1167 4238 omnibu3‚
1207 4164 1315 4246 qui
1371 4180 1512 4227 eam
1562 4160 1656 4226 ibi
1704 4160 2042 4244 elegerint.
2084 4160 2180 4226 Ex
2221 4159 2320 4225 his
2360 4166 2430 4224 et
2476 4161 2615 4226 aliis

382 4281 670 4349 textibus
705 4287 1012 4363 tanquam
1052 4276 1309 4342 omnino
1350 4281 1608 4340 certum
1654 4274 2054 4341 concludunt
2096 4275 2486 4339 unanimiter
2517 4293 2616 4339 ca·

383 4397 671 4471 nonistae,
708 4366 985 4459 liberum
1025 4409 1163 4456 esse
1206 4391 1462 4474 cuique,
1499 4388 1694 4454 modo
1732 4398 1952 4457 tamen
1994 4389 2362 4480 pubertatis
2409 4406 2606 4451 annos
