3146 4973
552 363 679 424 308
1221 374 1597 423 *mxcvi-us
1640 375 1728 422 nt:
1771 373 2098 422 mnocno.

550 524 583 562 «
618 500 934 565 institutio
957 499 1174 564 vicarii
1205 503 1507 582 perpetui
1535 501 1820 583 pertinet
1846 499 1930 563 ad
1957 506 2281 562 rectorem
2313 493 2728 578 principalem
2748 541 2762 568 ,

554 642 579 675 α
619 614 1028 698 praecedente
1060 623 1281 680 tamen
1311 616 1610 680 examine
1642 623 1710 680 et
1737 633 2054 679 consensu
2085 613 2380 696 Episcopi
2415 611 2553 676 sive
2584 606 2774 674 Ordi-

550 753 580 791 «
615 731 800 795 narii.
835 753 866 789 »
904 729 1307 815 (Leurenius,
1344 734 1555 792 Forum
1588 730 1947 808 beneficiate,
1981 734 2165 811 parte
2204 732 2260 805 l,
2290 745 2354 812 q.
2394 728 2540 802 116,
2577 744 2644 787 n.
2675 721 2767 806 2.)

544 846 734 921 Hinc,
772 844 957 909 verbi
988 847 1225 926 gratia,
1260 846 1325 907 in
1365 845 1442 908 iis
1478 843 1996 920 cathedralibus,
2034 844 2100 908 in
2139 843 2378 927 quibus
2420 843 2774 905 animarum

542 978 699 1024 cura
729 958 978 1024 adnexa
1025 959 1150 1023 fuit
1193 960 1496 1042 capitulo,
1527 961 1754 1024 vicarii
1797 959 2101 1043 perpetui
2147 977 2369 1022 curam
2409 956 2778 1022 exercentis

541 1075 913 1149 nominatio,
965 1094 1092 1138 non
1139 1072 1224 1138 ad
1262 1073 1686 1157 Episcopum,
1744 1073 1862 1140 sed
1912 1073 1996 1139 ad
2049 1074 2403 1156 capitulum
2449 1071 2768 1155 pertinet,

541 1196 741 1272 prout
781 1189 1035 1271 plenius
1074 1189 1348 1272 probavi
1378 1190 1445 1254 in
1475 1208 1625 1255 meo
1655 1197 1944 1254 tractatu
1970 1192 2043 1252 de
2073 1191 2423 1268 Capitulis;
2457 1193 2652 1271 atque
2689 1184 2776 1249 ibi

538 1307 735 1370 etiam
766 1303 1039 1369 disserui
1066 1304 1149 1369 de
1177 1306 1497 1369 contraria
1527 1304 2020 1382 consuetudine,
2056 1305 2124 1367 in
2155 1304 2382 1381 Gallia,
2415 1323 2452 1367 a
2479 1310 2777 1385 tempore

537 1419 914 1486 concordati
951 1421 1100 1483 anni
1135 1423 1334 1496 1802,
1370 1422 1672 1503 vigente3
1709 1439 1834 1504 qua
1862 1438 2096 1501 nempe
2128 1420 2340 1485 solent
2370 1419 2595 1484 Galliae
2631 1418 2778 1500 Epi-

537 1537 717 1618 scopi
754 1532 1071 1620 ejusmodi
1108 1542 1463 1618 perpetuos
1499 1534 1969 1599 cathedralium
2008 1535 2315 1610 vicatim,
2360 1533 2603 1618 absque
2644 1531 2777 1596 ullo

538 1652 803 1735 capituli
834 1652 1211 1716 interventu
1233 1699 1247 1726 ‚
1285 1652 1616 1716 nominare
1648 1658 1716 1715 et
1748 1652 2170 1716 constituero.

627 1769 713 1831 Il.
755 1767 1071 1831 Constitui
1108 1774 1325 1832 tamen
1373 1775 1712 1851 nequeunt
1759 1765 2054 1849 praedicti
2103 1767 2332 1829 vicarii
2383 1765 2590 1829 curati
2634 1764 2778 1830 abs-

540 1900 666 1966 que
713 1882 959 1965 praevio
1002 1884 1294 1948 examine
1345 1889 1414 1946 ct
1464 1881 1933 1964 approbatione
1987 1881 2305 1963 Episcopi.
2367 1903 2401 1941 «
2454 1882 2769 1954 Tametsi,

544 2000 701 2062 «ait
752 1998 1148 2074 LeureniuS,
1199 1997 1550 2062 nominatio
1605 1996 1827 2060 vicarii
1878 1996 2184 2078 perpetui
2230 2002 2512 2079 spectet,
2565 2001 2639 2058 ut
2685 1992 2774 2058 di-

543 2137 576 2172 «
613 2120 814 2189 ctum,
854 2111 938 2177 ad
983 2120 1310 2179 rectorem
1347 2113 1787 2195 principalem,
1823 2112 1877 2175 is
1902 2119 2118 2175 tamen
2157 2111 2240 2176 ab
2275 2129 2353 2175 eo
2382 2111 2631 2175 institui
2671 2129 2777 2174 uc-

546 2251 577 2286 «
615 2231 755 2311 quit
791 2229 927 2293 sine
968 2230 1207 2311 praevio
1236 2229 1532 2293 examine
1571 2234 1638 2292 et
1683 2245 2002 2291 consensu
2032 2227 2331 2308 Episcopi
2366 2244 2485 2290 seu
2508 2223 2777 2290 Ordina-

554 2367 584 2400 «
620 2343 702 2405 rii
736 2365 765 2402 »
808 2343 1047 2428 (Forum
1082 2343 1444 2419 beneficiate,
1489 2349 1677 2424 parte
1714 2344 1771 2418 1,
1812 2360 1877 2425 q.
1920 2338 2094 2423 121).
2142 2340 2407 2405 Constat
2461 2360 2541 2405 ex
2584 2338 2778 2405 modo

541 2459 734 2522 citata
772 2458 1229 2523 constitutione
1269 2460 1361 2521 Ad
1388 2461 1796 2538 exequendum
1837 2458 2042 2522 sancti
2092 2457 2191 2521 Pii
2225 2459 2279 2523 V
2306 2454 2417 2543 (Ι).
2469 2457 2676 2542 Atque
2711 2455 2776 2520 id

542 2590 772 2636 verum
813 2579 1107 2636 remanet
1156 2573 1571 2656 quantumvis
1631 2572 1934 2655 capitula,
1990 2574 2483 2649 monasteriave,
2545 2571 2781 2655 quibus

543 2687 725 2751 unita
754 2695 854 2751 cst
886 2706 1063 2763 cura,
1109 2687 1537 2769 exemptionis
1565 2687 1908 2770 privilegio
1939 2686 2304 2770 gaudeant3
2339 2685 2514 2772 quod
2547 2706 2583 2750 a
2634 2686 2779 2750 Car-

548 2800 744 2865 dinali
782 2800 867 2865 de
898 2804 1099 2879 Luca,
1133 2801 1403 2885 aliisque
1435 2799 1814 2866 doctoribus
1846 2809 2155 2885 tanquam
2194 2812 2447 2868 certum
2474 2800 2672 2877 tradi,
2711 2807 2780 2865 et

548 2935 585 2978 a
627 2915 818 2979 Sacra
857 2915 1370 2998 Congregatione
1401 2915 1672 2980 Concilii
1716 2915 1914 2981 fuisse
1947 2914 2380 2995 declaratum,
2419 2915 2566 2982 vide
2605 2914 2779 2999 apud

550 3030 968 3108 Leurenium,
1015 3032 1214 3095 citato
1238 3031 1405 3094 loco.

638 3145 754 3208 III.
800 3143 897 3209 Ad
924 3144 1411 3210 constituendos
1458 3144 1668 3210 dictos
1697 3146 1972 3211 vicarios
2014 3154 2368 3229 perpetuos
2406 3166 2534 3211 non
2566 3147 2779 3231 requi-

553 3262 722 3325 ritur
747 3262 1030 3344 praevius
1060 3280 1433 3337 concursuS‚
1475 3260 1593 3326 sed
1632 3261 1865 3325 sufficit
1905 3262 2256 3326 nominatio
2288 3282 2324 3325 a
2356 3263 2641 3344 capitulo
2677 3263 2779 3326 vel

555 3375 828 3458 collegio
889 3376 992 3439 cui
1038 3375 1290 3441 adnexa
1342 3384 1444 3440 cst
1500 3394 1680 3454 cura,
1716 3395 1863 3441 cum
1894 3377 2188 3440 examine
2218 3385 2285 3441 et
2315 3378 2778 3459 approbatione

555 3489 903 3555 Ordinarii.
947 3513 980 3551 a
1034 3489 1419 3573 Respondeo
1473 3489 1585 3572 (ait
1621 3491 2001 3567 LeureniuS,
2046 3490 2193 3556 loco
2239 3493 2458 3568 citato,
2506 3511 2569 3577 q.
2630 3495 2773 3569 120,

557 3761 967 3811 ordinariorum
992 3761 1301 3821 electionem,
1328 3763 1416 3811 scd
1446 3764 1519 3813 ad
1542 3765 1957 3813 nominationem
1986 3765 2215 3823 illorum,
2243 3767 2298 3814 in
2322 3780 2544 3830 quorum
2567 3767 2781 3816 ecclesiis

555 3857 719 3904 unitis
742 3859 1025 3916 ponentur,
1048 3866 1166 3902 cum
1189 3856 1423 3916 ipsoram
1449 3854 1860 3904 ordinariorum
1883 3870 1969 3905 seu
1993 3870 2172 3907 eorum
2194 3860 2518 3907 vicariorum
2542 3860 2783 3908 examine

554 3955 601 3997 et
629 3948 1025 4010 approbatione,
1052 3948 1382 4011 deputentur.
1414 3949 1736 4011 (Baliarium
1753 3951 2067 4005 Romanum,
2096 3960 2210 4000 tom.
2233 3956 2284 4013 4,
2312 3961 2442 4013 parte
2460 3957 2510 4013 2,
2533 3968 2639 4015 pag.
2663 3956 2778 4013 ⁴02,

555 4043 669 4091 edit.
692 4043 1040 4105 Coequelincs.)

625 4136 695 4197 (1)
735 4136 805 4183 lbi
842 4135 1070 4197 siquidem
1108 4149 1327 4197 expresse
1353 4135 1525 4184 dicitur
1557 4148 1676 4184 cum
1710 4137 1950 4186 examine
1976 4143 2022 4188 et
2053 4138 2431 4201 approbatione
2467 4140 2781 4190 Ordinario-

549 4241 690 4278 rum.
722 4230 780 4277 Et
816 4230 1026 4291 quamvis
1052 4229 1279 4290 ejusmodi
1306 4230 1588 4276 vicariorum
1628 4231 1878 4277 nominatio
1920 4230 1980 4277 ad
2009 4229 2283 4280 ordinarios
2320 4247 2410 4280 non
2438 4236 2694 4294 pertineat,
2732 4244 2782 4279 ut

551 4324 725 4371 dictum
751 4330 850 4381 est,
881 4322 1089 4370 decernit
1117 4330 1270 4372 tamen
1295 4321 1566 4371 ‘tridentina
1595 4321 1801 4383 synodus
1829 4323 1970 4384 (sess.
1997 4328 2049 4381 7,
2078 4339 2180 4387 cap.
2205 4324 2278 4388 7),
2311 4339 2392 4374 eos
2419 4340 2522 4376 esse
2550 4329 2610 4376 ab
2637 4327 2779 4376 ordi-

552 4417 700 4467 nariis
726 4416 1069 4479 deputandos.
