3146 4973
1139 430 1298 480 rans
1342 430 1658 480 saeuum.
2390 416 2515 480 247

287 556 535 644 possint
574 550 874 644 Episcopi
920 565 1103 623 etiam
1137 565 1422 640 tanquam
1458 560 1810 640 Apostocccae
1834 560 2011 623 sedis
2038 558 2315 640 aeleqatt.
2350 558 2522 643 Ergo

287 690 523 740 revera
565 690 650 740 ox
691 670 1079 739 Tridentino
1120 679 1310 739 textu
1341 673 1674 758 Episcopis
1702 680 2010 757 tanquam
2039 671 2222 738 Sedis
2252 673 2522 757 Aposto-

288 790 432 854 iioae
483 788 804 872 delegatis
847 789 1164 872 competit
1205 790 1493 872 potestas
1539 802 1661 873 per
1704 787 1876 853 viam
1937 786 2524 854 dismembrationis

289 918 491 971 novas
526 904 824 988 erigendi
850 903 1210 988 parochias.

373 1019 584 1100 Quam
614 1020 1014 1105 coeteroquin
1061 1014 1542 1086 conclusionem
1588 1022 1822 1086 tenent
1863 1021 2294 1086 communiter
2340 1039 2526 1086 cano-

287 1134 496 1199 nime.
548 1136 732 1200 Inter
776 1150 940 1220 quos
993 1136 1084 1200 sic
1134 1135 1490 1200 Leurenius
1539 1135 1781 1222 (Forum
1824 1135 2188 1215 beaewficiale,
2228 1143 2419 1217 parte
2462 1141 2519 1211 1,

286 1256 519 1334 quaest.
577 1248 728 1334 155)
769 1272 783 1315 :
826 1270 860 1311 α
891 1249 991 1316 Ad
1019 1268 1180 1335 quos
1219 1257 1477 1333 spectet
1521 1251 1775 1334 erigere
1824 1266 2027 1315 novas
2066 1248 2523 1334 parochiales?

295 1384 328 1422 a
373 1398 461 1411 --
490 1362 883 1447 Respondoo
917 1384 931 1428 ε
985 1362 1057 1428 id
1088 1379 1277 1447 posse
1317 1362 1699 1430 ordinarios
1753 1363 2147 1429 authoritate
2180 1363 2305 1428 sibi
2339 1360 2526 1429 desu-

294 1502 328 1537 a
369 1498 492 1563 per
523 1487 833 1564 tanquam
861 1476 1047 1545 Sedis
1085 1479 1464 1564 Apostolicae
1497 1478 1819 1563 delegatis
1847 1480 2198 1563 impertita,
2230 1479 2297 1543 vi
2334 1480 2518 1545 citati

294 1620 328 1655 «
364 1596 593 1679 capitis
623 1599 722 1661 Ad
760 1600 1156 1674 audientiam,
1212 1604 1281 1662 et
1318 1596 1546 1680 capitis
1594 1596 1630 1660 4
1674 1596 1971 1661 sessionis
2011 1598 2084 1661 21
2134 1594 2515 1661 Tridentini.

294 1735 326 1771 a
363 1712 571 1777 Porro
596 1711 851 1797 quoties
870 1712 1046 1795 Papa
1076 1710 1182 1797 (ad
1218 1728 1414 1797 quem
1445 1710 1839 1796 quandoque
1869 1713 2252 1789 recurritur,
2287 1712 2401 1777 ubi
2437 1711 2521 1778 de

294 1851 328 1887 «
367 1827 669 1892 similium
715 1826 1181 1910 parochialium
1240 1826 1680 1893 erectionibus
1749 1825 2075 1892 ordinaria
2127 1828 2520 1893 authoritate

297 1966 329 2002 a
367 1940 556 2007 factis
582 1940 871 2007 dubitari
898 1942 1232 2025 contingit,
1258 1948 1335 2006 ut
1369 1936 1752 2025 parochialis
1787 1938 2114 2008 ordinaria
2139 1941 2271 2027 jam
2302 1943 2525 2009 autho·

298 2082 332 2117 «
367 2058 562 2123 ritate
610 2064 850 2123 erectoe
885 2055 1307 2134 confirmatio,
1361 2075 1478 2121 seu
1533 2075 1702 2122 nova
1760 2058 2007 2122 erectio
2044 2057 2126 2121 ab
2163 2057 2297 2140 ipsa
2352 2055 2519 2122 Sede

297 2196 330 2231 «
365 2170 733 2255 Apostolica
758 2169 1172 2256 impetretur)
1203 2171 1500 2237 concedit
1520 2173 1760 2237 similes
1786 2173 2150 2238 erectiones
2177 2170 2264 2259 (in
2287 2172 2523 2257 quibus

300 2314 328 2346 α
371 2306 488 2371 pro
532 2302 725 2353 causa
769 2287 1093 2372 allegatur
1132 2287 1307 2354 dicta
1345 2289 1642 2355 locorum
1682 2285 1989 2353 distantia
2019 2295 2088 2353 et
2123 2284 2513 2371 difficultas),

298 2429 326 2460 α
369 2420 631 2488 semper
655 2401 954 2469 rescribit
978 2402 1349 2483 ordinarie,
1375 2411 1450 2470 ut
1476 2400 1872 2470 authoritate
1892 2402 2257 2489 Apostolica
2286 2404 2511 2488 erigat,

298 2544 328 2580 a
369 2529 624 2585 servata
651 2520 863 2586 forma
891 2521 1071 2586 citati
1108 2522 1332 2605 capitis
1358 2526 1454 2586 Ad
1484 2525 1880 2586 aredientiam.
1921 2543 1953 2582 a

382 2637 555 2701 Dum
587 2645 806 2701 autem
849 2635 938 2701 ibi
975 2635 1130 2702 dicit
1164 2637 1522 2704 Leurenius
1553 2637 1942 2723 quandoque
1981 2640 2235 2703 recurri
2271 2636 2355 2703 ad
2401 2637 2521 2701 Pa-

290 2772 462 2839 pam,
498 2758 567 2817 et
595 2772 632 2817 a
663 2752 838 2836 Papa
865 2749 1216 2832 confirmari
1252 2756 1647 2820 erectionem
1685 2755 1769 2821 ab
1798 2755 2112 2838 Episcopo
2144 2754 2405 2830 factam,
2451 2751 2517 2817 id

288 2863 780 2952 intelligendum
810 2874 934 2946 est,
964 2866 1048 2934 de
1077 2881 1353 2935 recursu
1377 2877 1446 2935 et
1478 2870 1993 2950 confirmatione,
2030 2890 2159 2936 non
2189 2890 2271 2935 ex
2299 2889 2518 2935 neces-

288 2985 503 3063 sitate,
531 2984 650 3050 sed
682 2984 891 3050 libere
921 2990 988 3049 et
1025 2983 1108 3050 ad
1147 2985 1467 3051 cautelam
1498 2985 1842 3070 adhibitis;
1878 2991 2077 3070 prout
2106 2986 2243 3069 ipse
2275 2986 2518 3051 Leure-

288 3101 437 3166 nius
466 3098 820 3166 adnotatin
849 3102 1050 3165 citato
1077 3118 1302 3184 opere,
1340 3109 1524 3185 parte
1555 3104 1619 3180 3,
1660 3108 1885 3186 quaest.
1922 3103 2077 3168 927.

381 3219 465 3283 Π.
516 3216 763 3282 Eadem
817 3224 1107 3301 potestas
1164 3218 1499 3301 Episcopis
1554 3219 1749 3283 etiam
1798 3217 2113 3301 competit
2146 3214 2295 3300 jure
2341 3215 2517 3282 ordi-

290 3334 499 3400 nario.
542 3334 700 3398 Nam
747 3339 898 3399 ante
938 3332 1379 3398 Tridentinam
1429 3332 1749 3420 synodum
1800 3332 1954 3417 ipsis
1998 3332 2413 3417 competebat
2454 3334 2516 3396 vi

289 3445 505 3514 citatae
552 3445 898 3514 decretalis
939 3452 1036 3513 Ad
1079 3451 1484 3530 audientiam
1526 3468 1721 3534 quam
1763 3447 2165 3514 decretalem
2208 3455 2514 3531 tanquam

289 3563 664 3647 generalem
704 3564 917 3650 legem
958 3571 1280 3630 memorat
1330 3564 1705 3630 Tridentina
1744 3561 2063 3649 synodus5
2108 3569 2175 3628 et
2220 3582 2364 3629 eam
2413 3583 2520 3628 ue-

287 3698 616 3766 quaquam
660 3677 953 3764 abrogat,
994 3679 1111 3745 sed
1143 3679 1502 3746 confirmat.
1543 3682 1713 3764 Ergo
1757 3681 1953 3745 etiam
2005 3687 2152 3763 post
2195 3677 2520 3745 Tridenti-

287 3807 438 3860 nam
467 3793 792 3879 synodum
827 3811 1029 3878 penes
1057 3791 1403 3879 Episcopos
1433 3797 1745 3860 remansit
1771 3795 1877 3880 jus
1904 3794 2301 3860 ordinarium
2338 3811 2517 3879 paro-

291 3912 468 3978 chias
491 3927 616 3996 per
648 3912 818 3977 viam
848 3911 1433 3978 dismembrationis
1464 3907 1779 3994 erigendi.

381 4027 821 4094 Confirmatur
847 4045 931 4093 ex
963 4028 1159 4096 modo
1188 4025 1502 4114 loquendi
1528 4026 1921 4094 Tridentinae
1954 4026 2209 4112 synodi.
2245 4028 2520 4109 Quando

288 4145 465 4211 enim
493 4143 770 4229 aliquam
800 4152 1189 4229 potestatem
1218 4145 1550 4229 Episcopis
1585 4141 1984 4210 conferendo
2010 4149 2316 4230 tanquam
2340 4145 2524 4212 Sedis

288 4260 674 4344 Apostolicae
727 4259 1069 4345 delegatis,
1115 4259 1301 4327 addit
1342 4279 1567 4327 vocem
1614 4266 1827 4338 etiam,
1872 4261 2125 4345 signum
2169 4268 2269 4325 est
2300 4261 2523 4347 (prout

292 4377 731 4442 communiter
759 4376 1032 4442 tradunt
1061 4373 1388 4464 doctores)
1422 4389 1562 4444 eam
1591 4383 1980 4461 potestatem
2000 4380 2315 4441 ordinario
2334 4375 2524 4442 simul

286 4490 437 4578 jure
461 4491 616 4577 ipsis
645 4500 1041 4576 competere.
