3146 4973
1173 394 1331 447 rans
1374 398 1644 460 Qum-m.
2408 384 2538 453 619

311 526 776 604 nistrationem,
815 543 947 591 non
978 525 1111 610 jam
1146 520 1468 604 Ecclesiae,
1506 523 1626 592 sed
1656 525 1959 610 principis
1997 522 2438 611 jurisdictioni
2468 537 2539 595 ct

308 642 567 728 legibus
586 640 836 728 subjici,
862 642 1148 727 postulat
1164 641 1428 709 edoceri
1460 660 1553 722 se,
1591 640 1915 729 quomodo
1941 649 2009 708 et
2036 642 2300 728 quando
2321 640 2537 711 haecce

311 760 582 826 mutatio
608 759 1046 826 intervenerit
1080 780 1095 825 :
1137 781 1171 821 «
1202 757 1440 842 Quand
1486 766 1555 825 et
1608 760 1942 825 comment
1968 777 2077 846 ces
2110 761 2540 861 marguilliers

315 895 349 937 α
379 881 527 940 sont
573 872 868 939 devenus
911 893 988 938 ce
1024 892 1152 957 que
1199 892 1362 940 nous
1404 873 1504 939 les
1545 891 1794 957 voyons
1841 875 2332 956 presentemeut
2375 873 2542 941 dans

314 1009 347 1048 α
380 1007 498 1053 nos
539 989 774 1071 eglises
813 987 901 1052 de
943 991 1210 1065 France,
1246 987 1405 1053 c'est
1446 1007 1538 1052 un
1584 987 1786 1054 detail
1821 1004 1950 1073 que
1985 987 2053 1073 je
2089 987 2397 1054 voudrais
2425 1007 2539 1072 ap-

314 1127 347 1165 «
382 1102 666 1186 prendre
698 1103 782 1169 de
815 1104 1167 1189 quelqu'un
1197 1104 1344 1187 plus
1388 1104 1605 1170 habile
1653 1122 1780 1188 que
1827 1103 1957 1169 moi
1985 1102 2144 1168 dans
2185 1120 2294 1169 ces
2327 1108 2537 1170 sortes

314 1241 346 1279 «
380 1217 463 1283 de
495 1217 900 1282 recherches,
928 1242 959 1281 »
992 1218 1183 1304 (Loco
1212 1219 1434 1295 citato,
1460 1238 1524 1283 n.
1552 1217 1645 1301 3.)
1667 1217 1923 1302 Absque
1949 1224 2132 1282 tanta
2155 1216 2537 1283 eruditionis

310 1334 493 1418 copia
529 1330 660 1398 dici
704 1352 893 1416 posse
938 1333 1223 1411 videtur,
1266 1335 1560 1401 evenisse
1616 1334 1859 1400 hancce
1913 1334 2422 1398 immutationem
2469 1335 2534 1398 in

309 1448 535 1525 Gallia,
572 1448 833 1532 quando
868 1445 1081 1515 hucin
1119 1468 1214 1526 re,
1240 1452 1409 1514 sicut
1448 1449 1519 1513 iu
1549 1454 1653 1513 tot
1681 1449 1842 1527 aliis,
1875 1449 2169 1514 Ecclesiae
2207 1450 2532 1533 propriam

304 1559 814 1645 jurisdictionem
838 1564 1162 1629 saecularis
1185 1570 1476 1647 potestas
1506 1564 1763 1628 invasit.

1192 1829 1463 1895 CAPUT
1506 1829 1643 1893 XV.

305 2059 632 2121 QUOMODO
698 2058 908 2110 Home
968 2063 1032 2108 IN
1105 2060 1345 2108 GALLIA
1399 2056 1796 2109 REGULETUR
1862 2060 2274 2109 TEMPOBALIS
2347 2060 2538 2108 Pano-

393 2173 695 2223 culmum
730 2174 1279 2241 ADMIMSTRAT103
1326 2177 1410 2223 ΕΤ
1459 2176 1750 2237 QUAENAM
1808 2177 1874 2223 m
1919 2176 2006 2223 EA
2048 2174 2193 2224 sm'r
2245 2174 2532 2223 PARocm

394 2289 666 2338 PARTES.

394 2506 723 2589 Superiori
748 2507 959 2588 capite
984 2505 1092 2590 jus
1117 2521 1463 2572 commune
1496 2503 1715 2590 quoad
1759 2501 2189 2591 temporalem
2236 2504 2532 2571 ecclesia-

306 2635 452 2682 rum
492 2615 955 2702 parochialium
1004 2616 1626 2685 administrationem
1673 2617 2159 2702 descripsimus.
2208 2617 2325 2682 Hic
2368 2631 2531 2682 vero

305 2729 600 2816 ejusdem
630 2731 1198 2798 administrationis
1236 2751 1550 2811 normam,
1578 2740 1776 2817 prout
1805 2729 1998 2798 hodie
2031 2730 2096 2797 in
2130 2731 2352 2798 Galliis
2378 2750 2533 2796 con-

306 2847 532 2912 stituta
578 2848 929 2930 reperitur,
991 2866 1412 2930 exponemus,
1479 2848 1629 2913 Fuit
1683 2855 1903 2913 autem
1956 2853 2095 2913 tota
2136 2848 2275 2914 hoec
2318 2866 2428 2912 res
2461 2847 2532 2912 in

305 2961 525 3028 Galliis
554 2982 595 3026 a
614 2969 940 3045 potestate
972 2964 1266 3029 soeculari
1291 2962 1630 3046 ordinata3
1662 2983 1788 3030 nec
1818 2963 1902 3029 de
1933 2982 2008 3029 ea
2040 2965 2107 3028 in
2137 2961 2531 3030 concordate

301 3080 453 3143 anni
491 3081 644 3146 1801
678 3078 1032 3164 quidquam
1067 3080 1352 3144 occurrit
1380 3097 1465 3144 ex
1490 3077 1673 3144 Sedis
1703 3079 2083 3163 Apostolicoe
2113 3097 2376 3144 assensu
2416 3076 2534 3143 de-

299 3194 746 3258 terminatum.
784 3194 945 3259 Cum
973 3199 1191 3259 tamen
1218 3192 1539 3278 ejusmodi
1560 3194 1881 3260 soecularis
1911 3194 2250 3277 potestatis
2273 3191 2530 3259 ordina-

300 3306 587 3372 tionibus
618 3326 757 3373 sese
792 3315 1013 3392 aptare
1040 3315 1356 3392 cogantur
1386 3308 1736 3375 Galliarum
1770 3306 2058 3392 parochi,
2088 3326 2208 3393 pro
2238 3308 2526 3393 ipsorum

300 3423 662 3502 commodo,
692 3442 915 3490 earum
944 3425 1302 3509 praecipuas
1325 3425 1430 3491 hic
1461 3423 1897 3510 subjiciendas
1921 3424 2253 3491 duximus„

1354 3649 1468 3722 sl.

574 3842 815 3890 Decretum
843 3843 1122 3905 Napolconis
1148 3842 1241 3894 diei
1267 3845 1336 3892 30
1368 3842 1635 3892 decembris
1664 3842 1814 3902 1809,
1854 3843 2008 3907 quoad
2041 3842 2260 3891 rubricas.

1170 4030 1518 4109 cnam‘mss
1558 4031 1647 4088 1⁰¹.

832 4188 915 4245 De
938 4188 1455 4246 l'administration
1482 4187 1918 4261 dessabriques

376 4365 518 4422 Aur.
548 4365 643 4420 10².
670 4365 773 4424 Les
797 4365 1072 4439 fabriques
1092 4366 1225 4425 dont
1249 4365 1477 4423 I'article
1503 4366 1576 4423 76
1600 4366 1669 4422 de
1698 4366 1749 4423 la
1773 4366 1846 4423 ioi
1876 4365 1949 4424 du
1973 4368 2043 4423 18
2071 4365 2336 4436 germina!
2364 4380 2431 4420 an
2455 4367 2530 4422 1⁰

301 4481 333 4520 a
375 4463 619 4523 ordonna
658 4463 1125 4536 i'ctabiissement,
1148 4474 1276 4523 sont
1312 4465 1576 4539 chau-geos
1602 4465 1670 4522 de
1696 4463 1886 4522 vemet
1913 4464 1943 4522 a
1979 4463 2289 4523 i'entretieu
2329 4471 2386 4520 et
2407 4462 2438 4521 ἐι
2475 4462 2524 4521 ia
