3146 4973
1210 393 1367 440 raas
1410 392 1671 440 Tanna.
2423 383 2548 444 313

415 516 487 583 2⁰
519 515 617 583 Ad
670 519 1089 602 quoestionem
1130 521 1510 600 quandonam
1569 522 1863 601 ejusmodi
1909 521 2239 600 pontificiae
2287 540 2553 584 reserva-

326 641 516 698 tiones
542 638 751 697 induci
771 641 1076 716 caper-int,
1104 633 1461 718 respondet
1485 635 1845 700 Leurenius
1889 657 1903 699 z
1942 657 1976 695 «
2000 635 2169 701 Olim
2207 635 2555 702 Pontifices

329 771 362 808 α
411 750 589 815 nulla
619 749 740 813 sibi
773 767 1141 814 reservasse
1194 749 1532 826 beneficia,
1582 751 1812 815 saltem
1854 769 1939 816 ex
1988 750 2154 835 juris
2197 752 2554 817 communis

330 889 363 926 α
403 864 823 949 dispositione
863 887 876 929 :
915 884 1064 929 nam
1110 864 1175 928 in
1208 872 1350 930 toto
1374 864 1647 931 decreto
1671 867 1961 931 Gratiani
1988 868 2180 932 nullae
2211 867 2553 935 beneficio·

328 1005 360 1041 a
395 998 540 1046 rum
570 982 1049 1047 reservationes
1071 981 1532 1064 reperiuntur3
1566 989 1635 1046 et
1657 981 1808 1045 hinc
1845 988 1991 1065 post
2030 983 2323 1048 Gratiani
2352 1000 2554 1047 saecu-

328 1120 361 1155 α
405 1098 540 1161 lum
592 1100 862 1181 coepisse
914 1095 1252 1181 videntur;
1303 1098 1597 1182 quamvis
1657 1118 1736 1163 ex
1785 1099 2046 1183 antiqua
2082 1098 2551 1165 consuetudine

328 1235 360 1271 «
405 1212 608 1276 multa
665 1210 786 1275 sibi
828 1213 1333 1277 reservaverint.
1382 1213 1557 1292 Quas
1610 1214 2088 1278 reservationes
2136 1212 2277 1279 fere
2330 1230 2553 1278 omnes

328 1350 359 1385 «
403 1327 743 1392 concilium
796 1328 1161 1393 Basileense
1208 1328 1471 1394 abolere
1532 1331 1851 1411 tentavit3
1921 1326 2107 1412 cujus
2147 1335 2365 1393 tamen
2408 1346 2551 1392 con·

328 1464 360 1502 «
397 1442 523 1505 cilii
568 1440 860 1518 decreta,
916 1443 1138 1524 paucis
1183 1445 1495 1525 exceptis,
1555 1443 1640 1507 ab
1687 1444 1975 1508 Ecclesia
2033 1443 2222 1508 fuere
2276 1442 2544 1526 rejecta.

327 1579 360 1616 «
396 1558 673 1620 Demum
709 1578 746 1621 a
781 1558 1027 1622 Ioanne
1058 1558 1256 1634 XXII,
1293 1564 1363 1621 et
1410 1578 1447 1622 a
1478 1557 1835 1624 Benedicto
1866 1559 1988 1623 XII
2038 1565 2370 1623 reservata
2411 1559 2554 1623 fue-

328 1696 358 1731 «
394 1681 551 1738 runt
585 1671 739 1738 sedi
774 1674 1153 1756 Apostolicae
1180 1672 1497 1739 beneficia
1538 1674 1753 1739 omnia
1786 1674 2083 1751 electiva,
2125 1679 2194 1738 et
2234 1693 2311 1739 ea
2342 1675 2553 1740 omnia

329 1812 355 1844 ι
394 1805 535 1871 quae
572 1806 696 1870 per
729 1788 976 1854 obitum
1009 1788 1445 1853 cardinalium
1494 1795 1563 1852 et
1600 1805 2158 1872 quorumcumque
2191 1788 2553 1854 officialium
2609 1845 2624 1856 .

328 1926 360 1963 «
396 1904 694 1968 Romanae
739 1905 933 1969 curiae
971 1911 1296 1969 vacarent.
1357 1903 1786 1970 Postmodum
1822 1905 1904 1970 ab
1943 1906 2323 1969 Innocentio
2370 1906 2544 1981 VIII,

329 2042 360 2077 «
405 2019 672 2103 aliisque
717 2019 1264 2104 subsequentibus
1309 2017 1732 2084 Pontificibus
1783 2017 2030 2084 eaedem
2081 2020 2556 2084 reservationes

329 2157 360 2194 «
398 2142 628 2211 auctae,
662 2136 980 2202 innovatae
1020 2143 1087 2200 et
1114 2134 1456 2199 declaratae
1496 2136 1789 2211 fuerunt,
1824 2143 1899 2198 ut
1929 2136 1992 2198 in
2026 2136 2269 2217 regulis
2302 2135 2554 2198 cancel-

330 2273 363 2308 «
397 2250 569 2315 lariae
592 2252 986 2315 continetur.
1018 2250 1266 2315 Saeculo
1306 2254 1381 2315 13
1416 2251 1688 2333 coepisse
1713 2248 1947 2315 Sedem
1984 2250 2414 2332 Apostolicam
2440 2250 2553 2313 ali-

328 2387 359 2422 «
400 2382 528 2449 qua
560 2364 879 2429 beneficia
942 2365 1007 2428 in
1058 2364 1268 2428 aliena
1316 2363 1583 2429 dioecesi
1648 2365 1985 2429 existentia
2037 2365 2160 2429 sibi
2212 2383 2552 2430 reservare

329 2503 362 2541 α
406 2480 610 2566 (prius
638 2482 890 2546 ratione
922 2481 1045 2546 loci
1076 2482 1142 2545 in
1175 2500 1304 2566 quo
1341 2490 1673 2559 vacarent,
1713 2490 1870 2566 puta
1916 2483 1982 2546 in
2017 2483 2195 2548 curia
2229 2482 2547 2565 Romana3

327 2621 360 2655 α
391 2595 546 2663 dein
568 2599 818 2663 ratione
848 2615 1293 2680 personarum,
1321 2605 1482 2681 puta
1511 2599 1918 2664 familiarium
1937 2600 2162 2682 Papoe3
2186 2618 2262 2663 ac
2285 2597 2551 2663 demum

330 2738 362 2773 «
394 2715 647 2779 ratione
679 2714 1018 2797 temporie,
1059 2713 1307 2798 aliquot
1338 2732 1597 2779 meuses
1632 2714 1755 2779 sibi
1785 2712 2159 2797 servando),
2193 2714 2283 2779 ait
2321 2712 2550 2777 Cardi-

328 2850 362 2887 «
399 2828 559 2893 nalis
580 2826 667 2893 de
692 2829 890 2905 Luca,
934 2832 1009 2891 de
1046 2831 1386 2907 Beneficiis,
1427 2831 1494 2892 in
1527 2835 1798 2908 Summa,
1832 2849 1900 2893 n.
1937 2831 2044 2893 24.
2075 2854 2100 2887 n
2144 2828 2544 2916 (Leurenius‚

324 2948 542 3007 Forum
577 2946 940 3023 beneficiate,
971 2952 1160 3028 parte
1181 2947 1243 3022 2,
1285 2963 1349 3029 q.
1391 2943 1569 3028 526.)

412 3062 507 3125 Ex
537 3079 618 3126 eo
663 3079 825 3126 vero
862 3059 1041 3144 quod
1070 3060 1549 3127 recentioribus
1595 3060 1937 3126 dumtaxat
1965 3060 2216 3126 saeculis
2253 3061 2369 3125 illo
2402 3060 2550 3143 jure

321 3176 444 3241 sibi
497 3176 962 3242 beneficiorum
1018 3175 1440 3240 collationem
1482 3174 1863 3241 reservandi
1898 3194 2012 3240 usa
2043 3176 2128 3240 sit
2163 3173 2361 3240 Sedes
2390 3177 2551 3257 Apo-

322 3292 571 3369 stolica‚
602 3310 947 3376 perperam
981 3290 1492 3356 concluderetur
1521 3309 1602 3356 eo
1630 3291 1779 3375 jure
1809 3298 2000 3356 antea
2023 3292 2304 3356 caruisse
2327 3290 2551 3356 Roma-

321 3425 442 3471 nos
476 3404 854 3472 Pontifices.
906 3408 1059 3473 Esto
1114 3424 1348 3471 recens
1398 3406 1484 3471 sit
1531 3406 1912 3471 exercitium
1939 3404 2124 3489 juris,
2165 3423 2294 3468 non
2327 3410 2548 3469 tamen

317 3522 423 3606 jus
451 3523 686 3605 ipsum.
722 3523 1051 3588 Potuisset
1079 3521 1286 3588 Sedes
1320 3521 1709 3606 Apostolica‚
1743 3523 1958 3586 statim
2002 3541 2083 3585 ex
2127 3539 2258 3604 quo
2285 3539 2548 3604 coepere

321 3639 602 3704 existere
648 3638 985 3715 beneficia,
1039 3658 1116 3703 ea
1167 3639 1289 3704 sibi
1332 3656 1697 3704 reservare.
1734 3637 1814 3702 At
1845 3655 1995 3703 eum
2032 3655 2158 3702 non
2197 3636 2549 3720 expediant

321 3756 533 3820 omnia
570 3773 711 3839 quae
755 3756 980 3831 licent,
1019 3753 1497 3819 recentioribus
1526 3760 1782 3818 tantum
1818 3753 2064 3818 saeculis
2104 3758 2545 3835 opportunum

321 3869 662 3934 aestimavit
687 3868 883 3954 hujus
923 3869 1021 3935 sui
1048 3868 1212 3952 juris
1244 3869 1653 3933 exercitium.
1710 3866 1918 3952 Atque
1967 3867 2141 3933 idem
2185 3867 2403 3952 quoad
2442 3867 2549 3952 jus

322 3984 751 4050 confirmandi
803 3987 1175 4068 Episcop08‚
1221 3985 1474 4068 aliaque
1522 4004 1648 4049 non
1697 4002 1900 4065 pauca
1940 3983 2123 4049 Sedis
2166 3984 2544 4067 Apostolicae

318 4101 467 4185 jura
512 4099 873 4166 advertere
918 4109 1064 4166 est:
1119 4101 1200 4166 ab
1248 4101 1431 4165 initio
1477 4101 1726 4165 scilicet
1766 4107 1835 4165 et
1875 4119 1910 4164 a
1952 4100 2206 4166 Christo
2241 4102 2382 4183 ipso
2426 4102 2547 4166 ista

319 4214 487 4300 jura,
521 4218 821 4299 quamvis
845 4218 1095 4282 nonnisi
1124 4218 1328 4284 multa
1359 4225 1505 4300 post
1536 4217 1771 4282 saecula
1802 4219 2095 4283 exerceri
2128 4225 2362 4301 coepta.

412 4335 481 4396 3⁰
509 4332 682 4397 Solet
720 4338 942 4397 autem
985 4330 1265 4399 describi
1311 4334 1692 4413 reservatio,
1726 4356 1760 4390 «
1788 4333 2086 4399 beneficii
2133 4336 2428 4399 vacaturi
2463 4335 2548 4400 ad

329 4469 360 4504 «
398 4465 466 4511 se
496 4448 817 4524 avocatio,
858 4449 919 4509 vi
951 4447 1135 4531 cujus
1164 4450 1466 4514 nimirum
1500 4450 1783 4532 ligantur
1820 4467 2047 4513 manus
2081 4448 2221 4513 aliis
2250 4449 2549 4513 omnihus
