3146 4973
1207 371 1364 422 mus
1406 367 1667 420 muna.
2434 359 2549 422 351

420 497 537 563 ΙΙΙ.
582 501 715 563 Non
752 501 1084 579 requi-sm
1106 511 1428 561 concursura
1461 497 1701 579 quando
1729 493 2025 577 parochia
2049 503 2140 560 eet
2170 501 2331 579 juris
2355 506 2567 580 patro-

332 619 512 676 nam
540 614 705 676 laici.
741 648 830 661 —
866 611 1032 677 Satis
1065 609 1133 676 id
1156 619 1338 695 patet
1360 616 1429 676 et
1455 611 1598 695 ipso
1622 617 1813 675 textu
1843 628 2039 694 supra
2062 611 2437 696 transcripti
2460 631 2566 678 ca·-

330 723 487 809 pitis
519 729 600 793 18
622 727 923 793 sessionis
946 728 1027 791 24
1052 725 1450 792 Ttidentinae
1484 724 1745 810 synodi.
1775 721 1907 790 Sed
1923 732 2199 792 notetur
2220 724 2303 791 ab
2329 724 2562 793 eadem

330 839 584 924 synodo
617 841 884 925 requiri,
913 849 992 907 ut
1021 847 1450 924 praesentatus
1483 841 1893 906 examinetur
1919 859 1962 903 a
1988 843 2379 923 synodalibus
2418 853 2566 904 exa-

328 958 725 1019 minator-ibus
755 976 777 1018 :
807 979 840 1016 α
876 953 1067 1038 Quod
1102 957 1155 1020 si
1177 955 1287 1040 jus
1309 960 1696 1040 patronatus
1722 957 2038 1022 laicorum
2070 956 2293 1034 fuerit,
2325 955 2566 1023 debeat

334 1092 368 1130 α
403 1070 516 1155 qni
550 1089 589 1135 a
616 1079 893 1156 patrono
929 1077 1361 1154 praesentatus
1390 1071 1540 1148 erit,
1578 1071 1661 1137 ab
1693 1070 1939 1137 eisdem
1980 1070 2312 1154 deputatis
2346 1080 2422 1137 ut
2457 1091 2565 1137 su-

336 1207 367 1245 «
401 1202 522 1268 pra
549 1187 927 1264 examinari,
962 1193 1031 1252 et
1062 1186 1315 1252 nonnisi
1334 1186 1612 1252 idoneus
1639 1193 1943 1269 repertus
1978 1186 2181 1250 fuerit
2205 1186 2483 1252 admitti.
2525 1209 2559 1249 ι)

419 1301 481 1365 Si
507 1319 669 1367 vero
696 1302 998 1384 parochia
1031 1302 1114 1366 sit
1143 1300 1309 1385 juris
1335 1306 1718 1383 patronatus
1740 1302 2145 1379 ecclesiastici,
2175 1307 2429 1366 certum
2462 1309 2564 1367 est

327 1415 799 1482 observandam
818 1435 958 1482 esse
977 1433 1328 1481 concursus
1351 1414 1645 1479 formam.
1676 1413 1855 1478 Tunc
1888 1413 2139 1480 scilicet
2165 1420 2435 1480 tenetur
2452 1435 2564 1499 pa-

330 1539 558 1596 tronus
588 1539 982 1613 praesentare
1011 1548 1212 1594 unum
1243 1549 1326 1595 ex
1358 1525 1503 1606 illis,
1533 1529 1646 1613 qui
1674 1527 1758 1592 ab
1789 1530 2343 1596 examinatoribus
2377 1549 2564 1614 syno-

329 1643 586 1711 dalibus
626 1644 844 1712 idonei
892 1646 1143 1730 reperti
1198 1653 1381 1723 sunt,
1441 1651 1510 1709 et
1560 1643 1829 1728 quidem
1875 1664 2028 1710 eum
2073 1666 2154 1712 ex
2186 1646 2312 1712 illis
2366 1665 2562 1731 quem

328 1763 661 1841 &tonsorem
686 1760 1122 1842 existimabit3
1154 1766 1353 1844 prout
1390 1773 1703 1842 expresse
1735 1761 1804 1823 in
1828 1760 2026 1827 citato
2058 1763 2271 1845 capite
2323 1765 2401 1828 18
2431 1780 2566 1827 ses-

327 1877 521 1940 fionis
555 1878 635 1940 24
669 1875 1060 1941 Tridentinae
1097 1873 1333 1960 synodi
1358 1874 1832 1958 praescribitur.

414 1990 606 2073 Quod
636 1994 687 2057 si
720 1991 1024 2075 parochia
1070 1992 1154 2057 sit
1193 1989 1358 2075 juris
1396 1999 1779 2075 patronatus
1818 1998 2028 2068 mixti,
2071 1993 2163 2057 ita
2201 2001 2279 2059 ut
2327 2009 2562 2079 nempe

328 2107 469 2191 ejus
495 2108 753 2191 patroni
783 2107 891 2172 alii
925 2104 1339 2173 ecclesiastici
1386 2107 1536 2184 sint,
1587 2106 1863 2190 laicique
1905 2107 2039 2185 alii,
2079 2125 2162 2172 an
2193 2097 2564 2175 adhibenda

324 2223 410 2288 sit
437 2237 791 2288 concursus
834 2222 1064 2299 forma,
1101 2217 1522 2305 disputabant
1550 2220 1704 2286 olim
1736 2227 2043 2288 auctores
2092 2219 2270 2308 (vide
2317 2223 2562 2290 Leure·

326 2338 526 2416 nium,
572 2341 793 2402 Forum.
834 2338 1198 2416 beneficiale,
1241 2343 1430 2420 parte
1466 2340 1523 2414 1,
1563 2351 1630 2420 q.
1668 2337 1822 2413 206,
1864 2353 1931 2399 n.
1975 2334 2108 2420 11);
2146 2335 2265 2402 sed
2296 2338 2562 2403 conclu-

325 2449 615 2518 dendum
638 2453 960 2536 negative,
988 2457 1057 2518 et
1086 2453 1177 2517 ita
1207 2449 1498 2516 decisum
1533 2470 1571 2516 a
1609 2450 1803 2516 Sacra
1837 2450 2355 2535 congregatione
2387 2451 2561 2519 Con-

327 2566 475 2646 ciiii,
517 2565 671 2633 vide
707 2566 884 2651 apud
920 2564 1345 2633 Benedictum
1384 2566 1527 2630 xlv
1566 2565 1666 2652 (de
1714 2568 1954 2647 Quodn
2001 2569 2359 2648 dioeoesana,
2405 2568 2452 2633 1.
2496 2573 2554 2645 1,

327 2702 385 2748 c.
420 2687 484 2761 8,
513 2703 578 2750 n.
617 2682 709 2768 9).

414 2800 524 2865 IV.
562 2803 703 2868 Non
738 2799 1145 2866 adhibendus
1187 2818 1558 2877 concursu3‚
1609 2797 1867 2884 quando
1902 2799 2210 2882 parochia
2248 2802 2430 2867 unita
2458 2809 2562 2867 est

323 2922 644 2980 accessorio
679 2916 870 2982 alicui
907 2915 1313 2981 canonicatui
1356 2913 1465 2979 vel
1514 2912 1834 2996 dignitati,
1884 2915 2132 2979 etiamsi
2173 2932 2331 2978 cura
2370 2932 2559 2980 exer-

318 3039 552 3097 ceatur
570 3048 691 3115 per
713 3033 1084 3114 ipsummet,
1113 3029 1227 3114 qui
1251 3031 1700 3093 canonicatum
1720 3028 1828 3093 vel
1850 3027 2230 3111 dignitatem
2254 3029 2507 3096 obtinet
2538 3052 2552 3094 ε

320 3162 514 3211 secus
531 3148 585 3211 si
605 3145 905 3229 parochia
926 3147 1106 3211 unita
1126 3145 1210 3209 sit
1234 3163 1396 3224 mque
1409 3146 1859 3225 principaliter.
1904 3145 2002 3208 De
2036 3160 2167 3226 quo
2200 3142 2353 3209 vide
2387 3144 2561 3209 Leu-

320 3262 580 3327 renium
622 3262 792 3347 (loco
823 3262 1042 3337 citato,
1081 3279 1147 3325 n.
1186 3256 1275 3342 7).

416 3376 495 3444 V.
539 3379 678 3443 Non
701 3375 1108 3442 adhibendus
1144 3393 1500 3441 concursus
1524 3375 1594 3439 in
1620 3373 1946 3458 parochiis
1981 3372 2408 3457 regularibus,
2440 3392 2558 3442 sen

321 3513 468 3579 qnae
502 3493 837 3578 religiosos
862 3511 983 3576 pro
1015 3491 1312 3575 parochis
1341 3490 1587 3557 habere
1619 3496 2126 3555 consueverunt.
2168 3488 2357 3574 (Vide
2391 3489 2560 3555 Leu-

322 3611 603 3687 renium‚
637 3611 785 3674 loco
810 3610 1027 3687 citato,
1064 3628 1131 3672 n.
1174 3606 1306 3691 13.)

416 3725 524 3789 VI.
562 3724 704 3789 Non
734 3721 1146 3790 adhibendus
1184 3738 1537 3787 concursus
1572 3721 1639 3784 in
1668 3718 2094 3805 sequentibus
2140 3719 2395 3785 casibus
2436 3741 2448 3785 :
2489 3720 2561 3785 sn·

323 3844 475 3905 adeo
514 3845 724 3922 ext-iqui
775 3842 1048 3904 redditus
1085 3841 1264 3903 dictoe
1298 3838 1680 3919 parochiales
1724 3838 1977 3915 fuerint,
2032 3842 2103 3898 ut
2152 3840 2336 3898 totius
2382 3837 2563 3918 hujus

320 3961 626 4019 examinis
651 3974 891 4038 operam
923 3975 1043 4018 non
1071 3956 1319 4034 serant,·
1358 3959 1467 4016 aut
1494 3970 1664 4014 nemo
1692 3956 1776 4015 sit
1811 3955 1917 4031 qui
1937 3968 2001 4011 se
2031 3954 2305 4012 examini
2325 3960 2558 4030 quoerat

324 4076 655 4152 subjicere‚·
700 4079 809 4135 aut
856 4073 929 4135 ob
968 4077 1214 4153 apertas
1263 4071 1552 4149 sactiones
1594 4085 1697 4130 scu
1741 4067 2004 4129 dissidia
2040 4066 2221 4145 facile
2254 4070 2562 4145 qraviores

326 4194 484 4251 ⁷⁴oeoe
507 4196 568 4252 et
616 4190 908 4252 tumultus
937 4192 1174 4270 possint
1202 4190 1483 4249 excitari.
1530 4182 1695 4246 Sunt
1727 4181 2004 4263 ipsamet
2049 4178 2416 4245 Tridentini
2449 4178 2561 4247 de·

323 4306 490 4371 creti
526 4304 728 4371 verba
766 4306 943 4391 (sess,
978 4304 1087 4381 24,
1131 4321 1190 4368 c.
1230 4299 1361 4385 18).
1416 4299 1672 4366 Poterit
1717 4304 1878 4361 tunc
1915 4293 2320 4372 ordinarius,
2363 4303 2420 4360 si
2443 4316 2562 4379 pro

326 4443 434 4486 sua
479 4427 837 4485 conscientia
878 4438 1009 4483 cum
1063 4422 1483 4500 deputatorum
1528 4417 1777 4479 consilio
1820 4421 1912 4475 ita
1964 4415 2249 4491 expedire
2296 4412 2563 4475 arbitra-
