3146 4973
598 387 727 451 428
1284 395 1661 445 munros
1704 395 1795 443 ns
1836 392 2165 442 rnocuo.

682 523 754 587 4⁰
790 522 1048 588 Iterum
1102 519 1595 604 distinguuntur
1643 516 2081 603 coadjutores,
2127 517 2195 581 in
2257 520 2633 600 temporales,
2691 518 2831 582 sive

590 636 836 722 absque
866 636 1091 703 futura
1118 635 1548 714 successione,
1580 642 1648 702 et
1661 641 1983 718 perpetuos
2006 652 2126 699 seu
2153 651 2303 698 cum
2334 633 2562 700 futura
2583 651 2832 698 succes·

592 769 796 818 sione.

1505 1032 1774 1099 CAPUT
1819 1033 1902 1096 11.

756 1268 995 1332 QUIBUS
1039 1270 1124 1317 Ex
1160 1269 1382 1321 CAUSIS
1427 1268 1735 1322 PAROGHO
1787 1274 1944 1322 mim
1989 1272 2208 1323 Possm·
2258 1273 2661 1322 comm‘ron.

679 1537 1078 1604 Paorosmo
1106 1538 1185 1603 1·.
1220 1572 1310 1587 -—
1340 1544 1569 1623 Μαφια
1604 1546 1814 1626 populi
1860 1543 2188 1608 multitudo
2221 1560 2343 1607 uon
2384 1548 2474 1604 est
2515 1559 2698 1603 causa
2741 1542 2829 1603 le-

592 1656 835 1735 qieima,
874 1654 947 1715 ob
966 1672 1145 1734 quam
1184 1656 1450 1736 parocho
1493 1660 1636 1722 dari
1682 1665 1876 1740 possit
1910 1661 2244 1741 coadjutor.
2275 1692 2366 1705 —-
2394 1652 2476 1720 Id
2503 1654 2830 1720 evincitur

603 1770 667 1832 1⁰
692 1775 1080 1851 argumento
1135 1770 1441 1853 negativo
1486 1790 1502 1835 :
1545 1791 1630 1838 ex
1665 1792 1747 1839 eo
1795 1772 1973 1859 quod
2012 1771 2260 1838 scilicet
2292 1769 2522 1836 nullibi
2573 1770 2641 1833 in
2678 1767 2830 1852 jure

594 1901 788 1950 causa
817 1883 952 1950 hoec
983 1883 1363 1968 designetur
1395 1894 1708 1973 tanquam
1745 1887 2088 1966 sufficiens,
2116 1885 2201 1954 ad
2223 1883 2540 1971 ejusmodi
2563 1882 2831 1970 coadju-

594 2006 809 2067 torem
840 2000 1389 2069 constituendum.

679 2115 1021 2181 Evincitur
1067 2120 1136 2181 2⁰
1187 2126 1578 2201 argumento
1640 2119 1917 2202 positivo
1957 2137 1971 2181 :
2007 2136 2244 2201 nempe
2290 2136 2373 2182 ex
2407 2135 2488 2183 eo
2532 2112 2711 2199 quod
2755 2114 2828 2180 in

589 2229 712 2296 hoc
760 2248 914 2296 casu
964 2230 1072 2317 jus
1133 2233 1262 2300 alio
1309 2232 1603 2301 remedio
1653 2232 1975 2301 utendum
2025 2232 2512 2317 praescripserit.
2563 2230 2826 2296 Etenim

587 2343 1037 2414 'tridentinum
1083 2348 1430 2416 concilium
1475 2350 1658 2436 (sess,
1692 2352 1802 2427 21,
1855 2369 1916 2416 c.
1959 2345 2025 2432 4)
2077 2350 2169 2415 sic
2217 2347 2568 2414 decernit:
2606 2369 2639 2407 α
2674 2345 2828 2430 Epi-

596 2483 630 2521 «
665 2464 864 2547 scopi,
900 2464 1098 2530 etiam
1119 2469 1425 2551 tanquam
1472 2464 1857 2549 Apostolicae
1889 2464 2072 2531 Sedis
2095 2463 2402 2549 delegati,
2428 2463 2497 2528 in
2524 2462 2825 2529 omnihus

597 2602 630 2641 α
666 2579 953 2646 ecclesiis
1004 2580 1485 2664 parochialibus
1521 2581 1632 2648 vel
1670 2581 2181 2666 baptismalibus,
2231 2581 2298 2646 in
2334 2579 2572 2665 quihus
2623 2597 2827 2664 popu-

596 2716 631 2755 «
665 2695 769 2760 lus
810 2696 904 2762 ita
931 2714 1324 2763 numerosus
1374 2697 1481 2776 sit,
1532 2704 1610 2765 ut
1663 2716 1832 2763 unus
1883 2703 2107 2763 rector
2136 2716 2267 2763 non
2302 2696 2506 2779 poam
2529 2693 2825 2779 sufficere

598 2833 630 2871 α
659 2810 1107 2877 ecclesiasticis
1176 2814 1597 2879 sacramentis
1658 2811 2098 2879 ministrandis
2113 2860 2129 2890 ‚
2196 2819 2267 2877 et
2330 2811 2537 2876 cultui
2602 2809 2824 2877 divino

595 2946 627 2987 «
664 2925 1061 3009 peragendo,
1101 2936 1340 3012 cogant
1369 2936 1665 2996 rectores
1701 2930 1810 2995 vel
1852 2929 2012 2995 alios
2043 2927 2128 2996 ad
2163 2947 2327 3014 quos
2353 2926 2664 3011 pertinet,
2697 2925 2823 2991 sibi

597 3063 631 3103 ε(
662 3047 765 3107 tot
789 3040 1169 3108 sacerdotes
1200 3041 1283 3108 ad
1328 3043 1449 3110 hoc
1482 3060 1717 3112 munus
1752 3043 2135 3130 adjungere,
2179 3051 2339 3128 quot
2393 3041 2709 3108 sufficiant
2738 3040 2826 3108 ad

595 3179 628 3218 α
668 3165 1081 3224 sacramenta
1110 3156 1507 3237 exhibenda,
1542 3167 1613 3226 et
1649 3160 1898 3226 cultum
1930 3158 2223 3225 divinum
2256 3156 2746 3225 celebrandum.
2785 3180 2818 3218 a

592 3274 760 3358 Ergo
787 3274 857 3339 in
886 3271 1063 3341 dicto
1092 3293 1248 3340 casu
1282 3293 1410 3340 non
1447 3275 1652 3342 debet
1687 3276 2041 3359 Episcopus
2067 3272 2511 3358 coadjutorem
2537 3274 2822 3358 parocho

591 3387 784 3475 dare3
833 3388 956 3456 sed
998 3407 1152 3456 eum
1202 3409 1438 3475 cogere
1483 3397 1560 3457 ut
1609 3393 1747 3474 ipse
1794 3390 1917 3456 sibi
1963 3388 2388 3457 sufficientem
2429 3389 2819 3456 vicariorum

592 3524 938 3572 numerum
987 3513 1290 3572 assumat.
1338 3507 1465 3588 Qui
1503 3514 1725 3574 tamen
1791 3505 2040 3583 vicarii,
2090 3512 2167 3573 ut
2219 3504 2372 3572 alibi
2423 3503 2813 3589 disponitur,

592 3619 937 3705 approbari
976 3619 1227 3687 dehent
1250 3620 1335 3687 ab
1366 3621 1707 3706 Episcopo.

684 3736 1017 3803 Evincitur
1046 3740 1117 3803 3⁰
1159 3756 1242 3802 ex
1275 3737 1605 3803 communi
1662 3733 2006 3804 doctorum
2041 3738 2365 3804 sententia
2400 3758 2415 3804 ε
2449 3739 2623 3803 inter
2661 3754 2824 3821 quos

594 3853 686 3918 sic
710 3853 1074 3920 Leurenius
1107 3853 1355 3941 (Forum
1376 3854 1741 3932 beneficiola,
1771 3862 1959 3939 parte
1993 3856 2052 3932 l,
2081 3871 2146 3939 q.
2179 3854 2326 3931 154,
2359 3872 2425 3918 n.
2463 3850 2528 3939 4)
2569 3875 2583 3921 ε
2623 3876 2657 3915 α
2697 3852 2825 3919 Ubi

593 3991 626 4030 α
668 3971 735 4035 in
756 3969 1049 4037 ecclesiis
1079 3970 1576 4056 parochialibus,
1612 3971 1722 4037 vel
1757 3971 1955 4037 etiam
1999 3969 2506 4055 baptismalibus,
2544 3970 2827 4055 populus

600 4107 635 4147 κ
666 4087 758 4152 ita
784 4084 862 4152 fit
896 4104 1310 4167 numerosus,
1345 4096 1423 4154 ut
1449 4106 1621 4155 unus
1664 4093 1884 4155 rector
1910 4105 2042 4153 non
2064 4088 2264 4171 possit
2292 4085 2589 4155 sufficere
2619 4087 2832 4153 eccle·

598 4222 635 4261 «
668 4203 941 4269 siasticis
963 4203 1384 4270 sacramentis
1416 4202 1875 4281 ministrandis,
1918 4203 2028 4270 vel
2055 4202 2351 4287 pluribus
2377 4201 2651 4269 infirmis
2678 4221 2830 4286 pro-

602 4341 636 4381 «
673 4315 998 4395 videndi8‚
1034 4325 1103 4382 et
1132 4315 1353 4383 divino
1397 4320 1605 4388 cultui
1654 4318 2053 4405 peragendO,
2107 4338 2238 4386 non
2287 4327 2387 4385 est
2432 4337 2626 4385 causa
2665 4316 2831 4383 suffi-

603 4456 635 4495 «
670 4433 847 4500 ciens
870 4429 1212 4499 dividendi
1243 4434 1640 4519 parochiam,
1675 4444 1791 4505 aut
1827 4432 2266 4502 constituendi
2289 4435 2480 4505 aliam
2501 4450 2650 4501 cum
2671 4452 2830 4518 prae-
