3146 4973
1219 366 1374 412 rans
1419 367 1708 426 Quan‘rs.
2449 356 2578 419 505

439 514 469 548 α
516 494 576 553 10
609 490 707 554 An
739 491 1312 556 confraternitates
1343 490 1676 566 laicorum,
1698 489 1987 573 legitime
2018 497 2257 556 erectae
2285 493 2353 557 in
2382 494 2588 560 eccle-

347 629 378 663 «
416 606 524 669 siis
566 605 1062 688 parochialibus,
1095 605 1375 669 habeant
1416 602 1929 687 dependentium
1968 625 2009 670 a
2049 607 2332 689 parocho
2367 608 2435 673 in
2477 630 2587 677 cx·

345 743 378 781 α
415 718 669 803 plendis
705 720 1154 785 functionibus
1198 721 1645 785 ecclesiasticis
1682 739 1811 786 non
1847 721 2374 804 parochialibus?

437 861 468 896 α
499 840 567 901 20
600 838 695 902 An
727 836 917 902 dictae
959 837 1540 903 confraternitates
1581 845 1817 902 erectae
1854 841 1920 903 in
1952 839 2268 921 cappellis
2300 841 2409 906 vel
2437 858 2583 907 ora-

347 975 377 1011 «
413 953 614 1028 toriis,
661 959 794 1016 tam
837 953 1117 1035 publicis
1168 971 1363 1036 quam
1420 954 1689 1035 privatis
1713 1000 1730 1030 ,
1781 951 2052 1019 adnexis
2107 955 2586 1037 parochialibus

343 1091 380 1127 ιι
415 1068 708 1134 ecclesiis
738 1077 810 1134 et
860 1068 944 1133 ab
1000 1070 1094 1133 eis
1125 1066 1693 1150 dependentibu8‚
1740 1069 2028 1135 habeant
2068 1067 2311 1136 dictam
2341 1068 2585 1155 depen-

346 1207 379 1245 «
413 1182 701 1249 dentiam
738 1204 775 1249 a
825 1183 1112 1266 parocho
1147 1181 1365 1270 quoad
1408 1184 1620 1250 dictas
1653 1185 2025 1251 functiones
2045 1186 2078 1250 Τ

436 1304 565 1365 «3⁰
607 1300 705 1364 An
757 1299 1330 1366 confraternitates
1378 1309 1613 1365 erectae
1662 1302 1728 1364 in
1774 1301 1911 1367 aliis
1961 1301 2251 1366 ecclesiis
2301 1301 2583 1384 publicis

347 1444 374 1471 u
424 1414 704 1479 habeant
756 1414 972 1499 quoad
1025 1413 1287 1480 easdem
1336 1415 1706 1480 functiones
1748 1415 2029 1499 aliquam
2075 1412 2582 1497 dependentiam

346 1553 378 1591 α
414 1550 451 1594 a
501 1530 805 1614 parocho,
851 1530 1019 1594 intra
1072 1528 1261 1614 cnjus
1317 1530 1635 1614 parochias
1688 1530 1922 1595 limites
1976 1531 2115 1596 sitae
2172 1537 2326 1595 sunt
2375 1529 2585 1596 eccle-

348 1668 381 1706 «
418 1646 521 1709 Siae
544 1648 578 1710 ⁶?

439 1778 469 1814 α
506 1758 574 1819 40
601 1758 692 1822 An
734 1755 1316 1821 confraternitates
1364 1761 1607 1821 erectae
1665 1758 1728 1819 in
1772 1756 2072 1822 oratoriis
2122 1763 2260 1821 tum
2309 1755 2584 1839 publicis

349 1894 382 1931 «
419 1882 552 1936 tum
599 1874 896 1956 privatis,
957 1873 1270 1958 sejunctis
1322 1874 1404 1938 ab
1462 1873 1756 1937 ecclesiis
1804 1870 2313 1955 parochialibuS‚
2365 1872 2583 1957 quoad

351 2009 384 2046 «
414 1986 622 2052 dictas
659 1987 1033 2054 functiones
1073 1989 1539 2055 ecclesiasticas
1590 1987 1873 2054 habeant
1914 1987 2157 2054 dictam
2198 1986 2582 2072 dependen-

349 2125 385 2162 α
422 2105 579 2168 tiam
597 2122 637 2167 a
658 2105 997 2189 parocho?

439 2242 470 2277 «
514 2224 580 2283 5⁰
612 2222 707 2285 An
749 2220 1236 2286 benedictiones
1279 2227 1350 2285 et
1390 2221 1886 2285 distributiones
1927 2217 2370 2296 candelarum,
2408 2221 2588 2286 cine·

351 2356 382 2391 c«
419 2352 563 2397 rum
600 2343 669 2399 et
702 2337 1065 2418 palmarum
1098 2338 1225 2400 sint
1260 2335 1346 2400 de
1379 2334 1637 2420 juribus
1666 2353 1846 2400 mere
1878 2332 2402 2416 parochialibus?

438 2473 470 2509 «
509 2453 580 2516 6⁰
605 2450 701 2516 An
741 2450 1233 2518 benedictiones
1261 2451 1610 2517 mulierum
1649 2457 1799 2534 post
1825 2456 2108 2533 partum,
2142 2448 2340 2516 fontis
2369 2449 2583 2535 bapti-

353 2591 380 2624 z-
416 2567 652 2644 amalis,
688 2569 875 2650 ignis,
915 2569 1198 2645 seminis,
1245 2587 1521 2634 ovorum
1569 2576 1639 2634 et
1685 2567 1985 2632 similium
2024 2568 2154 2632 sint
2200 2566 2290 2632 de
2327 2564 2585 2650 juribus

349 2707 381 2743 «
417 2702 597 2748 mere
627 2684 1148 2766 parochialibus?

441 2821 474 2858 «
513 2804 580 2863 7⁰
619 2798 716 2863 An
748 2797 1117 2865 functiones
1149 2819 1377 2865 omnes
1410 2797 1838 2866 hebdomadae
1874 2807 2108 2865 sanctae
2155 2799 2287 2864 sint
2323 2796 2411 2864 de
2429 2797 2586 2883 juri-

352 2937 386 2975 «
417 2915 541 2980 bus
569 2932 752 2980 mere
790 2914 1270 2998 parochialibus
1289 2917 1323 2979 ⁶?

441 3054 473 3088 a
509 3035 578 3097 8⁰
616 3030 713 3094 An
742 3030 1103 3095 celebratio
1137 3030 1342 3095 missae
1398 3030 1705 3095 solemnis
1732 3030 1896 3097 feria
1930 3032 1983 3095 V
2020 3030 2086 3093 in
2111 3046 2296 3095 coena
2326 3031 2588 3096 Domini

365 3169 395 3204 α
431 3146 513 3209 sit
538 3144 620 3211 de
651 3144 840 3209 dictis
866 3144 1128 3229 juribus
1156 3144 1673 3230 parochialibus?

317 3298 322 3305 ·
442 3285 473 3320 «
511 3267 580 3327 9⁰
625 3261 722 3324 An
766 3260 974 3343 prima
1011 3261 1292 3344 pulsatio
1336 3278 1801 3344 campanarum
1833 3261 1901 3324 in
1949 3258 2220 3326 sabbato
2247 3269 2475 3326 sancto
2502 3265 2584 3328 sit

352 3401 383 3436 «
416 3376 501 3441 de
534 3377 1002 3462 dictisJ'uribus
1037 3376 1559 3461 parochialibus?

440 3515 470 3550 c<
514 3494 621 3555 10⁰
662 3493 760 3556 An
788 3492 1161 3578 ‚celebratio
1202 3494 1540 3557 missarum
1580 3492 1968 3556 solemnium
2000 3509 2122 3574 per
2150 3511 2413 3569 annum,
2450 3495 2585 3560 sive

348 3627 379 3663 α
421 3624 538 3688 pro
570 3608 758 3685 viviS‚
795 3608 933 3673 sive
974 3625 1093 3689 pro
1124 3605 1480 3685 defunctis,
1514 3611 1599 3673 sit
1631 3606 1717 3673 de
1754 3606 1944 3673 dictis
1962 3606 2220 3691 juribus
2258 3609 2586 3692 parocbia-

352 3744 384 3780 «
415 3720 587 3786 libus
609 3722 643 3786 ’ἶ

439 3856 468 3892 «
516 3835 623 3896 11⁰
652 3833 749 3898 An
782 3834 1101 3917 expositio
1131 3833 1560 3918 quadraginta
1590 3837 1921 3914 horarum,
1945 3844 2017 3901 et
2042 3834 2420 3905 benedictio
2439 3857 2581 3923 quae

350 3972 380 4008 «
419 3949 496 4014 fit
520 3968 722 4033 super
754 3950 1002 4034 populo
1035 3951 1116 4015 sit
1143 3949 1228 4015 de
1259 3950 1451 4017 dictis
1470 3951 1729 4037 juribus
1757 3970 1936 4018 mere
1962 3951 2482 4034 parochialibus?

440 4088 470 4123 «
514 4062 626 4128 12⁰
658 4065 754 4128 An
793 4066 1113 4146 expositio
1166 4086 1308 4150 quae
1351 4066 1428 4132 fit
1459 4086 1611 4132 cum
1643 4068 1931 4152 reliquiis
1960 4075 2031 4133 et
2063 4069 2263 4133 sacris
2299 4068 2584 4153 imagini·

354 4199 385 4234 «
413 4176 558 4253 bus,
588 4186 656 4243 et
687 4178 1063 4244 benedictio
1089 4199 1233 4265 quoe
1269 4203 1415 4248 cum
1442 4186 1535 4249 eis
1559 4184 1640 4249 fit
1664 4203 1865 4269 super
1890 4185 2153 4269 populo,
2178 4186 2262 4251 sit
2281 4183 2367 4251 dc
2388 4184 2582 4251 dictis

354 4313 385 4349 α
418 4289 680 4374 juribus
707 4293 1204 4374 parochialibus.

448 4432 472 4463 α
514 4410 619 4472 130
658 4410 750 4473 An
781 4410 1146 4476 functiones
1173 4416 1238 4478 in
1272 4415 1792 4498 praecedentibus
1822 4423 1972 4482 octo
2002 4417 2237 4494 dubiis,
2278 4418 2578 4481 videlicet
