3146 4973
1236 396 1392 445 rans
1436 397 1704 458 Quian.
2464 383 2583 449 601

364 520 628 598 eiendae,
660 520 930 588 adnotat
960 520 1204 587 ibidem
1232 520 1520 588 Giraldi:
1558 543 1592 582 «
1625 523 1717 587 Ex
1749 541 2061 607 responso
2091 523 2297 589 Sacrae
2322 523 2600 609 Congre-

370 660 402 698 «
438 638 711 722 gationis
739 638 1003 703 Concilii
1025 637 1110 704 ad
1138 640 1526 723 Episcopum
1553 638 1982 718 Melitensem,
2011 658 2142 705 non
2192 658 2356 725 opus
2387 648 2488 706 est
2521 648 2599 706 ut

370 777 400 812 «
438 754 518 816 sit
547 753 868 837 perpolita
900 761 969 819 et
1006 753 1360 832 elaborata,
1381 753 1467 819 ad
1495 755 1772 821 formam
1795 773 1923 839 qua
1952 756 2379 822 communiter
2408 764 2598 821 utun-

370 895 402 933 «
434 878 545 936 tur
571 871 1088 955 concionatores;
1129 871 1246 937 sed
1274 878 1427 936 satis
1456 880 1548 935 est
1585 872 1757 957 (sunt
1790 872 1994 938 verba
2040 874 2352 957 responsi,
2388 880 2457 938 ul
2485 871 2597 938 ha·

370 1009 402 1046 «
435 987 632 1051 betur
661 985 830 1051 libro
860 989 900 1051 6
932 984 1350 1052 decretorum
1388 989 1593 1052 Sacrae
1625 988 2170 1072 congregationiS,
2200 989 2429 1072 pagina
2470 991 2593 1055 109

371 1127 403 1164 «
436 1110 503 1168 et
533 1099 697 1186 seq.)
728 1109 797 1165 ut
818 1104 1093 1184 parochi,
1125 1110 1239 1166 etsi
1269 1107 1611 1183 formaliter
1642 1125 1760 1168 non
1788 1108 2142 1187 praedicent,
2179 1108 2389 1168 saltem
2413 1108 2600 1169 domi-

371 1242 403 1278 «
437 1223 591 1282 nicia
616 1225 673 1281 et
698 1221 871 1297 sestis
906 1220 1116 1282 diebus
1127 1220 1331 1300 plebes
1366 1221 1483 1280 sibi
1513 1225 1881 1296 commissas,
1906 1240 2024 1301 pro
2044 1240 2154 1283 sua
2178 1227 2235 1283 et
2263 1239 2467 1282 earum
2497 1240 2596 1283 ca-

370 1357 400 1392 «
426 1339 717 1415 pacitate,
759 1339 1012 1412 pascant
1032 1335 1403 1396 salutaribus
1436 1337 1654 1398 verbis.
1689 1357 1720 1394 u

462 1451 562 1511 10.
618 1449 732 1514 Est
784 1447 1103 1512 sententia
1153 1448 1589 1513 communiter
1630 1458 1922 1534 recepta,
1976 1450 2266 1534 graviter
2321 1466 2595 1532 peccare

363 1562 735 1649 parochum,
773 1562 883 1647 qui
910 1562 1045 1627 sive
1077 1583 1186 1643 per
1214 1583 1397 1627 venum
1445 1585 1701 1628 mensem
1739 1572 2107 1641 continuum,
2148 1565 2286 1628 sive
2318 1583 2429 1644 per
2478 1572 2598 1628 tres

363 1701 586 1745 menses
613 1699 733 1743 non
756 1683 1088 1759 continuos,
1125 1698 1246 1744 uec
1269 1698 1390 1762 per
1415 1699 1507 1756 se,
1545 1700 1668 1746 nec
1705 1699 1828 1764 per
1857 1682 2014 1748 alios
2042 1679 2373 1764 proedicat.
2408 1677 2596 1765 (Vide

365 1804 657 1861 sanctum
687 1795 1031 1880 Ligorium,
1053 1794 1099 1859 l.
1133 1795 1197 1872 4,
1229 1815 1293 1858 n.
1332 1797 1460 1863 269
1487 1802 1555 1861 et
1579 1799 1745 1880 2703
1781 1803 1851 1861 et
1877 1797 2150 1872 Scavini‚
2180 1803 2339 1862 tom.
2375 1799 2433 1872 1,
2470 1801 2601 1859 tra-

362 1917 542 1977 ctatu
604 1914 665 1989 3,
713 1909 954 1993 disput.
1029 1914 1086 1988 l,
1136 1929 1278 1996 cap.
1319 1913 1382 1988 2,
1426 1919 1552 1976 art.
1611 1913 1674 1990 2,
1711 1933 1777 1976 u.
1827 1909 1917 1995 5.)
1954 1912 2114 1977 Hinc
2158 1911 2475 1995 sequitur,
2522 1910 2598 1975 iis

362 2027 560 2092 etiam
606 2025 862 2093 duobus
911 2026 1261 2104 mensibus,
1301 2025 1537 2110 quibus
1586 2027 1884 2111 parochis
1926 2029 2082 2092 licet
2124 2026 2351 2092 abesse
2403 2045 2441 2092 a
2486 2043 2597 2109 pa·

361 2141 599 2221 rochia,
648 2141 860 2207 teneri
915 2159 1027 2207 eos
1074 2160 1454 2226 procurare,
1499 2151 1576 2209 ut
1625 2143 2101 2228 praedicationis
2145 2141 2421 2209 officium
2466 2159 2597 2206 nou

359 2260 897 2341 interrumpatur.

457 2375 560 2436 11.
610 2370 840 2453 Quoad
883 2369 1337 2455 obligationem
1385 2373 1678 2456 parochi,
1722 2393 1961 2459 pueros
2013 2373 2373 2441 doctrinam
2424 2371 2596 2438 chri-

366 2488 635 2553 stianam
673 2486 1020 2567 edocendi,
1060 2486 1358 2554 decrevit
1392 2488 1771 2556 Tridentina
1814 2489 2104 2576 synodus
2138 2490 2206 2555 in
2249 2490 2420 2555 hunc
2457 2509 2594 2557 mo-

368 2603 524 2669 dum
563 2626 578 2669 1
614 2606 806 2668 Iidem
842 2602 929 2690 (Ι)
962 2609 1167 2683 etiam,
1212 2609 1425 2669 saltem
1470 2608 1788 2670 dominicis
1823 2616 1881 2669 et
1907 2609 2053 2669 aliis
2092 2609 2330 2686 festivis
2356 2608 2585 2681 diebus,

363 2741 577 2802 pueros
616 2726 682 2782 in
717 2722 977 2800 sinqulis
1023 2721 1332 2802 parochiis
1374 2720 1522 2798 fidei
1553 2725 1897 2787 rudimenta
1934 2730 1993 2787 et
2027 2724 2420 2786 obedientiam
2449 2741 2593 2801 erqa

369 2839 554 2899 Deum
572 2842 630 2898 et
658 2842 960 2917 parentes,
996 2838 1322 2917 diliqenter
1354 2838 1429 2899 ab
1460 2841 1540 2899 iis
1560 2839 1646 2900 ad
1674 2857 1819 2918 quos
1851 2839 2159 2919 spectabit,
2189 2839 2389 2900 doceri
2417 2856 2594 2899 cura-

365 2953 551 3031 bunt;
576 2958 655 3029 et,
693 2957 748 3013 si
777 2971 923 3033 opus
948 2957 1053 3028 sit,
1083 2958 1265 3015 etiam
1291 2971 1399 3033 per
1431 2970 1713 3015 censuras
1748 2954 2173 3015 ecclesiasticas
2198 2954 2589 3033 compellent:

363 3086 481 3130 non
531 3068 903 3129 obstantibus
953 3070 1300 3150 privileqiis
1352 3076 1410 3131 et
1456 3070 1982 3132 consuetudinibus
2027 3066 2202 3153 (sess.
2254 3067 2361 3144 24,
2414 3085 2474 3130 c.
2519 3067 2582 3130 4.

363 3186 439 3247 de
467 3180 654 3264 Res).
692 3180 885 3263 Quod
930 3190 1149 3248 autem
1202 3182 1283 3248 ad
1335 3183 1654 3267 parochos
1704 3183 2031 3267 praecipue
2068 3188 2323 3265 spectet
2354 3198 2594 3265 pueros

364 3296 735 3363 rudimenta
758 3296 916 3364 fidei
941 3296 1242 3376 edocere,
1271 3300 1565 3383 sequitur
1588 3318 1670 3364 ex
1694 3298 1893 3364 citato
1917 3296 2297 3363 Tfidentino
2319 3296 2592 3362 decreto

369 3414 545 3498 (sess,
597 3417 656 3491 5,
699 3432 755 3478 c.
802 3411 892 3495 2).

460 3526 713 3593 «Unde
756 3525 840 3592 ad
886 3526 1162 3592 officium
1212 3526 1478 3610 parochi
1538 3530 1825 3612 pertinet
1881 3527 2302 3611 parochianos
2335 3544 2486 3591 suos
2528 3522 2594 3591 in

368 3667 400 3704 «
439 3642 750 3727 praedicta
781 3642 1080 3709 doctrina
1112 3644 1455 3710 christiana
1485 3644 1753 3711 erudire
1782 3665 1796 3728 ;
1831 3650 1899 3710 et
1930 3643 2020 3710 sic
2050 3642 2413 3711 mortaliter
2442 3659 2590 3724 pec-

371 3784 403 3821 «
440 3759 612 3825 cabit
649 3759 989 3842 parochm,
1039 3759 1152 3845 qui
1198 3760 1466 3825 nimium
1513 3762 1847 3845 negligens
1884 3760 2091 3826 fuerit
2128 3761 2189 3824 in
2222 3746 2589 3843 hujusmodi

370 3902 399 3937 α
441 3875 736 3942 doctrina
772 3875 1118 3941 christiana
1155 3875 1517 3944 edocenda.
1548 3900 1578 3937 »
1618 3876 1943 3961 (Bai-bosa,
1967 3880 2042 3941 dc
2073 3876 2286 3955 Officio
2306 3877 2582 3958 paroc-hi,

366 4013 514 4059 cum
550 3996 1000 4058 Additamentis
1040 3992 1311 4070 Giraldi,
1347 4001 1536 4076 parte
1580 3996 1634 4071 ί,
1673 4012 1730 4057 c.
1774 3995 1876 4070 15,
1911 4010 1978 4056 n.
2022 3988 2115 4074 2.)

451 4109 642 4190 Quod
667 4118 911 4187 autem,
945 4109 1117 4195 justa
1147 4109 1229 4176 de
1259 4128 1474 4186 causa,
1508 4109 1706 4191 possit
1748 4107 2069 4193 parochus
2100 4123 2219 4191 per
2254 4106 2411 4171 alios
2452 4104 2590 4171 ido-

363 4243 522 4289 neos
569 4223 718 4289 huic
774 4224 1152 4309 obligationi
1194 4225 1597 4302 satisfacere,
1634 4224 1987 4291 admittunt
2026 4223 2353 4303 doctores,
2387 4228 2454 4287 et
2492 4229 2590 4287 est

362 4338 831 4405 consuetudine
863 4347 1226 4425 receptum.

431 4472 504 4533 (Ι)
541 4473 712 4536 Nempe
741 4473 979 4536 Episcopi.
1107 4542 1114 4549 ι
