3146 4973
654 460 780 523 292
977 474 986 482 ·
1332 478 1708 524 rnAcTA'rus
1757 478 1841 523 nu
1889 476 2214 523 maocno.

655 620 688 656 a
724 598 943 682 phino,
980 607 1051 664 et
1086 596 1408 665 decisione
1453 602 1605 678 222,
1645 620 1712 666 n.
1759 604 1819 677 5,
1859 606 2044 682 parte
2083 603 2148 674 9,
2199 603 2613 662 recentiorum.
2651 597 2878 684 Sicque

654 738 687 775 α
721 715 916 780 etiam
975 713 1269 782 decrevit
1330 717 1521 782 Sacra
1589 716 2016 801 congregatio
2088 714 2355 780 Concilii
2374 763 2391 793 ‚
2465 716 2551 779 20
2613 733 2880 781 novem-

654 852 686 889 «
718 828 855 893 bris
901 832 1069 896 1600
1090 880 1106 908 ,
1160 830 1257 896 his
1308 831 1527 897 verbis
1577 854 1591 897 ε
1645 835 2042 913 Conqreqatio
2086 835 2347 910 censuit,
2403 833 2762 913 Episcopum
2809 836 2877 893 in

652 970 684 1002 α
720 950 938 1009 unione
965 948 1266 1026 facienda,
1306 952 1509 1029 ciqore
1530 950 1755 1010 decreti
1783 949 2044 1029 ejusdem
2070 948 2314 1009 concilii
2339 945 2504 1029 (sess.
2537 947 2647 1027 21,
2687 967 2741 1010 c.
2778 943 2867 1029 5),

651 1082 685 1121 α
719 1067 908 1124 teneri
946 1062 1233 1126 adhibere
1276 1080 1625 1126 consensum
1659 1064 1918 1144 capituli
1949 1082 1971 1123 .·
2007 1064 2165 1143 quod
2205 1067 2261 1124 si
2306 1064 2479 1124 illum
2532 1080 2876 1126 consensum

651 1199 684 1235 ι(
715 1183 781 1240 in
817 1183 1034 1240 unione
1080 1183 1579 1258 praetermiserit,
1624 1183 1899 1242 unionem
1940 1179 2175 1240 nullam
2216 1186 2394 1258 atque
2437 1183 2680 1240 irritam
2722 1196 2869 1242 esse.

650 1314 682 1351 α
715 1291 908 1373 Quod
938 1292 1276 1358 decretum
1304 1292 1596 1358 habeoin
1618 1295 1882 1378 antiquo
1911 1292 2135 1358 codice
2165 1294 2632 1358 resolutionum
2662 1293 2872 1359 Sacroe

648 1430 681 1467 α
710 1406 1236 1492 congregationis
1268 1408 1354 1473 ad
1390 1428 1579 1474 usum
1624 1408 1982 1474 Cardinalis
2029 1409 2214 1473 Pauli
2250 1409 2583 1493 Senensis;
2629 1410 2696 1473 in
2741 1428 2872 1495 quo

650 1544 681 1582 «
715 1522 957 1605 legitur
988 1523 1263 1587 ulterius
1292 1523 1573 1588 alterum
1619 1521 1961 1589 decretum
1999 1521 2292 1608 ejusdem
2337 1524 2542 1588 Sacrae
2586 1523 2873 1607 Congre-

645 1661 678 1697 «
708 1638 982 1720 gationis
1015 1638 1102 1723 (in
1133 1643 1330 1701 sancti
1366 1642 1660 1715 Severini,
1698 1642 1778 1705 19
1804 1637 2169 1704 decembris
2206 1638 2425 1723 1620),
2469 1639 2568 1704 his
2599 1638 2820 1705 verbis
2849 1662 2863 1704 :

643 1776 674 1813 «
714 1756 863 1816 Cum
911 1760 1191 1816 sessionis
1222 1757 1296 1817 21
1343 1761 1539 1835 capite
1579 1756 1616 1817 5
1656 1763 1962 1833 caveatur,
2010 1758 2369 1837 Episcopum
2384 1759 2576 1836 juxta
2610 1759 2866 1834 sormam

642 1892 675 1925 α
698 1873 866 1949 juris
894 1886 1064 1947 posse
1095 1868 1397 1950 simplicia
1429 1868 1711 1946 beneficia
1747 1872 1922 1932 unire
1957 1873 2211 1949 curatis,
2251 1876 2309 1931 et
2343 1876 2557 1931 curata
2591 1875 2867 1947 curatis,-

642 2007 675 2043 «
709 1989 1023 2065 quoeritur,
1059 2003 1142 2045 an
1178 1988 1242 2046 in
1276 1984 1381 2045 hoc
1408 2002 1726 2045 consensus
1761 1986 2018 2064 capituli
2056 1989 2425 2064 requiratur,
2462 2003 2593 2047 cum
2622 2003 2702 2046 ex
2732 1986 2870 2047 Cle-

644 2123 674 2158 «
710 2104 977 2161 mentina
1006 2098 1064 2161 Si
1098 2117 1227 2162 una
1255 2097 1350 2183 (cle
1380 2101 1572 2161 Rebus
1601 2096 2246 2181 Ecclesioenonalien.)
2269 2118 2580 2161 consensus
2606 2101 2869 2180 capituli

641 2237 672 2271 (ι
710 2220 775 2276 in
807 2213 913 2275 hoc
942 2232 1085 2274 casu
1116 2217 1346 2293 requiri
1380 2215 1681 2289 videatur,
1711 2215 1786 2275 de
1815 2232 1928 2293 quo
1967 2218 2032 2275 in
2052 2214 2304 2276 concilio
2329 2215 2500 2275 nullo
2525 2218 2748 2276 mentio
2777 2220 2866 2275 est

639 2352 670 2385 α
705 2329 933 2392 habita.
994 2364 1070 2375 -—
1115 2331 1514 2409 Conqreqatio
1558 2333 1786 2390 censuit
1830 2333 2079 2409 requiri,
2110 2333 2304 2410 juccta
2340 2335 2536 2392 tamen
2580 2333 2866 2393 teminos

636 2466 668 2505 «
705 2446 1090 2508 Clementinoe
1122 2442 1185 2506 Si
1224 2461 1352 2508 una
1391 2441 1486 2528 (de
1521 2445 1713 2507 Rebus
1761 2444 1924 2506 Eccl.
1960 2462 2080 2507 non
2122 2441 2266 2527 aL).
2311 2444 2456 2509 Non
2495 2451 2596 2510 est
2643 2451 2862 2510 tamen

640 2585 671 2623 «
708 2578 996 2637 necesse,
1040 2557 1219 2645 quod
1274 2559 1543 2642 capituli
1591 2577 1942 2625 consensus
1987 2558 2384 2624 interveniat
2432 2567 2606 2636 ante,
2653 2559 2760 2624 vel
2797 2562 2860 2623 in

639 2701 673 2738 α
706 2677 847 2759 ipso
878 2683 1030 2740 actu
1056 2675 1341 2757 unionis;
1371 2673 1491 2738 sed
1528 2671 1768 2739 sufficit
1798 2673 1975 2757 qnod
2011 2672 2280 2739 accedat
2310 2682 2458 2758 post
2488 2681 2703 2738 actum
2727 2672 2860 2757 jam

639 2815 671 2852 «
704 2789 1155 2874 perfectum...
1187 2788 1374 2871 Quod
1421 2789 1474 2853 si
1512 2789 1868 2872 capitulum
1914 2788 2443 2855 irrationabiliter
2477 2807 2858 2856 consensum

641 2930 674 2968 «
720 2913 1027 2990 praestare
1087 2903 1451 2983 detrectet,
1510 2903 1596 2969 de
1653 2905 1831 2970 facili
1878 2906 2069 2970 Sacra
2115 2905 2539 2989 congregatio
2594 2905 2858 2969 Concilii

636 3047 667 3084 c<
704 3022 1033 3105 Episcopis
1059 3020 1377 3104 indulget,
1404 3027 1501 3099 ut,
1536 3040 1666 3087 non
1694 3020 1995 3086 obstante
2028 3020 2198 3086 illius
2225 3019 2539 3099 dissensu,
2563 3020 2642 3085 ad
2673 3021 2855 3084 unio-

636 3163 666 3197 «
704 3157 854 3203 nem
897 3135 1271 3202 deveniant.
1323 3162 1348 3194 n
1384 3136 1536 3200 Haec
1577 3136 1930 3219 praeclarus
1977 3136 2233 3219 Riganti
2288 3135 2377 3221 (in
2437 3136 2726 3219 regulam
2775 3139 2846 3200 13

630 3254 1067 3330 cancellariae,
1113 3273 1179 3317 n.
1226 3255 1351 3318 138
1399 3260 1470 3318 et
1518 3250 1713 3336 seq.);
1764 3251 1950 3336 cujus
1999 3252 2219 3317 verbis
2266 3252 2358 3316 ita
2408 3253 2599 3335 plene
2641 3251 2853 3316 solnta

628 3367 897 3434 videtur
927 3368 1218 3456 quaesti0‚
1247 3372 1321 3431 ut
1348 3367 1507 3431 nihil
1540 3365 1918 3431 addendum
1953 3367 2416 3432 existimemus

718 3487 1112 3552 Pnorosmo
1159 3483 1325 3547 VII·.
1375 3519 1465 3531 -
1494 3487 1844 3564 Requiritur
1902 3489 2146 3565 ins-uper
2191 3488 2402 3546 citatio
2443 3490 2503 3546 et
2540 3503 2850 3547 consensu

628 3620 827 3664 eorum
892 3619 1139 3679 quorum
1184 3604 1456 3661 interest.
1503 3633 1592 3644 -
1637 3597 1798 3661 Nam
1833 3596 2208 3662 'tridentina
2254 3595 2543 3679 synodus
2585 3597 2728 3662 vult
2780 3596 2859 3660 ab

631 3712 961 3797 Episcopis
1035 3711 1180 3777 fieri
1252 3711 1706 3795 parochiarum
1786 3711 2058 3777 uniones
2116 3717 2309 3794 juxta
2372 3715 2630 3792 formam
2690 3717 2858 3793 juris

633 3831 815 3915 (sess.
858 3830 967 3908 21,
1002 3846 1058 3891 c.
1099 3825 1187 3911 5).
1232 3828 1440 3894 Porro
1474 3828 1649 3893 inter
1689 3827 2030 3910 requisitas
2063 3847 2101 3891 a
2138 3826 2289 3911 jure
2329 3826 2765 3891 formalitates
2795 3826 2856 3888 in

632 3941 933 4009 uniendis
962 3940 1320 4021 beneficiiS‚
1356 3943 1637 4008 habetur
1665 3948 1734 4007 et
1763 3941 1894 4017 illa,
1932 3948 2008 4005 ut
2036 3943 2289 4027 exquiri
2319 3940 2563 4007 debeat
2592 3959 2860 4006 consen-

634 4078 743 4125 sus
799 4059 1084 4123 omnium
1137 4077 1415 4143 quorum
1462 4062 1778 4135 interest,
1829 4066 2026 4141 prout
2083 4059 2404 4142 superiori
2456 4055 2859 4141 paragrapho

633 4175 882 4241 dictum
914 4181 1037 4239 est.
1077 4198 1110 4235 a
1135 4174 1331 4240 Citari
1362 4176 1580 4260 itaque
1605 4172 1874 4250 debent,
1901 4174 1993 4236 ait
2018 4173 2296 4258 Riganti,
2327 4192 2552 4240 omnes
2579 4190 2856 4258 quorum

641 4317 672 4352 «
707 4293 979 4357 interest
1018 4311 1031 4353 :
1067 4290 1221 4354 alias
1249 4293 1403 4356 unio
1424 4298 1719 4356 remanet
1741 4289 2002 4355 nulla...
2029 4291 2112 4354 Et
2137 4308 2268 4355 non
2291 4290 2497 4356 solum
2527 4289 2712 4353 citari
2742 4286 2856 4352 de-

638 4431 670 4466 «
707 4406 866 4471 bent
896 4406 940 4468 ii
970 4406 1082 4490 qui
1115 4404 1357 4470 habent
1385 4403 1735 4490 principale
1774 4406 2110 4483 interesse,
2154 4405 2274 4472 sed
2300 4406 2615 4489 optimum
2661 4405 2854 4470 etiam

637 4543 671 4584 x
704 4526 899 4598 esset,
931 4515 1016 4584 ad
1046 4538 1234 4584 omne
1253 4517 1525 4584 dubium
1551 4518 1935 4601 tollendum,
1972 4522 2173 4587 citare
2202 4520 2519 4586 habentes
2537 4520 2854 4586 interesse
