3146 4973
1243 396 1400 443 mas
1439 396 1723 454 oman.
2454 384 2577 446 473

453 528 470 586 1
497 526 559 587 1⁹
591 519 820 602 Quoad
851 519 1099 602 puellas
1129 520 1194 582 in
1227 520 1621 583 monasterio
1646 518 1982 603 degentes,
2022 521 2126 586 vel
2163 521 2343 586 aliud
2376 520 2583 586 domi-

354 639 571 703 cilium
626 656 753 701 non
806 634 1078 716 hahent3
1137 640 1205 698 et
1249 643 1408 699 tunc
1454 654 1680 700 earum
1726 638 2208 701 matrimonium
2262 637 2580 702 celebrari

351 752 555 819 debet
605 769 821 817 coram
863 749 1145 834 parocho
1185 751 1332 827 loci,
1391 751 1457 813 in
1500 769 1630 834 quo
1674 760 1886 816 exstat
1921 753 2379 817 monasterium
2422 771 2435 815 :
2477 753 2576 816 vel

352 870 592 934 habent
620 867 1011 935 domicilium
1050 865 1224 932 aliud
1259 866 1465 950 (verbi
1513 868 1737 949 gratia,
1781 875 2148 950 paternum,
2190 869 2297 933 vel
2343 873 2581 932 mater-

351 1003 529 1059 num,
589 984 693 1048 vel
739 980 1125 1063 fraternum)
1164 989 1232 1046 et
1277 989 1435 1046 tunc
1471 1000 1688 1046 coram
1743 982 2027 1066 parocho
2057 981 2249 1066 hujus
2273 981 2579 1047 domicilii

352 1104 452 1160 est
490 1094 1030 1161 contrahendum.
1080 1095 1620 1159 Denuntiationes
1656 1114 1815 1160 vero
1844 1097 1908 1159 in
1949 1102 2229 1180 utroque
2261 1095 2405 1160 loco
2437 1094 2577 1159 fieri

349 1222 507 1276 tunc
535 1210 803 1277 debent.
845 1210 1256 1296 (Benedictus
1291 1212 1457 1288 XIV,
1502 1211 1646 1275 loco
1676 1212 1894 1288 citato,
1931 1232 1996 1275 n.
2036 1211 2167 1294 16.)

446 1330 551 1391 12⁰
585 1326 812 1408 Quoad
843 1326 1118 1391 famulos
1151 1334 1220 1389 et
1257 1326 1549 1403 famulas,
1597 1326 1770 1392 idem
1802 1326 2159 1392 dicendum
2179 1346 2253 1390 ac
2278 1326 2363 1390 de
2399 1326 2580 1406 puel-

351 1444 432 1506 lis
467 1443 532 1505 in
576 1441 968 1505 monasterio
1005 1439 1413 1521 degentibus.
1456 1440 1754 1525 (Ibidem,
1797 1462 1861 1504 n.
1902 1440 2033 1522 17.)

1393 1693 1540 1764 §IL

878 1915 1167 1961 Describitur
1197 1915 1274 1973 jus
1309 1914 1499 1973 parochi
1535 1913 1686 1974 quoad
1724 1913 2039 1961 matrimonia.

437 2144 487 2206 Ι.
542 2141 634 2206 Ad
679 2143 889 2224 ipsum
943 2143 1203 2224 proprio
1234 2141 1383 2224 jure
1421 2142 1706 2223 pertinet
1746 2140 2136 2206 denuntiare
2173 2142 2576 2207 matrimonia

346 2276 383 2320 a
413 2257 809 2340 parochianis
841 2259 970 2321 suis
1008 2256 1472 2322 contrahenda.
1513 2259 1833 2340 Expresso
1872 2259 2040 2322 enim
2084 2277 2120 2321 a
2151 2264 2404 2338 proprio
2438 2279 2576 2320 con-

348 2372 712 2435 trahentium
733 2373 999 2454 par-ocho
1026 2391 1165 2438 esse
1196 2371 1723 2437 denuntiationes
1753 2372 1893 2437 illas
1922 2371 2252 2436 faciendas
2282 2371 2576 2437 decrevit

343 2489 680 2554 concilium
734 2490 1184 2556 Tridentinum
1237 2491 1413 2575 (sess.
1475 2491 1585 2568 24,
1635 2508 1775 2572 cap.
1834 2494 1889 2563 1,
1946 2492 2021 2552 cle
2070 2492 2197 2568 Res.
2246 2486 2569 2569 matrim).

347 2628 380 2665 «
413 2607 544 2671 Nec
593 2626 705 2672 eas
751 2613 1015 2689 possunt
1073 2607 1401 2689 regulares
1447 2606 1778 2688 publicare
1816 2605 1985 2671 infra
2037 2608 2375 2670 missarum
2411 2605 2576 2669 sole-

346 2744 379 2782 «
412 2725 604 2798 mnia,
651 2732 726 2787 ut
765 2725 1018 2789 censuit
1057 2726 1248 2788 Sacra
1282 2725 1792 2806 congregatio...
1834 2749 1864 2782 υ
1908 2722 2241 2803 (Barbosa,
2281 2726 2357 2784 de
2388 2726 2575 2784 Paro-

341 2840 472 2918 clio,
519 2858 667 2903 cum
703 2842 920 2904 Addit.
956 2839 1225 2914 Giraldi‚
1273 2857 1414 2921 cap.
1454 2842 1562 2915 21,
1609 2859 1671 2902 n.
1720 2836 1850 2919 16.)

429 2955 508 3018 11.
545 2956 715 3019 Item
748 2953 830 3018 ad
856 2955 1063 3036 ipsum
1089 2955 1374 3035 pertinet
1409 2952 1933 3018 benedictionem
1956 2954 2313 3035 nuptialem
2338 2955 2575 3035 imper·

339 3072 442 3134 tiri
475 3092 487 3134 ε
523 3076 866 3150 Statuitque
912 3073 1368 3133 benedictionem
1416 3090 1452 3131 a
1487 3075 1740 3150 proprio
1784 3071 2044 3150 parocho
2084 3071 2223 3146 fieri
2245 3094 2268 3145 ‚·
2306 3090 2489 3149 neque
2531 3093 2567 3131 a

335 3205 648 3265 quoquam,
697 3190 821 3246 nisi
866 3185 942 3245 ab
973 3190 1102 3264 ipso
1135 3184 1418 3264 parocho,
1472 3185 1566 3244 vel
1596 3183 1926 3245 ordinario
1956 3184 2257 3243 licentiam
2302 3184 2385 3243 acl
2414 3202 2571 3262 prav-

335 3302 561 3361 dictam
589 3301 1044 3361 benedictionem
1081 3301 1420 3377 faciendam
1445 3299 1561 3358 alii
1585 3299 1881 3358 sacerdoti
1914 3297 2152 3357 concedi
2169 3315 2383 3377 posse‚·
2421 3317 2568 3377 qua·

333 3434 576 3494 cumque
605 3417 1048 3492 consuetudine,
1088 3421 1272 3476 etiam
1301 3413 1783 3488 immemorabili,
1824 3429 1953 3491 quw·
1986 3416 2186 3492 potius
2224 3415 2566 3491 corruptela

334 3530 586 3590 dicenda
609 3536 720 3606 est,
761 3531 856 3589 vel
886 3531 1214 3610 privileqio
1240 3547 1358 3589 non
1387 3529 1679 3588 obstante.
1715 3528 1887 3603 Quod
1909 3530 1964 3586 si
1988 3531 2123 3605 quis
2143 3527 2442 3607 parochus
2473 3528 2567 3587 vel

334 3645 496 3703 alius
516 3646 809 3721 sacerdos,
845 3649 971 3704 sive
999 3646 1302 3723 reqularis
1337 3648 1462 3703 sive
1494 3644 1801 3703 soecularis
1831 3646 1935 3718 sit,
1973 3646 2213 3703 etiamsi
2240 3644 2308 3703 iel
2344 3644 2460 3703 sibi
2487 3662 2566 3703 ex

320 3761 651 3838 privileqio
680 3762 773 3820 vel
809 3759 1267 3821 immemorabili
1283 3760 1703 3819 consuetudine
1735 3759 1909 3818 licere
1934 3759 2275 3834 contendat,
2310 3760 2564 3820 alterius

324 3873 626 3952 paroch-ite
647 3892 887 3952 sponsos
915 3880 1045 3936 sine
1076 3875 1319 3935 illorum
1359 3872 1609 3949 parochi
1642 3873 1886 3933 licentia
1919 3877 2300 3933 matrimonio
2326 3879 2563 3954 conjun-

327 4005 464 4065 9erc
478 3994 585 4048 aut
603 3989 936 4048 benedicere
957 4008 1138 4048 ausas
1155 3989 1365 4065 suerit,
1399 3993 1527 4065 ipso
1529 3990 1675 4067 jure
1695 3988 1929 4048 tamdiu
1953 4006 2268 4067 susperwus
2290 3997 2550 4061 maneat,

328 4102 615 4179 quamdiu
641 4104 715 4161 ab
744 4104 1073 4163 ordinario
1098 4109 1225 4184 ejus
1240 4102 1515 4182 parochi,
1547 4108 1653 4181 qui
1678 4108 2060 4164 matrimonio
2082 4108 2363 4165 interesse
2389 4105 2561 4165 debe·

328 4218 453 4290 bat,
488 4233 590 4275 seu-
621 4234 659 4275 a
691 4234 803 4294 quo
827 4219 1155 4280 benedictio
1182 4221 1560 4298 suscipienda
1587 4226 1740 4293 erat,
1775 4221 2145 4281 absolvatur.
2182 4217 2379 4301 (Ti-id.
2410 4237 2564 4281 con-

325 4329 567 4400 cilium,
613 4346 766 4393 sess,
817 4332 925 4404 24,
962 4349 1018 4394 c.
1063 4335 1120 4404 1,
1165 4335 1239 4394 de
1267 4336 1397 4410 Res.
1436 4333 1734 4413 matrim.)

417 4443 533 4505 m.
568 4441 789 4507 Potest
817 4452 1035 4508 tamen
1061 4445 1377 4526 parochus
1400 4447 1594 4513 alium
1622 4447 2026 4513 sacerdotem
2054 4447 2386 4530 delegare,
2414 4455 2551 4513 tum
