3146 4973
580 321 705 388 394
1263 341 1640 390 'raso-rarus
1686 341 1774 388 ns
1818 340 2145 389 Psaocno.

666 461 1242 547 Ead6m²·synodus
1276 463 1469 549 (sess·.·
1497 466 1606 540 21,
1641 483 1702 528 c.
1745 449 2147 548 67⁰·dcccrnlt
2173 463 2243 527 in
2275 462 2450 528 hunc'
2495 460 2806 528 modum:

584 599 617 636 α
654 578 779 642 Eos
815 587 974 643 vero
1004 578 1117 662 qui
1144 579 1439 663 ‘turpiter
1465 585 1537 644 et
1568 575 1956 646 scandalose'
1973 577 2248 655 vivunt‚'¹
2263 584 2608 662 postquam
2649 577 2815 662 ‘prae-

583 690 880 756 «moniti
945 687 1220 770 fuerint,
1282 700 1648 759 coerceant⁴
1674 711 1752 757 ac
1822 694 2182 776 castigent3
2224 697 2294 757 et
2329 692 2422 755 'si‘
2450 689 2670 757 adhuc
2718 693 2814 757 in-

587 828 613 862 «
650 803 1059 888 corrigibiles
1110 807 1177 872 in
1232 823 1353 872 sua·
1388 808 1701 892 ‘nequitia
1780 815 2234 891 perseverent,
2293 823 2405 872 eos
2447 805 2805 886 beneficiis,

584 944 616 980 r<
649 919 837 1004 juxta
891 941 1144 988 sacrum
1199 942 1541 989 canonum·
1577 925 2092 1001 constitutionem
2150 924 2565 1008 exemptione
2600 929 2672 988 et
2700 937 2813 1005 ap·

585 1058 617 1096 «
650 1036 999 1119 pollutione
1069 1043 1479 1124 quacumque
1544 1045 1795 1106 remota
1814 1087 1830 1117 ‚
1892 1037 2192 1121 privandi
2257 1036 2639 1103 facultatem
2702 1036 2812 1101 ha-

584 1171 616 1211 «
653 1149 872 1216 beant.
899 1177 928 1209 ι

667 1262 779 1326 IV.
844 1267 1042 1326 Varioe
1096 1268 1532 1329 declarationes
1589 1269 1788 1330 Sacroe
1843 1270 2340 1347 Conqreqationis
2387 1266 2672 1329 concilii.
2724 1299 2811 1310 —-

584 1399 615 1436 κ
648 1376 785 1442 Hoc
804 1375 1149 1443 decretum
1174 1378 1259 1446 de
1292 1380 1732 1446 concubinatu
1770 1387 1842 1447 et
1870 1379 2010 1447 aliis
2053 1378 2472 1464 impudicitioe
2507 1376 2811 1444 sordibus

586 1484 1056 1569 «clericorum,
1102 1514 1231 1560 non
1268 1494 1568 1577 procedit
1610 1497 1678 1560 in
1726 1495 2000 1579 simplici
2049 1493 2512 1560 incontinentia
2565 1493 2840 1577 absque*

585 1628 617 1665 «
651 1606 964 1690 qualitate
998 1609 1485 1675 concubinatus.
1510 1637 1541 1669 n
1581 1611 1703 1697 (Ita
1750 1609 2153 1677 declaratum
2207 1605 2368 1675 dicit
2421 1607 2804 1683 Gallemart‚

578 1719 663 1786 ad
692 1729 891 1805 caput
933 1724 1035 1800 14,
1064 1739 1220 1788 sess.
1258 1723 1396 1809 25.)

669 1860 704 1900 α
736 1840 1009 1904 Patroni
1054 1847 1327 1924 possunt
1360 1841 1436 1928 (si
1470 1842 1555 1909 ad
1607 1859 1720 1908 eos
1748 1850 2003 1926 spectat
2063 1842 2478 1926 praesentatio
2531 1838 2805 1923 alicujus

601 1977 633 2014 a
663 1954 964 2020 beneficii
1010 1974 1133 2040 per
1183 1957 1710 2024 concubinarium
1763 1955 2066 2041 detenti),
2097 1957 2206 2023 vel
2264 1957 2374 2022 alii
2418 1957 2572 2022 laici
2623 1972 2805 2038 paro-

582 2091 614 2128 «
647 2069 857 2135 chiani
886 2089 1006 2153 pro
1056 2089 1175 2136 suo
1221 2073 1563 2150 interesse,
1610 2073 1676 2137 in
1727 2091 1859 2159 quo
1908 2073 1990 2139 ab
2042 2072 2142 2137 his
2185 2072 2558 2157 percipiunt
2601 2079 2832 2135 sacra-¹

579 2207 612 2246 «
648 2193 889 2263 monta,
927 2201 1235 2252 accusare
1275 2205 1408 2254 eoS.
1431 2209 1464 2248 »

667 2323 699 2360 (ι
729 2301 1037 2381 Quinimo
1076 2309 1297 2386 potest
1345 2301 1729 2370 ordinarius
1783 2302 2147 2389 procedere
2209 2308 2440 2368 contra
2491 2302 2668 2383 ipsos
2720 2298 2800 2363 de

580 2439 613 2476 «
648 2414 820 2502 jure,
856 2435 985 2481 non
1038 2424 1385 2503 expectata
1434 2419 1661 2486 ‘forma
1715 2418 1910 2505 hujus
1959 2426 2205 2496 textus,
2255 2422 2324 2481 et
2363 2416 2431 2479 vi
2470 2414 2668 2502 hujus
2701 2413 2803 2478 lit-

577 2556 609 2592 «
645 2539 843 2616 teraej
900 2541 1003 2598 est
1057 2534 1243 2599 enim·
1278 2534 1696 2601 intolerabile
1765 2542 2187 2619 peccatum.»
2226 2533 2347 2618 (Ita
2399 2531 2801 2599 declaratum

576 2646 737 2712 dicit
773 2648 1151 2727 Gallemart‚
1188 2648 1273 2716 ad
1298 2654 1498 2732 caput
1541 2651 1644 2726 14,
1673 2666 1829 2714 sess.
1869 2647 2008 2731 25.)

664 2784 696 2821 α
740 2762 942 2827 Poena
963 2760 1048 2828 de
1078 2779 1206 2847 qua
1229 2764 1297 2827 in
1324 2778 1544 2837 versu,
1577 2767 1735 2844 quod
1764 2770 1819 2827 si
1846 2784 1885 2827 a
1921 2764 2326 2845 superioribus
2359 2766 2603 2840 moniti,
2634 2766 2790 2832 etc„

579 2900 614 2937 «
650 2895 781 2940 non
806 2876 1011 2943 habet
1051 2877 1269 2944 locum
1322 2880 1389 2943 in
1426 2879 1697 2957 clericis,
1747 2881 1802 2943 si
1837 2880 2053 2963 primo
2097 2877 2514 2963 deliquerint,
2552 2866 2797 2942 etiamsi

576 3017 607 3047 «
650 2990 877 3056 edicta*
893 2993 1220 3075 generalia
1256 2993 1583 3061 ordinarii
1621 2994 2112 3077 praecesserim
2153 2992 2274 3059 sed
2301 2991 2660 3058 incurritur
2688 2982 2797 3052 ubi

575 3128 609 3167 «
652 3107 926 3173 clericus
959 3105 1250 3173 secundo
1286 3107 1585 3193 deliquit.
1609 3110 1740 3174 Pro
1775 3109 1983 3192 primo
2013 3108 2231 3192 puniri
2263 3105 2467 3172 debet
2492 3105 2636 3170 aliis
2669 3116 2796 3184 poe-

573 3245 606 3282 «
644 3222 745 3286 nis
768 3238 806 3286 a
835 3224 1033 3290 sacris
1060 3223 1410 3290 canonibus
1446 3223 1551 3289 vel
1596 3225 1858 3289 statutis
1884 3222 2306 3290 ecclesiarum
2337 3219 2654 3304 impositis
2684 3235 2698 3278 ε
2729 3218 2797 3278 et

574 3361 607 3399 «
641 3336 906 3405 demum
938 3340 997 3404 si
1038 3339 1327 3405 monitus·
1356 3339 1580 3415 fuerit,
1618 3345 1687 3404 et
1733 3337 1999 3422 quidem
2031 3337 2295 3423 speciali
2329 3334 2788 3403 admonitione,

571 3476 605 3514 «
640 3461 712 3519 et
760 3452 1048 3521 secundo
1094 3453 1454 3538 delinquat,
1506 3455 1804 3537 privatur
1862 3456 2065 3519 tertia
2093 3452 2725 3537 partefructuum...
2760 3466 2785 3497 ι

568 3571 691 3654 (lta
712 3568 1113 3635 declaratum
1137 3568 1297 3634 dicit
1330 3570 1709 3649 Gallemart,
1739 3571 1808 3634 in
1847 3591 1907 3636 c.
1943 3571 2050 3650 14,
2093 3587 2247 3636 sess.
2287 3566 2428 3652 25.)

651 3684 894 3749 Seriem
970 3682 1314 3768 quamdam
1396 3682 1902 3751 declarationum
1976 3687 2179 3751 Sacroe
2256 3675 2780 3767 congregationis

562 3798 848 3875 Concilii,
884 3797 1115 3864 retulit
1146 3798 1453 3883 Garoias3
1493 3807 1562 3865 et
1589 3806 1739 3883 post
1766 3801 1976 3884 ipsum
2005 3799 2308 3866 eamdem
2340 3800 2540 3864 citare
2572 3796 2774 3863 solent
2823 3794 2828 3801 ’

563 3914 930 3980 canonista.
982 3914 1185 4000 Cujus
1230 3916 1558 4001 praecipua
1610 3917 1821 4001 capita
1876 3918 1967 3982 sic
2015 3917 2307 3982 meminit
2362 3906 2776 3981 Reiffenstuel

565 4031 654 4116 (in
694 4030 798 4095 tit.
832 4034 909 4095 de
944 4034 1221 4097 Cenabit.
1256 4034 1612 4097 clericorum
1647 4041 1706 4096 et
1753 4036 2178 4110 mulierum'2‚
2213 4032 2365 4098 libri
2400 4036 2438 4098 3
2480 4029 2773 4095 decreta-

560 4145 742 4223 lium,
772 4166 837 4213 n-.
873 4145 982 4230 33)
1024 4169 1038 4214 :
1086 4170 1119 4209 c<
1153 4148 1337 4213 Circa
1365 4147 1542 4233 quod
1575 4147 1921 4215 decretum
1958 4147 2213 4213 concilii
2248 4147 2460 4214 refert
2486 4144 2771 4213 Nicolaus

568 4287 600 4324 «
633 4263 898 4330 Garoias
928 4264 1137 4350 (parte
1182 4268 1375 4328 lide
1414 4267 1751 4342 Beneficiis,
1797 4284 1938 4349 cap.
1992 4267 2093 4343 10,
2137 4263 2390 4348 n.·185)
2427 4265 2612 4349 plura
2657 4270 2772 4342 per

562 4407 587 4437 «ι
630 4381 887 4446 Sacram
916 4379 1490 4465 congregationem
1533 4380 1732 4446 fuisso
1779 4378 2132 4460 declarata,
2164 4392 2444 4466 quorum
2477 4386 2764 4466 quatuor-
