3146 4973
588 357 710 421 126
1255 370 1635 421 moruus
1674 373 1763 419 nn
1809 372 2137 422 ruocno.

577 492 846 581 parochi
894 492 1159 576 propria
1214 493 1350 563 vim
1404 493 1695 573 babebit,
1730 494 1851 562 sed
1898 514 1982 561 ex
2030 501 2361 579 potestate
2392 495 2802 579 legislatori&

580 611 688 695 qui
709 628 831 693 pro
851 608 1093 677 talibus
1110 607 1366 675 casibus
1388 611 2132 679 excommunicationem·
2145 610 2327 697 (lieet
2348 628 2472 695 per
2492 609 2811 695 parochos

584 722 1061 811 exequendam)
1096 725 1236 809 ipse
1284 726 1577 792 sancivit.
1621 725 1749 806 Qui
1791 727 1917 792 nisi
1954 728 2047 793 ita
2085 728 2266 813 prius
2296 728 2812 796 excommunica-

579 842 822 911 tionem
856 842 1293 911 constituisset
1334 848 1405 909 et
1439 841 1743 925 parochis
1787 844 2301 911 commissionem
2341 841 2715 927 applicandi
2742 849 2814 907 et

578 955 951 1043 exequendi
979 955 1290 1038 dedisset,
1326 958 1534 1025 inanis
1564 976 1835 1041 prorsus
1873 966 2046 1025 esset
2071 959 2347 1043 parochi
2370 958 2719 1029 sententia.

668 1078 740 1141 3⁰
786 1073 1059 1156 Proprie
1090 1071 1340 1139 dictam
1369 1080 1590 1141 autem
1624 1074 2229 1141 excommunicandi
2266 1082 2663 1159 potestatem
2704 1073 2813 1140 ille

581 1169 804 1267 hahet,
836 1189 948 1273 qui
982 1187 1226 1273 absque
1257 1189 1523 1272 speciali
1549 1188 1984 1273 delegatione,
2027 1198 2099 1256 et
2123 1192 2190 1257 vi
2216 1189 2405 1257 officii
2433 1192 2555 1270 sui,
2598 1197 2817 1274 potest

580 1305 914 1373 subditum
949 1307 1536 1384 excommunicare,
1573 1307 1771 1372 etiam
1799 1325 1920 1390 pro
1969 1305 2215 1374 delicto
2239 1306 2417 1393 quod
2460 1307 2621 1373 nulli
2655 1307 2820 1390 legis
2884 1388 2891 1393 .

582 1440 871 1493 censum
925 1420 1257 1506 subjacet;
1315 1423 1476 1489 item
1512 1422 1624 1489 ille
1673 1423 1786 1506 qui
1832 1430 2051 1507 potest
2099 1423 2249 1508 jure
2296 1424 2565 1507 proprio
2604 1422 2815 1506 legem

582 1536 760 1605 terre
807 1536 1481 1607 excommunicationis
1529 1556 1651 1622 pro
1678 1545 1819 1604 tota
1848 1539 2062 1624 aliqua
2112 1540 2329 1623 specie
2377 1538 2813 1623 delictorum3

583 1654 744 1723 item
771 1655 884 1721 ille
914 1656 1027 1739 qui
1063 1655 1765 1725 excommunicationes
1802 1675 1840 1722 a
1873 1656 2019 1740 lege
2046 1656 2213 1722 latas
2231 1662 2452 1741 potest
2480 1656 2721 1741 exequi
2748 1664 2820 1721 et

583 1788 846 1854 urgere,
883 1789 1016 1837 non
1070 1791 1156 1839 ex
1205 1771 1653 1841 commissione
1705 1767 1963 1855 speciali
2018 1770 2140 1839 sibi
2170 1769 2254 1836 ad
2304 1770 2489 1839 hanc
2532 1769 2737 1841 finem
2778 1791 2820 1837 a

584 1885 731 1969 lege
782 1885 978 1963 facta,
1016 1883 1134 1951 sed
1175 1886 1242 1952 vi
1285 1886 1534 1970 proprii
1577 1885 1786 1963 officii,
1821 1893 1890 1951 et
1926 1887 2194 1970 proprio
2238 1892 2437 1972 atque
2483 1886 2817 1955 ordinario

581 1999 729 2084 jure
763 2001 912 2066 huic
945 1999 1150 2066 officio
1178 2000 1459 2084 alligato.

674 2118 745 2182 4⁰
773 2118 811 2182 J
814 2118 1145 2184 ansenistae
1177 2122 1247 2180 et
1268 2114 1654 2200 parochistae
1676 2117 1835 2189 totis
1858 2116 2107 2184 viribus
2137 2122 2530 2200 potestatem
2570 2136 2820 2184 excom-

586 2232 975 2313 municandi,
1012 2242 1083 2300 et
1111 2221 1383 2320 quidem
1413 2234 1679 2318 proprie
1708 2231 1948 2298 dictam
1991 2231 2077 2298 de
2128 2252 2258 2318 qua
2310 2233 2582 2317 agimus,
2618 2248 2819 2317 penes

585 2349 901 2443 parochos
931 2350 1084 2415 olim
1113 2350 1389 2425 stetisse,
1415 2347 1759 2414 adstruere
1789 2349 2002 2414 conati
2036 2356 2221 2432 sunt;
2256 2346 2325 2413 id
2360 2348 2483 2415 sibi
2503 2346 2817 2432 prodesse

583 2465 1046 2544 existimantes,
1089 2472 1165 2530 ut
1201 2463 1449 2530 facilius
1486 2462 1640 2530 dein
1669 2462 1903 2530 iisdem
1935 2464 2066 2534 fori
2107 2466 2365 2532 externi
2408 2463 2815 2550 jurisdictio-

585 2600 738 2647 nem
767 2578 1125 2646 vindicent.

678 2700 745 2761 50
791 2696 1045 2762 Praeter
1109 2702 1411 2761 auctores
1468 2694 1980 2779 proesbyteriana
2038 2702 2153 2760 aut
2201 2694 2615 2779 jansenistica
2668 2695 2817 2762 labe

587 2811 880 2889 infectos,
899 2811 1146 2895 aliquos
1172 2811 1369 2876 etiam
1396 2810 1552 2875 olim
1573 2808 1870 2875 docuisse
1902 2812 2061 2891 quod
2087 2812 2423 2874 sacerdotes
2440 2812 2817 2893 parochiales

580 2935 831 3009 pexunt
873 2931 1410 3004 excommunicare,
1453 2932 1735 2990 testatur
1781 2925 1987 2990 Divus
2019 2924 2293 2992 Thomas
2329 2925 2471 2992 laco
2516 2926 2687 2992 infra
2734 2928 2817 2992 ci·

585 3041 810 3109 tando.
854 3044 938 3109 Et
976 3061 1215 3109 revera
1254 3041 1453 3126 aliqui
1487 3048 1753 3108 veteres
1792 3043 2158 3120 canonista,
2195 3042 2597 3126 antiquitatis
2633 3042 2819 3108 inscii

587 3165 660 3223 et
704 3157 1096 3243 quibusdam
1134 3157 1562 3225 decretalium
1600 3156 1892 3223 textibus
1935 3154 2197 3239 decepti
2211 3205 2228 3234 ,
2271 3175 2417 3222 eam
2456 3162 2819 3224 tenuerunt

587 3274 990 3358 opinionem3
1021 3293 1184 3359 quos
1212 3275 1440 3339 citatos
1477 3272 1627 3338 vide
1658 3270 1835 3357 apud
1871 3272 2197 3340 Gonzalez
2230 3272 2320 3359 (in
2351 3281 2549 3358 caput
2574 3276 2819 3338 Cmnab

586 3393 987 3468 eeclesiarum,
1021 3390 1196 3455 tituli
1224 3392 1335 3468 31,
1355 3389 1510 3458 libri
1539 3391 1564 3453 l
1612 3385 2090 3472 decretalium).
2124 3390 2179 3453 Ii
2207 3397 2429 3456 autem
2459 3391 2650 3473 pauci
2673 3389 2820 3455 fue-

586 3513 779 3589 runt3
834 3507 924 3571 ita
967 3511 1047 3568 ut
1093 3505 1417 3569 sententia
1473 3504 1801 3568 contraria
1844 3519 2109 3586 semper
2151 3504 2360 3570 multo
2415 3505 2821 3572 communior

586 3619 764 3703 apud
785 3620 1088 3686 doctores
1111 3617 1457 3685 catholicos
1482 3619 1841 3702 exstiterit3
1871 3638 2044 3685 nunc
2061 3626 2281 3685 autem
2298 3620 2821 3694 communissima

588 3733 869 3801 dicenda
900 3735 1004 3810 sit,
1038 3741 1110 3799 et
1134 3734 1270 3799 sola
1305 3733 1372 3797 in
1395 3733 1583 3817 praxi
1616 3739 1918 3817 recepta:

673 3852 743 3916 6⁰
769 3851 1206 3930 Quaestionem
1249 3848 1683 3935 expediemus
1708 3848 1957 3932 duplici
1984 3851 2419 3935 paragrapho.
2466 3854 2531 3916 1⁰
2568 3852 2820 3935 Nempe

587 3964 1014 4049 expiodemus
1054 3975 1437 4050 argumenta
1483 3985 1565 4030 ex
1610 3967 2042 4032 monumentis
2070 3965 2405 4032 historicis
2449 3965 2819 4050 desumpta,

586 4081 824 4166 quibus
837 4082 1216 4166 parochistae
1238 4060 1521 4167 probare
1538 4082 1845 4147 nituntur
1865 4080 2017 4146 olim
2045 4099 2253 4164 penes
2274 4087 2538 4147 curatos
2561 4083 2821 4148 stetisse

588 4192 1190 4264 excommunicandi
1225 4201 1622 4278 potestatem
1655 4214 1673 4277 3
1722 4194 1791 4257 2⁰
1829 4192 2251 4275 probabimus
2291 4192 2523 4266 falsam
2558 4194 2824 4260 omniun

588 4327 728 4382 esse
759 4311 1127 4395 opinionem
1157 4327 1300 4394 qum
1334 4306 1711 4395 hujusmodi
1744 4307 2239 4392 prerogativam
2268 4307 2566 4392 parochis
2597 4306 2825 4376 hodie-

590 4426 756 4496 dum
775 4426 1128 4494 tribueret.
