3146 4973
548 408 677 470 290
1230 417 1603 464 rnacrarus
1651 418 1738 463 nn
1784 417 2108 464 PAnocno.

543 544 694 609 dem
729 541 797 608 id
834 561 871 606 e
909 547 1135 606 contra
1179 538 1411 603 eadem
1458 538 1748 623 synodus
1784 540 2149 622 prohibuit,
2195 547 2270 605 ut
2308 539 2501 606 modo
2543 539 2774 622 proba·

542 663 753 725 vimus
797 681 809 723 :
853 656 969 722 sed
1009 653 1499 739 intelligendum
1541 665 1642 721 est
1685 654 1768 721 de
1801 658 2038 722 unione
2085 657 2442 723 accessoria
2473 656 2769 721 beneficii

540 776 840 858 simplicis
877 774 1163 839 ecclesiae
1202 771 1571 856 parochiali.

626 893 1022 957 Pnoposmo
1060 889 1164 951 Va.
1210 926 1299 936 ——
1339 892 1668 969 Episcopus
1711 894 1918 969 nequit
1959 891 2160 953 valide
2206 893 2404 952 dictas
2445 889 2771 971 parochia-

537 1027 671 1071 rum
704 1012 948 1069 uniones
976 1024 1290 1086 peraqere,
1330 1009 1453 1067 nisi
1490 1025 1569 1065 ex
1598 1024 1778 1067 causa
1813 1011 2184 1068 necessitatis
2218 1009 2314 1068 vel
2345 1008 2769 1068 utilitatis.—

533 1125 692 1187 Nam
715 1139 927 1205 neque
955 1140 991 1184 a
1020 1117 1396 1184 'tridentina
1413 1116 1689 1202 synodo,
1729 1138 1940 1203 neque
1979 1140 2018 1184 a
2046 1118 2195 1203 jure
2219 1121 2546 1186 communi
2575 1128 2766 1186 antea

533 1238 793 1320 vigente
816 1237 1126 1302 tribuitur
1144 1235 1476 1318 Episcopis
1508 1238 1776 1297 absolute
1800 1234 2251 1319 hujuscemodi
2285 1238 2596 1302 unionum
2622 1256 2768 1319 per·

530 1351 934 1437 agendarum
973 1359 1301 1435 potestas;
1350 1349 1467 1416 sed
1514 1348 1856 1416 dumtaxat
1895 1352 1978 1416 ob
2021 1360 2234 1418 certas
2263 1351 2577 1436 quasdam
2615 1371 2766 1417 cau·

527 1486 648 1532 sas,
687 1470 829 1533 Istae
862 1486 1021 1533 vero
1069 1485 1298 1543 causae,
1342 1465 1427 1531 ad
1471 1466 1828 1549 legitimam
1865 1466 2173 1532 unionem
2218 1469 2562 1552 requisitae,
2611 1466 2758 1532 duae

525 1591 699 1661 sunt,
743 1584 1098 1648 necessitas
1140 1590 1209 1647 et
1252 1583 1514 1647 utilitas.
1546 1581 1738 1662 Quod
1767 1585 1857 1648 sic
1889 1603 1973 1648 ex
2006 1583 2168 1668 juris
2199 1584 2488 1649 textibus
2524 1583 2762 1667 proba-

522 1709 633 1764 tur
676 1722 689 1764 :
735 1702 945 1783 capite
976 1704 1331 1781 Exposuisti
1377 1702 1457 1764 33
1514 1699 1609 1784 (de
1643 1698 2010 1783 Praebendis)
2055 1701 2459 1784 permittitur
2493 1700 2759 1785 quidem

521 1816 826 1880 unionem
850 1814 994 1880 fieri
1023 1822 1078 1876 si
1102 1819 1343 1878 evidens
1370 1821 1689 1877 necessitas
1719 1818 1813 1877 vel
1841 1818 2083 1878 utilitas
2110 1822 2352 1897 exiqat;
2380 1835 2512 1880 non
2539 1822 2757 1879 autem

522 1938 712 1996 extra
745 1929 918 1993 hunc
955 1931 1352 1994 necessitatis
1397 1930 1502 1994 vel
1550 1929 1848 1994 utilitatis
1883 1949 2125 1995 casum.
2169 1932 2378 2015 Atque
2415 1931 2567 1995 olim
2606 1938 2756 1994 ante

517 2043 961 2111 Tridentinam
985 2044 1332 2130 synodum,
1356 2064 1487 2110 non
1507 2047 1792 2129 potuisse
1825 2046 1907 2111 ab
1928 2046 2257 2130 Episcopis
2284 2047 2551 2112 uniones
2578 2045 2748 2123 fieri,

519 2163 641 2226 nisi
670 2182 753 2228 ex
775 2160 949 2228 dicta
973 2162 1373 2226 necessitatis
1404 2161 1509 2226 vel
1542 2160 1844 2226 utilitatis
1868 2180 2081 2240 causa,
2118 2180 2238 2245 pro
2272 2168 2611 2245 comperto
2640 2160 2752 2226 ha-

518 2278 677 2343 bent
709 2280 1051 2343 canonistae
1102 2295 1348 2343 omnes.
1388 2278 1504 2341 Jus
1554 2295 1713 2341 vero
1743 2276 2194 2343 Tridentinum
2238 2276 2307 2341 id
2345 2294 2754 2364 nequaquam

518 2390 906 2457 immutavit.
962 2390 1280 2474 Equidem
1332 2390 1469 2454 aliis
1526 2391 1820 2455 terminis
1875 2393 2107 2470 utitur,
2164 2390 2320 2457 dum
2382 2393 2617 2479 (capite
2673 2398 2744 2469 5,

515 2527 669 2573 sess.
705 2505 813 2590 21)
857 2508 1125 2572 uniones
1164 2505 1614 2589 parochiarum
1648 2505 1950 2571 concedit
1977 2517 2234 2589 propter
2263 2530 2469 2572 earum
2492 2528 2754 2590 pauper-

519 2633 724 2700 tatem,
759 2630 819 2686 et
858 2630 923 2685 in
961 2628 1191 2685 coeteris
1220 2626 1455 2686 casibus
1494 2644 1531 2684 a
1555 2627 1700 2705 jure
1735 2629 2046 2702 permissis
2076 2645 2096 2686 .·
2131 2624 2249 2689 sed
2278 2644 2354 2689 ea
2386 2625 2586 2689 verba
2629 2643 2751 2688 nec

515 2740 663 2822 plus
704 2758 825 2803 uec
859 2738 1072 2802 minus
1109 2739 1502 2820 exprimunt,
1555 2757 1748 2821 quam
1794 2739 1858 2802 in
1898 2739 2095 2804 citato
2125 2740 2336 2823 capite
2394 2743 2752 2819 Exposuisti

518 2854 925 2935 exprimitur.
973 2855 1129 2918 Nam
1167 2851 1447 2919 diceudo
1492 2861 1556 2917 in
1599 2860 1836 2917 coeteris
1882 2857 2115 2918 casibus
2157 2876 2193 2917 a
2220 2861 2362 2937 jure
2403 2860 2740 2937 per-missis,

518 2969 981 3053 aequivalenter
1033 2968 1192 3033 dicit
1242 2989 1321 3031 ex
1373 2991 1554 3032 causa
1625 2977 1997 3034 necessitatis
2054 2974 2151 3035 vel
2208 2976 2538 3050 utilitatis,
2601 2988 2748 3035 cum

517 3083 623 3166 jus
653 3091 793 3147 tum
816 3085 1041 3166 vigens
1062 3105 1193 3151 non
1226 3104 1306 3148 ex
1333 3085 1456 3149 alia
1480 3086 1753 3154 uniones
1777 3086 2217 3167 permitteret.
2245 3085 2566 3151 Addendo
2589 3104 2747 3150 vero

518 3203 589 3263 ob
616 3220 821 3263 earum
854 3208 1294 3281 paupertatem,
1337 3220 1465 3265 non
1511 3202 1817 3283 exprimit
1850 3221 2104 3266 causam
2149 3221 2187 3266 a
2219 3203 2599 3267 necessitate
2642 3201 2748 3265 vel

520 3316 799 3381 utilitate
831 3313 1176 3392 diversam,
1213 3313 1333 3380 sed
1377 3333 1518 3399 quoe
1566 3315 1846 3382 formula
1897 3324 2268 3381 necessitatis
2315 3321 2410 3380 vel
2456 3321 2747 3381 utilitatis

522 3428 1118 3514 comprehenditur.
1176 3429 1364 3495 Unde
1422 3439 1719 3495 remanet
1769 3430 2122 3497 hodiedum
2181 3434 2374 3497 etiam
2424 3433 2568 3498 fleri
2615 3451 2744 3496 non

523 3565 708 3628 posse
731 3544 937 3609 dictas
956 3544 1408 3626 parochiarum
1442 3547 1732 3623 unioneS‚
1766 3547 1885 3610 nisi
1912 3568 1992 3612 ex
2016 3549 2418 3614 necessitatis
2445 3550 2547 3613 vel
2572 3550 2747 3613 utili-

525 3662 675 3724 tatis
693 3677 907 3739 causa;
936 3677 1077 3740 quae
1104 3678 1295 3723 causa
1321 3661 1373 3722 si
1395 3657 1586 3736 desit,
1605 3661 1885 3727 invalida
1907 3662 2037 3726 erit
2056 3663 2233 3739 ιιῃίο,
2253 3672 2451 3746 prout
2472 3663 2742 3729 adnotat

526 3777 859 3856 Fagnanus
892 3772 977 3857 (in
996 3791 1136 3854 cap.
1169 3776 1526 3854 Exposuisti
1551 3779 1659 3852 33,
1699 3781 1771 3839 de
1802 3782 2169 3857 Proebendis,
2205 3799 2269 3842 n.
2313 3778 2414 3861 15)
2443 3801 2456 3843 :
2491 3803 2523 3837 a
2549 3780 2735 3856 Unio,

531 3915 556 3946 a
595 3889 823 3972 inquit,
871 3888 1151 3972 requirit
1189 3908 1445 3955 causam
1486 3895 1887 3957 necessitatis
1930 3895 2035 3959 vel
2073 3895 2370 3959 utilitatis
2412 3896 2737 3976 ecclesiae3

528 4028 559 4064 α
594 4002 878 4087 alioquin
929 4022 1057 4068 non
1103 4003 1300 4083 valet,
1350 4007 1599 4071 etiamsi
1628 4007 1744 4070 fiat
1780 4008 1861 4072 ab
1894 4007 2240 4075 Ordinario
2266 4020 2524 4077 servata
2552 4010 2745 4094 juris-

524 4144 557 4180 «
592 4117 823 4183 forma.
862 4140 894 4178 »

610 4239 789 4299 Nota.
831 4271 916 4280 —
945 4237 1124 4298 Circa
1147 4238 1386 4299 modum
1427 4244 1582 4298 recte
1617 4241 2000 4319 intelliqemli
2023 4241 2175 4303 hanc
2209 4248 2616 4305 necessitatem
2644 4247 2741 4306 vel

513 4355 865 4416 utilitatem.
916 4388 1004 4398 —
1055 4353 1412 4417 Necessitas
1452 4359 1611 4415 tunc
1653 4362 1956 4419 censetur
2004 4356 2425 4437 intervenire,
2476 4357 2738 4441 quando

514 4467 835 4551 parochia,
874 4467 979 4530 cui
1006 4468 1157 4531 unio
1189 4464 1486 4533 facienda
1529 4474 1651 4545 est,
1683 4466 1847 4532 adeo
1883 4478 2081 4532 tenues
2118 4470 2314 4537 habet
2351 4472 2624 4548 redituS‚
2662 4481 2737 4537 ut
