3146 4973
1240 347 1397 395 psus
1440 348 1702 395 muns.
2460 342 2589 405 305

453 477 523 538 30
544 474 645 539 Ad
667 473 1053 557 Episcopum
1077 488 1194 536 seu
1219 470 1632 537 Ordinarium
1660 470 1747 538 de
1766 471 1917 556 jure
1949 476 2277 540 communi
2305 477 2591 558 pertinet

364 590 704 654 instituere
736 607 961 653 omnes
996 608 1034 653 a
1069 588 1357 671 patronis
1381 595 1809 671 praesentatos
1836 587 1924 655 ad
1956 589 2276 656 beneficia
2299 592 2594 659 dioecesis

365 722 518 768 suae.
562 728 589 762 (ι
631 703 1085 788 Competitque
1121 702 1182 767 ei
1220 701 1355 768 haec
1396 709 1685 785 potestas
1723 707 2087 768 instituendi
2120 703 2239 789 (uti
2270 713 2339 771 et
2379 708 2595 784 confir·

371 841 403 878 α
440 817 668 903 mandi)
690 817 839 903 jure
860 818 1308 902 magistratus;
1335 823 1812 903 reputaturque
1845 819 2017 882 inter
2032 817 2588 902 jurisdictionum,

371 956 404 995 α
440 939 748 1018 tanquam
782 934 1040 1000 fructus
1066 932 1530 1018 jurisdictionis
1568 956 1583 997 :
1620 951 1808 999 secus
1847 953 1923 998 uc
1961 936 2275 1017 contingit
2314 936 2380 998 in
2418 945 2598 1018 pote-

373 1072 404 1112 α
440 1057 609 1116 state
636 1052 1010 1130 conferendi;
1026 1047 1191 1112 hanc
1215 1048 1387 1112 enim
1408 1047 1588 1112 nulla
1614 1048 1865 1112 ratione
1884 1056 2261 1131 competere
2279 1050 2597 1135 Episcopo

374 1188 406 1224 α
444 1166 697 1230 ratione
749 1164 1183 1248 magistratus,
1232 1183 1350 1231 seu
1394 1173 1696 1249 spectare
1744 1164 1829 1230 ad
1875 1165 2017 1251 ejus
2048 1165 2591 1249 jurisdictionem,

374 1304 406 1340 α
441 1281 532 1346 ait
553 1281 860 1346 Lotterus
892 1279 1081 1366 (libro
1104 1282 1168 1357 2,
1197 1276 1262 1365 q.
1288 1282 1351 1359 2,
1387 1301 1452 1345 n.
1486 1278 1573 1364 5);
1605 1278 1727 1345 sed
1751 1300 1891 1346 esse
1926 1281 2272 1364 potestatis
2296 1282 2599 1349 acciden-

375 1420 406 1457 «
444 1396 588 1462 talis
631 1394 989 1480 cujusdam,
1035 1394 1270 1463 eodem
1314 1395 1728 1462 nihilominus
1759 1403 2057 1480 tempore
2095 1415 2434 1473 concessoe,
2471 1416 2601 1482 quo

377 1535 407 1573 α
451 1510 905 1577 conceduntur
939 1530 1058 1577 seu
1100 1512 1567 1596 imprimuntur
1611 1511 1672 1576 ei
1704 1510 2258 1595 jurisdictionalia,
2293 1513 2602 1578 nimirum

377 1649 409 1688 «
453 1644 535 1692 ex
558 1626 823 1710 speciali
852 1628 1265 1693 concessione
1303 1626 1546 1710 legis..
1597 1648 1610 1690 ε
1645 1627 1710 1689 in
1748 1625 1871 1691 hoc
1909 1624 2060 1710 jure
2085 1630 2431 1708 conferendi
2459 1647 2602 1694 esse

379 1765 411 1803 α
447 1740 606 1827 quid
647 1743 838 1826 longe
872 1742 1115 1826 majus3
1152 1751 1223 1807 et
1276 1760 1590 1826 superare
1635 1740 1742 1825 jus
1779 1740 2235 1828 quodcumque
2289 1742 2597 1827 eligendi,

378 1882 410 1919 α
443 1857 892 1935 confirmandi,
928 1856 1350 1942 instituendi3
1385 1855 1567 1941 quod
1615 1877 1744 1924 non
1783 1858 1994 1922 solum
2035 1866 2388 1941 reputetur
2433 1860 2607 1925 inter

374 1995 406 2032 «
444 1973 699 2037 fructus
735 1971 1152 2055 episcopales„
1188 1970 1307 2037 sed
1351 1979 1419 2036 et
1466 1974 1797 2038 contineat
1843 1990 2091 2036 meram
2142 1972 2441 2054 gratiam,
2487 1991 2606 2038 seu

373 2111 405 2147 α
438 2093 828 2170 potestatem
855 2085 1297 2170 gratificandi3
1337 2105 1487 2152 cum
1513 2085 1622 2171 jus
1652 2083 2036 2151 instituendi
2073 2093 2143 2150 et
2181 2085 2607 2152 confirmandi

374 2225 406 2265 α
443 2204 572 2267 sint
598 2199 683 2267 de
708 2220 889 2268 mera
907 2201 1228 2286 justitio.»
1261 2200 1664 2287 (Leurenius,
1693 2206 1910 2265 Forum
1933 2201 2293 2280 beneficiate,
2322 2208 2511 2285 parte
2536 2206 2601 2281 2,

370 2336 439 2403 q.
479 2318 658 2402 169.)

460 2435 529 2498 4⁰
592 2432 761 2500 Sede
812 2433 1160 2519 episcopali
1221 2440 1491 2501 vacante
1509 2482 1526 2512 ‚
1583 2439 1798 2517 potest
1855 2431 2210 2516 capitulum
2259 2438 2608 2518 antequam

370 2548 622 2622 electus
666 2548 867 2615 fuerit
907 2550 1185 2615 vicarius
1228 2549 1600 2633 capitularis
1616 2597 1633 2626 ‚
1686 2554 1756 2614 et
1805 2554 2033 2631 postea
2079 2549 2352 2630 ipsemet
2396 2546 2611 2615 dictus

370 2665 649 2730 vicarius
684 2670 1105 2747 praesentatos
1149 2665 1530 2748 instituere3
1577 2663 1874 2749 quamvis
1917 2667 2249 2746 nequeant
2295 2661 2612 2730 beneficia

366 2771 592 2845 liberae
625 2780 990 2846 collationis
1023 2780 1324 2864 Episcopi
1358 2779 1684 2876 conferre.
1721 2778 1907 2844 Ratio
1950 2783 2082 2855 est,
2122 2778 2270 2861 quia
2298 2784 2611 2843 instituere

371 2897 657 2979 pertinet
681 2893 767 2959 nd
792 2893 1201 2961 ordinariam
1223 2894 1524 2978 Episcopi
1542 2891 2085 2978 jurisdictionem,
2105 2911 2246 2977 quae
2267 2889 2353 2957 ad
2372 2895 2611 2976 cupitu-

371 3011 505 3076 lum
538 3011 863 3095 ipsiusque
895 3009 1208 3074 vicarium
1232 3010 1463 3074 transit
1502 3030 1515 3072 :
1554 3015 1844 3091 potestas
1870 3015 2088 3072 autem
2120 3009 2461 3087 conserendi
2480 3028 2611 3074 non

371 3133 473 3192 est
510 3126 773 3210 proprie
810 3123 895 3191 de
929 3123 1562 3210 jurisdictionalibus
1592 3122 1927 3206 Episcopi,
1966 3124 2257 3206 quamvis
2291 3122 2351 3187 ei
2387 3141 2426 3186 a
2465 3123 2610 3206 lege

372 3241 790 3317 concedatur,
841 3241 1058 3306 statim
1118 3259 1191 3304 ac
1240 3238 1766 3324 jurisdictionem
1818 3236 2250 3321 episcopalem
2307 3239 2603 3321 acquirit.

370 3358 453 3422 Et
474 3365 742 3423 notetur
763 3375 883 3441 per
906 3356 1373 3422 institutionem
1402 3355 1655 3420 nullum
1680 3353 1889 3420 creari
1917 3349 2366 3437 praejudicium
2396 3352 2615 3418 subse·

370 3474 603 3557 quenti
636 3473 990 3556 Episcop03
1045 3491 1192 3536 cum
1230 3471 1343 3536 illa
1381 3471 1703 3537 institutio
1742 3470 1826 3534 sit
1865 3476 2052 3534 actus
2092 3466 2381 3551 justitiae,
2420 3483 2611 3551 quem

374 3586 707 3654 debuisset
736 3589 875 3672 ipse
905 3589 1204 3671 explere,
1237 3590 1290 3654 si
1322 3587 1605 3653 vicarius
1630 3585 2004 3670 capitularis
2035 3603 2164 3649 non
2190 3584 2605 3667 explevisset.

374 3705 426 3770 E
478 3711 703 3768 contra
754 3721 875 3786 per
920 3705 1297 3766 collationem
1356 3699 1808 3786 proejudicium
1857 3705 2201 3782 pateretur
2254 3696 2614 3764 succedens

375 3819 730 3902 Episcopus
745 3866 761 3896 ‚
815 3819 967 3903 quia
1014 3817 1332 3902 potuisset
1378 3815 1769 3882 beneficium
1818 3814 2012 3881 alteri
2056 3814 2379 3880 conferre.
2424 3812 2613 3898 (Vide

377 3936 771 4001 Leurenium
791 3982 807 4013 ‚
840 3935 986 4000 loco
1015 3934 1235 4012 citato,
1268 3952 1334 4019 q.
1377 3930 1553 4013 170.)

470 4054 537 4114 5⁰
565 4052 732 4116 Item
760 4051 1098 4116 instituere
1144 4055 1360 4133 potest
1389 4046 1669 4115 vicarius
1714 4045 2033 4130 generatis
2058 4064 2143 4111 ex
2172 4043 2613 4109 commissione

381 4166 674 4250 generali
704 4164 890 4231 officii
918 4168 1054 4249 sui3
1095 4164 1389 4250 quamvis
1416 4162 1664 4247 absque
1695 4160 1962 4244 speciali
1994 4157 2302 4225 mandato
2338 4164 2620 4243 nequeat

382 4279 688 4346 conferre
734 4279 1081 4357 beneficia,
1131 4297 1409 4364 quorum
1446 4276 1704 4342 collatio
1754 4273 1838 4340 ad
1875 4275 2260 4358 Episcopum
2299 4274 2611 4356 pertinet.

387 4396 552 4465 Vide
580 4394 650 4462 id
680 4396 1028 4482 probatum
1055 4414 1092 4462 a
1120 4394 1386 4462 laudato
1416 4394 1736 4460 Leurenio
1766 4386 2054 4478 (ibidem,
2086 4408 2152 4475 q.
2196 4386 2372 4555 l7l)2.

2374 4498 2412 4557 0
