3146 4973
1225 395 1381 444 rans
1430 395 1699 455 Quina-A.
2451 383 2579 449 595

345 517 628 596 nistrari‚
662 518 714 581 si
759 516 1015 584 deesset
1064 536 1340 600 novum3
1389 519 1639 584 etiamsi
1697 517 1997 585 defectus
2050 520 2201 584 novi
2248 521 2584 604 culpabilis

345 633 595 699 fuisset.

440 751 541 814 13.
584 748 801 815 Debet
835 751 1156 833 parochus
1196 771 1318 834 per
1363 751 1675 835 seipsum,
1709 754 1816 818 vel
1861 772 1981 837 per
2027 748 2337 818 clericum
2375 753 2443 817 in
2486 773 2584 820 sa-

345 866 491 942 cris,
529 866 581 929 si
617 867 709 930 ita
732 865 841 931 lex
879 865 1247 931 dioecesana
1277 867 1472 942 ferat,
1511 867 1675 934 iilud
1722 867 1841 933 sibi
1884 887 2288 953 comparare.
2332 870 2450 955 (De
2488 870 2585 934 his

344 981 494 1047 vide
518 983 777 1047 citatam
806 982 1143 1047 Benedicti
1163 985 1307 1048 XIV
1340 983 1869 1067 institutionem.)

442 1100 541 1162 14.
584 1097 776 1179 Quod
820 1100 1058 1163 attinet
1102 1098 1188 1164 ad
1243 1100 1645 1183 spiritualem
1704 1101 2135 1166 assistentiam
2191 1100 2474 1167 infirmis
2518 1110 2586 1169 ct

343 1212 746 1281 moribundis
782 1234 819 1278 a
845 1214 1129 1297 parocho
1155 1214 1608 1298 praestandam,
1642 1214 1912 1282 adnotat
1936 1213 2294 1282 Leurenius
2320 1219 2391 1282 in
2413 1218 2585 1282 hunc

345 1327 608 1394 modum
647 1353 662 1395 ε
722 1351 756 1390 «
809 1331 875 1393 1⁰
915 1331 1148 1395 Teucri
1197 1330 1405 1408 illum,
1451 1330 1569 1399 ubi
1620 1347 1886 1397 necesse
1932 1340 2055 1411 est,
2103 1332 2188 1398 ad
2233 1332 2588 1398 visitandos

347 1463 379 1502 α
420 1443 708 1508 infimos
751 1442 1089 1522 accedere,
1125 1462 1367 1529 eosque
1395 1447 1784 1528 opportunis
1826 1446 2135 1513 remediis
2175 1447 2434 1532 juvare3
2478 1448 2585 1514 ha·

347 1577 379 1618 α
415 1555 635 1623 hendo
687 1560 754 1622 in
808 1565 1116 1642 promptu
1169 1568 1576 1643 argumenta,
1626 1558 1709 1625 ad
1761 1562 2045 1626 animum
2080 1562 2572 1641 consolandum,

348 1698 381 1734 α
423 1673 966 1759 excitandamque
1010 1673 1095 1739 ad
1147 1693 1252 1739 res
1288 1673 1538 1740 divinas
1567 1681 1637 1739 et
1672 1683 1948 1743 aeternas
1988 1694 2299 1760 congrua.
2345 1681 2415 1740 2⁰
2453 1678 2589 1742 Ma-

348 1814 381 1850 «
423 1807 619 1874 gnum
651 1797 720 1857 et
747 1793 1187 1857 necessarium
1226 1809 1368 1856 esse
1405 1791 1860 1869 ministerium,
1897 1791 2341 1878 majoremque
2382 1797 2444 1859 ei
2484 1795 2589 1858 in-

281 1983 304 2010 ·
345 1927 379 1967 α
415 1906 722 1973 cumbere
752 1905 1211 1991 obligationem
1244 1905 1585 1973 assistendi
1618 1925 1797 1992 aegro
1848 1909 2182 1992 incipienti
2214 1910 2577 1993 agonizare,

343 2045 375 2084 α
408 2030 475 2088 et
531 2023 795 2089 ferendi
831 2042 1022 2107 opem
1074 2030 1508 2106 opportunam
1570 2023 1637 2087 in
1693 2042 1774 2088 eo
1827 2025 2193 2108 periculoso
2222 2033 2574 2091 momento.

340 2160 373 2198 α
412 2139 553 2203 Non
597 2146 817 2205 tamen
866 2141 1079 2205 teneri
1126 2138 1481 2222 parochum
1530 2139 1654 2204 sub
1690 2139 1949 2205 mortali
1987 2142 2286 2208 assistere
2325 2143 2582 2208 infirmo

340 2273 373 2315 a
407 2257 519 2339 qui
547 2262 952 2320 sacramenta
996 2255 1283 2338 recepit,
1333 2261 1560 2321 censet
1612 2256 1946 2322 Barbosa..
1971 2307 1985 2320 .
2022 2257 2213 2338 Quod
2260 2258 2315 2322 si
2359 2266 2580 2324 tamen

340 2391 372 2428 α
413 2370 707 2436 infirmus
734 2370 936 2435 fuerit
963 2370 1400 2453 impoenitenS,
1423 2378 1694 2437 tenetur
1722 2373 1784 2437 ei
1812 2373 2111 2439 assistere
2137 2389 2344 2458 usque
2372 2374 2458 2440 ad
2484 2394 2581 2441 re-

338 2512 368 2550 «
412 2485 790 2553 ductionem
825 2510 856 2548 n
901 2486 1142 2573 (Forum
1178 2488 1544 2568 beneficiate,
1580 2496 1769 2571 parte
1805 2492 1860 2566 1,
1896 2507 1961 2573 q.
1992 2489 2172 2576 428).

419 2604 648 2670 Praxis
673 2611 774 2669 est
798 2604 1041 2681 Romae,
1071 2604 1232 2668 etin
1259 2604 1514 2669 caeteris
1555 2610 1763 2669 status
1794 2604 2122 2670 Pontificii
2154 2605 2568 2687 dioecesibus,

328 2722 405 2786 ut
428 2720 723 2785 infirmus
747 2721 819 2783 in
845 2718 1154 2785 extremis
1180 2721 1592 2798 constitutae,
1628 2722 1801 2782 nuno
1834 2723 1961 2784 diez·
1988 2727 2254 2785 noctisve
2284 2731 2566 2805 tempore,

271 2875 278 2885 ·
330 2836 595 2920 parochi
608 2834 772 2923 (vel,
797 2837 937 2918 ipso
961 2832 1301 2919 impedito,
1335 2831 1605 2899 alterius
1630 2833 1717 2899 ad
1745 2833 1815 2899 id
1840 2834 2142 2919 deputati
2172 2838 2569 2924 presbyteri)

331 2952 567 3017 auxilio
596 2958 667 3015 et
692 2951 1037 3034 praesentia
1068 2948 1486 3014 destituatur.
1533 2949 1728 3030 Quod
1767 2958 1835 3015 et
1883 2958 2066 3016 tanta
2101 2953 2410 3038 religione
2435 2975 2575 3022 ser·-

328 3073 544 3145 vatur,
586 3072 661 3131 ut
702 3066 905 3130 instar
941 3062 1231 3129 scandali
1266 3062 1463 3141 foret,
1499 3081 1581 3129 eo
1622 3073 1953 3130 momento
1986 3065 2316 3132 infirmum
2353 3069 2560 3151 obire,

326 3198 456 3267 quo
491 3194 620 3246 non
639 3178 905 3246 adesset
933 3179 1256 3262 parochus
1284 3178 1510 3263 ejusve
1548 3179 1965 3245 substitutus.
2020 3181 2070 3247 A
2108 3200 2235 3267 qua
2268 3188 2455 3268 praxi
2501 3188 2571 3252 in

324 3298 650 3365 nonnuliis
678 3297 898 3362 Gallim
927 3294 1295 3379 regionibus
1320 3297 1412 3360 ita
1441 3294 1761 3361 recedere
1795 3297 2007 3362 solent
2036 3299 2317 3381 parochi,
2350 3308 2425 3366 ut
2458 3304 2570 3370 vix

325 3414 484 3480 mihi
515 3411 968 3499 persuadeam,
985 3430 1098 3478 eos
1125 3426 1318 3477 suum
1335 3412 1407 3475 in
1427 3411 1547 3476 hac
1573 3430 1648 3477 re
1671 3410 1950 3476 officinm
1972 3414 2125 3478 satis
2139 3414 2560 3485 intellexisse.

333 3533 430 3596 De
463 3530 544 3596 iis
581 3530 834 3615 loquor,
885 3529 998 3613 qui
1021 3528 1257 3593 delatis
1301 3526 1566 3594 infirmo
1603 3530 2043 3611 sacramentis,
2083 3531 2207 3612 ipsi
2248 3538 2474 3614 postea
2498 3537 2569 3599 in

331 3647 636 3712 extremis
673 3648 884 3730 posito
917 3654 1031 3712 aut
1072 3644 1203 3730 jam
1241 3645 1625 3729 agonizanti,
1650 3643 1880 3711 adesse
1916 3664 2049 3711 non
2090 3656 2343 3726 curant,
2381 3650 2449 3713 in
2486 3652 2568 3716 ἢ

330 3764 525 3828 etiam
562 3761 719 3829 iocis
763 3769 833 3829 et
873 3762 1154 3841 familiis,
1185 3762 1300 3826 ubi
1345 3760 1540 3826 facile
1585 3780 1729 3826 eam
1780 3762 2208 3829 assistentiam
2252 3774 2566 3848 praemre

327 3884 619 3962 possent.
662 3878 818 3958 Quae
868 3884 1047 3942 certe
1097 3874 1333 3961 agendi
1380 3878 1550 3942 ratio
1584 3877 1741 3940 mihi
1782 3894 1914 3943 non
1965 3876 2232 3943 videtur
2286 3898 2476 3964 posse
2525 3902 2564 3950 a

329 3993 524 4078 calpa
575 3994 892 4059 excusari.
943 3993 1259 4057 lile-mores
1313 3992 1442 4057 sint
1495 3989 1829 4057 tremendi
1884 3993 2318 4073 parochorum
2376 3995 2567 4064 officii

331 4126 500 4188 esse,
534 4116 611 4174 ut
655 4109 982 4174 insomnes
1027 4109 1229 4173 etiam
1261 4115 1488 4174 noctes
1529 4105 1909 4187 traducant,
1934 4107 2048 4174 ubi
2089 4107 2158 4175 id
2202 4112 2564 4180 animarum

333 4223 453 4289 sibi
494 4225 981 4291 commissarum
1027 4224 1200 4291 salus
1239 4224 1639 4308 expostulat.
