3146 4973
1196 441 1352 491 raas
1396 441 1666 502 Qum-rs.
2414 427 2543 492 615

319 575 422 622 εον
464 560 756 638 impedire
791 575 866 624 nc
904 563 980 624 ab
1018 568 1097 626 iis
1128 567 1213 628 ad
1245 584 1390 645 quos
1411 570 1559 648 jure
1590 572 1898 647 pertinent
1920 560 2368 650 percipientem·
2398 585 2545 649 qua-

316 691 560 752 cumque
595 677 648 736 is
678 675 1005 754 diynitate,
1041 682 1224 742 etiam
1258 681 1564 760 imperiali
1593 687 1703 743 aut
1735 684 1934 761 reqali
1956 684 2345 764 proefulqeat.

403 787 537 852 Etsi
572 794 795 854 autem
824 797 1009 855 certa
1046 791 1130 857 sit
1158 799 1228 858 et
1261 795 1524 860 omniuo
1555 794 1842 862 tenenda
1878 798 2235 864 eommunis
2264 796 2403 862 haec
2424 794 2542 863 do-

316 907 570 967 ctorum
600 903 949 986 sententia,
974 926 1104 971 non
1133 914 1350 974 tamen
1378 927 1456 974 ex
1488 927 1563 974 ea
1589 885 1882 994 seqnitur
1909 928 2039 977 non
2059 929 2270 995 posse,
2292 932 2374 982 ex
2400 931 2544 982 con-

315 1018 605 1086 cessione
633 1018 818 1088 sedis
842 1020 1245 1104 Apostolicae‚
1251 1024 1416 1109 juris
1440 1024 1684 1110 aliquid
1707 1028 1773 1092 in
1808 1026 2332 1096 administrandis
2358 1029 2543 1096 bonis

317 1134 769 1202 ecclesiasticis
817 1138 1105 1203 saeculari
1151 1142 1459 1222 potestati
1498 1148 1897 1224 competere.
1930 1144 2088 1208 Cum
2142 1162 2377 1227 nempe
2422 1144 2541 1209 Ro-

317 1266 544 1314 manus
561 1249 862 1315 Pontifex
883 1271 1230 1335 supremus
1245 1255 1328 1320 sit
1350 1253 1671 1338 ejusmodi
1689 1256 2004 1323 bonorum
2030 1257 2535 1334 administrator,

315 1364 368 1427 si
404 1366 836 1430 conventione
869 1366 1087 1450 aliqua
1129 1387 1248 1433 seu
1285 1369 1684 1436 concordate
1711 1391 1861 1437 cum
1905 1373 2195 1439 saeculari
2221 1374 2532 1456 principe,

313 1485 556 1544 certam
588 1480 646 1543 ei
691 1479 810 1546 hac
855 1481 920 1546 in
957 1501 1032 1547 re
1055 1481 1568 1565 jurisdictionem
1605 1486 1942 1567 attribuat,
1990 1486 2262 1554 dubium
2285 1508 2413 1558 non
2439 1495 2539 1553 est

312 1592 487 1676 quin,
537 1594 707 1660 intra
753 1597 1197 1664 conventionis
1231 1598 1494 1679 limiteS,
1528 1599 1614 1666 de
1655 1599 1840 1668 honis
1873 1602 2064 1668 etiam
2101 1609 2168 1665 et
2208 1602 2410 1668 rebus
2438 1621 2542 1667 ec-

314 1707 684 1774 clesiasticis
706 1709 998 1792 legitime
1025 1710 1133 1795 jus
1160 1711 1337 1779 dicat
1363 1714 1693 1780 saecularis
1722 1722 2039 1799 potestas3
2065 1715 2249 1799 cujus
2280 1714 2539 1782 ordina-

313 1821 594 1888 tionibus
623 1831 804 1902 tunc,
853 1832 930 1889 ut
964 1833 1119 1909 pote
1162 1847 1247 1894 ex
1283 1828 1394 1893 illo
1428 1829 1879 1896 ecclesiasticae
1920 1832 2263 1914 potestatis
2297 1832 2536 1914 placito

313 1936 438 2000 vim
473 1935 940 2020 haurientibus,
983 1940 1288 2008 standum
1315 1942 1758 2027 proculdubio
1790 1946 1940 2010 erit.

1328 2172 1358 2242 5
1407 2165 1491 2229 ΙΙ.

375 2354 615 2414 Quodnam
641 2356 723 2417 sit,
755 2371 811 2405 ex
833 2358 942 2418 jure
970 2358 1307 2418 ecclesiastico,
1336 2360 1527 2420 parochi
1552 2360 1632 2421 jus
1662 2367 1709 2408 et
1741 2357 1961 2420 officium,
1990 2359 2140 2422 quoad
2167 2361 2465 2421 temporalem

1001 2451 1234 2513 parochiae
1259 2465 1355 2500 suae
1387 2451 1859 2502 administrationem.

405 2629 466 2688 1⁰
508 2624 724 2690 Debet
756 2624 1074 2708 parochus
1104 2625 1539 2692 inventarium
1573 2625 1791 2695 facere
1838 2645 2082 2707 rerum,
2122 2627 2434 2695 bonorum
2461 2635 2531 2693 et

307 2738 639 2807 redituum
685 2738 767 2805 ad
811 2740 1148 2807 ecclesiam
1199 2741 1686 2826 pertinentium,
1724 2743 1860 2807 sive
1909 2742 2352 2821 immobilium,
2392 2744 2527 2809 sive

305 2855 678 2939 mobilium3
704 2863 899 2939 atque
924 2855 1193 2940 hujusce
1215 2857 1562 2929 inventarii
1582 2877 1781 2922 unum
1811 2858 2183 2940 exemplum
2212 2858 2529 2941 Episcopo

300 2970 590 3050 tradere,
630 2972 696 3036 in
732 2971 1021 3036 archivio
1052 2971 1401 3055 episcopali
1429 2971 1918 3057 asservandum
1952 2973 2233 3039 alterum
2264 2975 2527 3056 propria

299 3106 498 3155 manu
518 3086 952 3169 subscriptum
966 3088 1142 3154 inter
1159 3087 1444 3155 ecclesiae
1468 3087 1671 3156 libros
1692 3106 1808 3152 seu
1836 3088 2189 3171 scripturas
2212 3088 2519 3152 retinere.

298 3205 401 3268 De
424 3221 555 3286 quo
573 3200 723 3266 vide
751 3199 1058 3284 disposita
1085 3203 1149 3265 in
1180 3201 1359 3266 bulla
1388 3203 1591 3269 sancti
1618 3202 1790 3266 Piiv
1820 3206 1971 3265 Cum
2000 3207 2292 3283 primum,
2317 3202 2527 3267 calen-

297 3316 402 3385 dis
433 3317 651 3401 aprilis
695 3318 899 3400 1566;
933 3319 999 3381 in
1023 3317 1199 3382 bulla
1232 3316 1390 3381 sixti
1419 3319 1473 3379 V
1513 3319 1805 3389 Provida,
1839 3317 1923 3382 29
1963 3315 2186 3396 aprilis
2225 3318 2416 3399 1587;
2456 3323 2522 3380 et

299 3436 364 3503 in
404 3434 823 3500 instructione
858 3431 1194 3500 Benedicti
1241 3435 1393 3499 XIII
1448 3433 1511 3497 in
1552 3431 1913 3516 appendice
1957 3432 2207 3496 concilii
2243 3432 2513 3510 romani,

299 3552 678 3628 anni-1725,
705 3569 770 3614 n.
812 3552 913 3613 10.

389 3668 458 3730 2⁰
493 3688 524 3726 «
565 3665 892 3731 Par-ochus
919 3664 1288 3731 nullatenus
1308 3663 1673 3731 distrahere
1694 3672 1912 3749 potest
1931 3665 2140 3730 aliove
2163 3663 2523 3731 transferre

301 3806 335 3843 a
374 3779 733 3847 istiusmodi
768 3781 960 3859 bona,
991 3789 1107 3845 aut
1135 3798 1242 3844 res
1280 3778 1363 3844 ad
1406 3779 1744 3846 ecclesiam
1777 3781 2203 3863 pertinentes,
2240 3781 2377 3843 sine
2407 3778 2523 3844 ob-

300 3922 332 3957 «
363 3902 542 3963 tenta
575 3895 657 3961 ab
688 3893 1028 3961 Ordinario
1056 3895 1361 3977 licentia3
1400 3912 1592 3979 quam
1630 3896 1738 3960 ille
1774 3913 1902 3961 non
1935 3895 2126 3961 aliter
2156 3894 2521 3960 concedere

299 4036 333 4073 α
370 4010 663 4082 debebit.
701 4029 895 4095 quam
945 4012 995 4075 si
1043 4011 1197 4075 alias
1233 4029 1339 4076 res
1370 4010 1690 4086 meliores»,
1723 4018 1837 4076 aut
1869 4010 2099 4077 saltem
2135 4011 2417 4093 aequales
2458 4011 2519 4073 in

300 4152 331 4187 «
370 4128 592 4193 locum
627 4125 1135 4193 amovendorum
1178 4126 1499 4211 parochus
1530 4126 1743 4209 reipsa
1775 4125 2158 4207 substituat3
2192 4125 2310 4188 nisi
2349 4124 2519 4191 forte

303 4271 334 4305 ιι
364 4243 538 4328 justa
553 4243 762 4327 aliqua
787 4244 1135 4310 necessitas
1164 4261 1351 4310 secus
1374 4241 1667 4321 suadeat,
1702 4241 1876 4328 quod
1908 4241 2203 4326 Episcopi
2242 4239 2522 4324 pruden-

301 4385 334 4421 «
379 4362 481 4427 tiae
510 4357 927 4425 statuendum
955 4360 1366 4444 relinquitur.
1395 4361 1491 4425 lta
1527 4359 1671 4426 fere
1707 4358 1792 4424 ad
1823 4360 2101 4424 verbum
2133 4358 2286 4422 Pius
2311 4356 2447 4418 V...
2485 4378 2515 4413 »

301 4450 705 4565 (leniremus,
740 4482 949 4541 Forum
978 4478 1339 4554 beneficiate,
1376 4485 1560 4559 parte
1601 4482 1656 4553 1,
1694 4495 1758 4562 q.
1798 4475 1985 4560 446.)
