3146 4973
1225 360 1386 409 rAns
1427 359 1659 407 rmus.
2431 345 2557 407 213

330 517 366 557 «
388 494 597 579 potui,
622 491 759 558 sive
803 490 872 555 in
907 484 1195 554 ecclesiis
1237 481 1751 563 cathedralibus,
1778 482 1915 549 sive
1943 485 2011 549 in
2045 483 2370 567 parochiis
2395 484 2561 550 aliis.

329 633 364 674 α
399 613 507 675 11⁰
529 609 664 674 Nec
690 624 768 672 ea
787 604 920 670 sola
950 607 1094 669 erat
1126 599 1401 667 nominis
1420 597 1886 682 discrepantia3
1919 605 2063 665 erat
2084 618 2192 665 res
2209 601 2347 684 ipsa
2371 600 2565 684 longe

327 748 364 788 α
390 725 648 791 diversa
681 744 698 788 :
739 721 1038 805 portione
1089 718 1265 784 enim
1312 733 1600 799 congrua
1642 715 1936 780 contenti
1974 733 2115 781 esse
2166 714 2566 800 jubebantur

329 864 366 903 α
391 840 614 907 vicarii
651 837 955 922 perpetui
988 854 1004 898 ε
1043 839 1112 900 at
1147 831 1413 916 parochi
1451 830 1738 897 decimas
1776 839 2264 917 proventusque
2300 849 2567 916 prorsus

331 979 366 1020 α
394 973 622 1022 omnes
649 949 1149 1038 percipiebant..
1166 997 1181 1013 .

419 1094 453 1134 ι(
479 1070 834 1137 Concilium
861 1065 1348 1148 Salisburgense
1394 1063 1546 1129 anni
1578 1063 1741 1128 1274
1787 1061 1952 1148 (can.
1992 1065 2055 1141 8,
2080 1067 2143 1140 9,
2177 1060 2280 1147 10)
2313 1063 2565 1148 gravis-

329 1211 362 1251 α
389 1189 548 1253 sime
576 1182 946 1270 objurgavit
980 1179 1321 1265 parochos,
1365 1179 1477 1264 qui
1521 1177 1830 1243 ecclesias
1858 1185 2169 1261 regerent
2217 1197 2336 1261 per
2390 1179 2567 1244 vica·

329 1326 365 1366 «
388 1303 518 1368 rios
547 1299 633 1366 ad
660 1305 892 1364 nutum
922 1294 1346 1362 revocabiles.
1391 1291 1705 1359 Residere
1758 1293 1933 1375 ipsos
1964 1292 2209 1370 sanxit,
2255 1300 2458 1377 utque
2490 1294 2558 1359 in

331 1440 366 1479 α
388 1413 723 1484 beneficiis
770 1429 1050 1497 quorum
1102 1428 1264 1475 cura
1300 1408 1558 1474 vicariis
1605 1404 1983 1474 demandari
2028 1407 2295 1485 soleret,
2332 1408 2561 1474 vicarii

335 1532 520 1615 «ipsi
548 1530 864 1613 Episcopo
899 1524 1318 1603 offerrentur,
1354 1525 1466 1608 qui
1514 1541 1658 1588 eam
1701 1523 1855 1606 ipsis
1906 1529 2295 1606 perpetuam
2332 1541 2558 1589 curam

335 1646 758 1730 «delegaret,
800 1658 1284 1726 congruamque
1312 1638 1651 1705 redituum
1680 1638 1968 1703 ecclesioe
2008 1639 2378 1723 portionem
2413 1641 2563 1707 assi-

334 1788 368 1826 «
396 1770 629 1848 gnaret
664 1783 679 1826 ε
716 1764 1006 1842 Episcopo
1021 1763 1486 1839 praesententur,
1517 1762 1622 1836 qui
1651 1760 1811 1836 ipsos
1841 1761 1907 1818 in
1935 1756 2277 1839 hujusmodi
2313 1761 2561 1818 vicariis

333 1884 719 1961 «perpetuet,
759 1883 816 1939 ct
852 1875 1244 1953 sufficientem
1272 1874 1348 1935 de
1376 1873 1760 1934 ecclesiarum
1783 1872 2078 1933 reditibus
2110 1876 2197 1933 cis
2232 1876 2561 1935 constituat

330 2018 365 2057 α
391 2000 747 2076 portionem.
777 2014 810 2051 υ
850 1989 1349 2076 (Thomassinus,
1371 1988 1516 2054 loco
1552 1987 1773 2064 citato,
1809 2004 1875 2049 n.
1905 1988 1947 2051 6
1985 1993 2056 2051 et
2077 1985 2245 2070 seq.)

415 2109 511 2174 Ex
538 2107 748 2172 allatis
775 2104 1183 2171 documentis
1202 2109 1409 2187 patet,
1432 2100 1709 2167 decreta
1736 2100 1872 2166 haec
1904 2101 2295 2179 conciliaria,
2326 2109 2563 2167 contra

327 2225 836 2288 revocabilitatcm
869 2223 954 2284 ad
985 2227 1200 2283 nutum
1235 2224 1558 2295 contorta,
1594 2217 1806 2281 omnia
1838 2213 2262 2298 intelligenda
2296 2235 2436 2281 esse
2468 2214 2555 2281 de

325 2335 813 2404 revocabilitate
837 2340 1206 2398 vicariorum
1228 2339 1599 2411 curatorum,
1619 2328 1706 2394 ad
1731 2337 1963 2396 nutum
1983 2332 2379 2410 parochorum
2390 2337 2559 2411 prin—

321 2454 612 2535 cipalium
653 2467 769 2517 seu
805 2448 1308 2534 primitivorum.
1355 2445 1517 2512 Nam
1559 2442 1647 2510 de
1693 2443 1825 2509 hac.
1847 2443 1933 2512 ad
1961 2452 2197 2511 nutum
2228 2445 2561 2512 revocabi-

324 2568 531 2645 litate,
557 2585 688 2632 non
717 2563 801 2631 de
828 2565 972 2643 alia,
997 2583 1277 2645 expresse
1297 2568 1520 2646 agunt.
1544 2562 1646 2626 De
1670 2560 2157 2626 revocabilitate
2189 2568 2411 2628 autem
2441 2580 2559 2645 pa-

323 2682 672 2749 rochorum
724 2678 810 2748 ad
848 2686 1064 2744 nutum
1105 2682 1389 2760 Episcopi
1434 2675 1541 2762 (de
1582 2696 1709 2761 qua
1761 2675 2094 2742 hodiernis
2148 2677 2557 2760 temporibus

322 2807 627 2865 movetur
661 2794 931 2883 quaestio
967 2795 1241 2861 relative
1273 2792 1359 2859 ad
1396 2792 1733 2876 parochias
1781 2793 2024 2879 absque
2056 2792 2379 2859 beneficio
2409 2813 2555 2877 per-

321 2923 524 3002 petuo
569 2912 872 2996 erectas),
924 2912 1188 2996 antiqua
1240 2909 1513 2977 decreta
1561 2908 1775 2974 silent.

411 3032 528 3097 III.
566 3029 775 3105 Idem,
811 3025 990 3113 quod
1029 3029 1099 3091 in
1127 3025 1416 3110 praefatis
1460 3025 1769 3103 conciliis,
1806 3024 2156 3092 advertere
2201 3033 2419 3110 potest
2453 3027 2551 3092 le-

321 3155 467 3214 ctor
502 3154 572 3214 et
605 3146 677 3210 in
719 3141 1188 3218 decretalibus,
1223 3157 1502 3223 corpore
1543 3139 1710 3224 juris
1756 3141 2038 3219 inclusis,
2080 3159 2332 3206 necnon
2376 3149 2446 3207 et
2478 3142 2546 3206 in

318 3260 700 3329 Tridentino
744 3258 1020 3344 synodo.
1063 3256 1473 3340 Ubicumque
1525 3274 1762 3338 nempe
1799 3256 2256 3323 revocabilitas
2308 3255 2394 3322 ad
2433 3276 2551 3322 nu-

319 3386 460 3443 tum
498 3374 871 3459 configitur,
914 3389 1127 3439 sermo
1175 3379 1308 3449 est,
1353 3388 1483 3436 non
1529 3368 1614 3435 de
1661 3370 2150 3436 revocabilitate
2193 3371 2279 3436 ad
2310 3378 2544 3438 nutum

317 3493 645 3579 Episcopi,
683 3490 802 3557 sed
833 3489 916 3556 de
961 3484 1453 3556 revocabilitate
1486 3491 1570 3552 ad
1606 3496 1819 3552 nutum
1858 3491 2297 3571 capitulorum,
2336 3509 2542 3553 mona-

318 3616 740 3687 steriorumvc,
786 3614 900 3673 aut
947 3606 1244 3671 similium
1268 3653 1283 3684 ,
1321 3605 1590 3689 parochi
1630 3604 2009 3689 principalis
2052 3624 2391 3690 personam
2441 3626 2547 3690 ge-

317 3724 627 3791 rentium.
660 3724 901 3789 Textus
934 3722 1106 3805 ipsos
1136 3738 1511 3804 promamus
1542 3741 1556 3784 :
1597 3720 2011 3786 Decernebat
2034 3720 2404 3788 Alexander
2448 3724 2544 3789 III

314 3859 487 3907 anno
549 3843 718 3906 1175
753 3861 768 3904 ε
820 3845 892 3905 Si
951 3858 1210 3919 persona
1263 3841 1523 3920 alicujus
1584 3840 1867 3901 Ecclesioe
1928 3843 2183 3917 vicario,
2242 3859 2414 3920 quem
2478 3846 2544 3903 in

313 3960 520 4021 eadem
569 3958 839 4020 Ecclesia
887 3960 1197 4033 instituit,
1256 3956 1333 4017 de
1383 3973 1632 4017 assensu
1696 3961 1754 4017 et
1812 3958 2175 4016 auctoritate
2224 3957 2542 4018 dioecesani

317 4078 597 4156 Episcopi
611 4123 632 4154 ,
683 4081 906 4136 certam
964 4076 1370 4154 assiqnaverit
1423 4076 1803 4152 portioncm,·
1840 4075 1894 4131 is
1946 4075 2079 4150 qui,
2118 4091 2381 4152 persona
2428 4074 2541 4134 illa

313 4194 622 4271 defuncta,
661 4196 726 4254 in
750 4196 1137 4270 personatum
1169 4191 1340 4251 illius
1366 4191 1780 4270 substituitur,
1798 4209 1918 4253 non
1938 4195 2137 4272 potest
2166 4192 2435 4253 eumdem
2463 4193 2540 4252 ab

312 4309 558 4371 eeclesia
583 4325 900 4385 removere,
934 4308 1028 4370 vel
1049 4311 1426 4387 assiynatam
1447 4308 1564 4369 sibi
1590 4312 1854 4370 minuere
1882 4312 2255 4389 portionem:
2282 4311 2405 4369 nisi
2421 4307 2542 4368 ali-

309 4425 460 4505 quid
488 4430 848 4504 committat,
882 4429 1128 4507 propter
1155 4424 1315 4506 quod
1339 4426 1733 4506 perjudiccm
1771 4427 1835 4487 in
1866 4428 2095 4488 vicaria
2125 4430 2206 4487 sit
2242 4426 2333 4486 vel
2364 4424 2543 4486 bonc-
