3146 4973
630 366 751 429 156
1294 376 1673 428 moruus
1716 379 1806 428 ms
1848 375 2176 427 rmocno.

715 521 750 561 κ
785 496 1059 581 Quando
1082 501 1346 564 sanctus
1377 498 1767 566 lambertus
1792 496 1965 564 circa
1980 515 2223 564 annum
2245 498 2382 563 670
2410 496 2850 582 episcopatum

624 638 658 677 ιι
695 612 1085 697 refugiebat,
1140 611 1462 678 clamabat
1513 613 1797 698 populus
1846 635 1861 680 :
1918 617 2143 678 Pastor
2192 620 2396 677 noster
2446 617 2649 677 eris..
2705 614 2855 675 velis

626 752 660 792 α
699 732 858 793 nolis
886 732 1214 812 Episcopus
1255 735 1457 792 noster
1486 734 1691 794 eris...
1725 749 1839 812 pro
1882 736 2043 792 certo
2070 735 2237 793 noris
2270 736 2329 792 te
2375 732 2563 791 etiam
2594 732 2855 795 invitum

626 867 659 906 κ
700 847 829 924 sore
879 848 1242 927 Episcopum
1288 851 1560 908 nostrum
1596 852 1657 909 et
1694 849 2009 909 Pastorem
2048 848 2538 927 Trajectensium.
2574 866 2608 904 a
2641 842 2856 929 (Apud

619 958 841 1037 Nardi‚
877 966 1038 1025 tom.
1083 962 1142 1037 l,
1185 977 1334 1042 pag.
1374 956 1514 1042 44.)
1549 959 1627 1024 In
1670 957 2031 1042 Marculphi
2059 958 2352 1023 formulis
2386 958 2455 1044 (l.
2496 961 2557 1037 1,
2601 977 2745 1042 cap.
2788 957 2850 1041 5)

618 1074 703 1140 ad
745 1071 1240 1159 exprimendam
1265 1072 1440 1141 sedis
1468 1073 1855 1158 episcopalis
1888 1074 2296 1139 vacationem
2327 1081 2684 1157 usurpatur
2716 1071 2854 1138 hoec

617 1190 859 1257 locutio
895 1210 911 1255 ε
949 1194 1100 1254 Cum
1116 1192 1422 1271 pastorali
1444 1191 1765 1271 paululum
1786 1192 1958 1271 plebs
1993 1192 2288 1253 destituta
2326 1196 2415 1251 est
2434 1190 2749 1270 proesidio.
2777 1188 2853 1253 In

619 1306 892 1390 epistola
922 1306 1130 1371 sancti
1162 1305 1476 1371 Bonifacii
1525 1305 1886 1388 moguntini
1915 1303 2418 1389 Archiepiscopi‚
2454 1302 2543 1370 ad
2574 1303 2854 1371 Cutber-

620 1428 761 1486 tum
789 1420 1085 1486 Cantium
1117 1420 1665 1504 archipraesulem,
1693 1438 1816 1504 pro
1846 1421 2308 1486 convocatione
2339 1418 2578 1505 synodi
2600 1420 2853 1487 Gloves-

620 1534 940 1613 hosensis,
997 1536 1065 1600 in
1110 1535 1366 1619 Anglia‚
1428 1554 1598 1601 anno
1660 1536 1784 1601 747
1847 1536 2194 1602 celebratae
2217 1585 2232 1614 ‚
2292 1535 2384 1600 sic
2430 1543 2853 1602 recensentur

619 1650 877 1716 nomina
901 1651 1231 1735 Episcopis
1264 1650 1531 1735 propria
1562 1673 1577 1716 :
1607 1654 1763 1717 Nam
1792 1654 2111 1734 Apostolus
2142 1654 2527 1736 Episcopum,
2556 1652 2854 1734 propheta

616 1767 1059 1847 Speculatorem
1084 1814 1100 1844 ,
1165 1770 1438 1831 salvator
1485 1769 1699 1830 mundi
1754 1771 2065 1830 Pastorem
2081 1815 2098 1844 ‚
2147 1768 2419 1830 Ecclesia
2470 1768 2852 1831 Sacerdotem

617 1882 909 1961 appellat.
947 1878 1157 1965 (Apud
1186 1879 1408 1960 Nardi,
1446 1888 1608 1946 tom.
1659 1885 1720 1960 1,
1753 1898 1911 1964 pag.
1946 1878 2085 1963 45.)
2115 1880 2346 1948 Florus
2373 1880 2696 1946 Diaconus
2728 1882 2849 1946 Lu-

619 1982 969 2066 gdunensis
1028 1983 1116 2051 ad
1167 1984 1518 2070 quemdam
1561 1989 2035 2072 Episcoporum
2080 2006 2457 2055 concessum
2491 1988 2779 2054 scribens
2829 2010 2844 2052 ε

621 2102 892 2163 Dominis
928 2103 1288 2166 beatissimis
1323 2107 1839 2167 reverendissimis
1866 2112 1924 2166 et
1946 2109 2246 2186 piissimis
2272 2107 2628 2168 Pastoribus
2649 2109 2849 2186 qreqis

621 2217 875 2295 Christi,
903 2222 1230 2285 rectoribus
1262 2223 1542 2283 Ecclesiae
1568 2224 1706 2299 Dei,
1735 2223 2259 2303 praedicatoribus.
2283 2220 2527 2305 (Mansi,
2546 2227 2705 2286 tom.
2736 2221 2841 2298 14,

619 2331 744 2395 col.
770 2334 923 2410 663,
959 2333 1116 2400 edit.
1149 2333 1546 2417 Florentiae.)
1583 2335 1945 2401 Concilium
1971 2334 2489 2420 Aquisgranense
2525 2336 2675 2400 anni
2713 2337 2841 2403 836

620 2445 757 2532 (lib.
786 2449 852 2525 3,
876 2465 1018 2531 cap.
1052 2445 1159 2531 23)
1186 2445 1271 2513 de
1301 2447 1636 2533 Episcopis
1661 2449 1935 2534 loquens
1960 2471 1975 2515 :
2004 2452 2283 2531 Qualiter
2312 2452 2847 2533 deniqueEcclesia

620 2565 853 2628 Christi
902 2583 1015 2644 per
1069 2569 1426 2628 successores
1452 2569 1873 2646 Apostolorum
1894 2614 1910 2644 ‚
1955 2570 2236 2632 Pastores
2289 2569 2593 2630 videlicet.
2626 2565 2848 2651 (Apud

619 2680 672 2744 N
675 2678 838 2755 ardi,
854 2685 1013 2743 tom.
1036 2684 1060 2743 l
1079 2727 1096 2758 ,
1117 2699 1262 2764 pag.
1280 2680 1314 2743 4
1326 2678 1418 2764 8.)
1444 2680 1719 2746 Sanctus
1737 2681 2037 2748 Raterius
2055 2682 2441 2747 Veronensis
2466 2683 2840 2766 Episcopus,

617 2797 729 2881 qui
775 2796 1030 2880 scripsit
1076 2794 1330 2862 decimo
1373 2798 1612 2863 saeculo
1671 2797 1767 2884 (de
1812 2801 2170 2879 Contempta
2209 2817 2500 2861 canonum
2518 2845 2535 2873 ,
2591 2816 2659 2861 n.
2714 2794 2780 2878 3)
2826 2818 2841 2862 :

619 2916 739 2992 Qui
772 2915 994 2975 Pastor
1022 2919 1111 2975 est
1147 2915 1433 2988 dominici
1460 2919 1684 2995 qreqis,
1728 2916 1999 2977 eumdem
2032 2917 2393 2995 Episcopum
2427 2933 2550 2976 esse
2577 2918 2838 2976 noveris.

619 3029 694 3092 In
738 3026 1021 3111 quodam
1059 3026 1414 3111 diplomate
1459 3030 1614 3095 anni
1657 3032 1849 3107 1015,
1896 3030 1989 3094 sic
2028 3036 2335 3096 narratur
2372 3028 2703 3115 quomodo
2744 3030 2845 3095 vir

617 3142 847 3209 nobilis
877 3141 962 3209 de
993 3159 1123 3228 quo
1157 3142 1248 3208 ihi
1279 3144 1520 3227 agitur,
1559 3145 2090 3211 Bellovacensem
2122 3145 2513 3228 Episcopum
2547 3144 2786 3210 adierit
2823 3167 2838 3209 ε

619 3261 923 3337 Proefatus
973 3264 1179 3340 itaque
1223 3279 1495 3324 comes...
1537 3268 1807 3324 sanctam
1836 3263 2252 3324 Belvacensem
2290 3263 2450 3323 adiit
2479 3262 2783 3323 ecclesiam
2819 3281 2840 3321 .·

615 3393 855 3454 eamque
879 3379 946 3437 in
975 3380 1288 3454 conspectu
1320 3376 1807 3437 reverendissimi
1826 3379 2125 3453 Pastoris,
2151 3378 2259 3437 sub
2287 3379 2622 3437 testimonio
2653 3379 2844 3438 totius

614 3490 763 3549 cleri
793 3496 851 3550 et
869 3491 1164 3571 populi...
1207 3485 1396 3572 (Vide
1423 3486 1588 3553 illud
1612 3486 1895 3571 diploma
1927 3490 1995 3553 in
2028 3493 2235 3553 Gallia
2256 3490 2614 3568 christiana,
2643 3487 2844 3553 histo-

616 3602 711 3665 ria
739 3602 1297 3667 Bellovacensium
1334 3603 1824 3686 Episcoporum,
1861 3603 2216 3688 appendix,
2260 3624 2325 3668 n.
2363 3601 2458 3686 4.)
2484 3602 2847 3688 Undecimo

616 3718 862 3800 pariter
897 3717 1156 3793 seacula,
1197 3717 1540 3804 sigifridus
1570 3721 1988 3803 Moguntinus
2017 3721 2393 3805 Episcopus,
2437 3721 2527 3786 sic
2559 3719 2644 3785 de
2684 3738 2848 3804 quo-

614 3832 767 3897 dam
787 3833 1130 3916 Episcopo,
1168 3853 1205 3898 a
1236 3833 1393 3900 sede
1422 3853 1539 3900 sua
1567 3837 1861 3920 expulso,
1879 3836 2240 3903 Romanum
2272 3834 2660 3903 Pontificem
2686 3836 2845 3901 allo-

617 3948 838 4033 quitur
885 3970 899 4013 :
949 3954 1144 4013 Porro
1186 3953 1430 4012 ecclesia
1481 3954 1594 4014 illa
1636 3933 1773 4035 jam
1818 3955 2026 4015 multis
2073 3955 2279 4015 diebus
2319 3953 2623 4035 pastorali
2678 3960 2844 4013 caret

615 4068 1146 4131 administratione
1185 4086 1206 4129 .·
1245 4076 1303 4131 et
1340 4074 1516 4132 unico
1565 4073 1819 4132 Pastore
1850 4073 2059 4147 vidua,
2102 4070 2425 4152 episcopali
2462 4075 2633 4158 caret·
2674 4068 2846 4130 bene·

615 4183 896 4244 dictione.
932 4182 1177 4267 (Mansi,
1215 4190 1375 4249 tom.
1417 4186 1525 4261 20,
1561 4184 1687 4248 col.
1724 4182 1948 4267 1092.)

703 4297 1052 4365 Fulbertus
1080 4298 1348 4381 epistola
1386 4301 1425 4363 2
1467 4319 1482 4363 :
1523 4302 1873 4380 Episcopus,
1914 4305 2021 4379 qui
2069 4303 2224 4364 vices
2261 4298 2495 4363 Christi
2523 4303 2705 4373 tenet,
2744 4316 2847 4358 sa·

615 4416 941 4478 cerdotales
976 4418 1138 4476 viros
1181 4420 1247 4478 in
1275 4415 1504 4496 plebem
1547 4418 1879 4506 ⁴subjectam
1923 4421 2297 4507 missurus...
2330 4433 2475 4506 quos
2525 4431 2669 4476 sane
2717 4431 2842 4475 sum
