3146 4973
1240 381 1400 430 »Ans
1434 381 1695 429 muru.
2462 369 2589 434 3⁴5

365 526 399 565 α
440 503 898 588 congregotio,
926 523 1037 568 eas
1064 505 1131 568 in
1159 503 1666 590 uniuscnjusque
1693 500 2018 570 Ordinarii
2050 507 2433 573 cancellaria
2455 526 2600 592 per·

367 638 401 676 α
432 621 639 701 petuo
668 617 1063 681 conservari.
1098 614 1298 700 Cujus
1320 616 1578 682 interea
1603 614 1962 695 consilium,
1991 625 2133 684 tum
2165 619 2590 700 voluntatem,

365 756 400 793 α
434 730 593 799 dum
625 750 754 816 ego
790 732 1091 798 omnibus
1120 731 1430 817 significo,
1462 731 1888 819 Amplitudini
1914 741 2044 800 tuoe
2076 734 2290 802 fausta
2311 740 2524 804 omnia
2558 758 2596 803 e

365 873 397 912 σι
429 849 596 915 coelo
626 866 888 933 precor.
921 848 1139 916 Bomoe
1178 849 1298 915 bac
1335 848 1440 916 die
1491 854 1571 915 10
1618 848 1902 933 januarii
1957 853 2148 917 1721.
2177 876 2210 914 υ
2245 853 2376 918 Has
2406 872 2600 938 ency-

364 965 561 1030 clicas
599 966 809 1029 Sacrae
841 964 1370 1048 congregationis
1413 966 1664 1032 litteras
1710 965 1987 1032 inseruit
2016 966 2414 1034 Benedictus
2452 970 2598 1035 xlv

364 1079 808 1146 constitutioni
850 1098 980 1145 suoe
1026 1084 1175 1145 Cum
1224 1085 1405 1161 illud,
1464 1101 1606 1168 quae
1661 1091 1759 1150 est
1816 1086 2210 1168 sexagesima
2260 1093 2488 1152 octava
2532 1088 2599 1151 in

362 1194 564 1279 ipsius
595 1194 899 1261 bullario.

1382 1421 1557 1495 §w

1022 1640 1143 1698 Quid
1170 1655 1199 1691 a
1228 1641 1499 1693 Benedictio
1532 1643 1642 1692 xlv
1669 1650 1911 1693 statutum.

456 1883 596 1948 Dici
621 1891 837 1967 potest
876 1903 914 1949 a
947 1884 1306 1951 Benedieto
1344 1886 1490 1951 XIV
1520 1889 1781 1970 negotio
1810 1886 1960 1952 huic
2005 1885 2511 1954 determinandae
2534 1889 2601 1951 in

366 1998 784 2067 conferendis
827 2018 950 2084 per
1000 2019 1388 2066 concursum
1435 2001 1755 2086 parochiis
1798 2003 2024 2068 formae
2065 2003 2358 2068 nltimam
2402 2000 2599 2067 fuisse

371 2133 631 2180 manum
681 2116 1066 2199 appositam.
1103 2113 1184 2181 Id
1236 2118 1533 2200 praestitit
1597 2118 1987 2183 clarissimus
2045 2117 2348 2182 Pontifex
2407 2117 2602 2182 citata

361 2229 494 2313 jam
534 2230 783 2313 pluries
823 2230 1286 2296 constitutione
1333 2236 1488 2296 Cum
1538 2235 1729 2311 illud,·
1764 2231 1883 2297 nbi
1929 2239 2271 2316 pomqnam
2316 2229 2605 2297 ostendit

370 2350 679 2410 statutam
750 2363 1045 2413 normam
1094 2344 1309 2412 adhuc
1364 2347 1578 2432 aliquo
1642 2346 1940 2431 indigere
1991 2348 2470 2431 complemento
2531 2354 2603 2412 et

375 2457 848 2539 moderamine,
881 2460 974 2527 sic
1005 2480 1148 2528 rem
1183 2468 1389 2528 totam
1420 2463 1810 2529 auctoritate
1848 2461 2210 2546 Apostolica
2246 2460 2504 2529 ordinat
2532 2470 2602 2528 et

371 2575 762 2642 servendum
788 2576 1151 2660 praescribit
1181 2600 1194 2641 ε
1235 2600 1269 2640 ι(
1311 2578 1400 2642 Ut
1430 2578 1497 2642 in
1523 2576 1892 2661 hujusmodi
1914 2579 2176 2660 negotio
2212 2586 2363 2662 apte
2390 2577 2601 2644 omnin

373 2713 407 2751 α
447 2697 645 2776 atque
676 2693 1032 2775 composite
1057 2699 1473 2776 peragantur,
1495 2690 1685 2757 officii
1712 2691 1917 2758 nostri
1946 2711 2087 2758 esse
2115 2690 2420 2757 duximus
2450 2710 2603 2756 enm

372 2827 407 2865 α
445 2805 630 2872 vobis
651 2856 666 2883 ‚
735 2806 1145 2874 venerabiles
1202 2808 1442 2874 fratres
1462 2856 1479 2887 ,
1535 2807 1971 2892 gerendarum
2030 2826 2253 2873 rerum
2300 2805 2602 2874 ordinem

376 2945 411 2981 α
446 2921 898 3006 praescrihere‚
935 2940 1129 3006 quem
1149 2922 1347 3006 longo
1374 2942 1497 2988 usu
1532 2923 1763 2988 utilem
1788 2923 2166 3006 agnovimus
2187 2918 2604 2987 instituendis

374 3059 408 3097 α
445 3038 802 3102 animarum
838 3037 1228 3114 rectoribus,
1255 3038 1371 3122 qni
1403 3036 1658 3104 credito
1687 3036 1810 3102 sihi
1841 3038 2022 3121 gregi
2050 3055 2328 3121 praeesse
2363 3044 2433 3100 et
2455 3054 2608 3118 pro·

376 3174 410 3210 α
441 3149 627 3218 desse
658 3152 929 3234 possint.

466 3291 499 3327 α
540 3268 594 3332 Ι.
629 3268 1006 3352 Episcopum
1028 3266 1249 3334 habita
1274 3266 1505 3333 notitia
1524 3268 1877 3333 vacationis
1904 3267 2212 3346 ecclesioe,
2244 3267 2483 3345 statim,
2518 3266 2603 3333 ad

383 3405 417 3440 «
456 3385 907 3468 praescriptum
952 3380 1332 3461 Tridentini,
1370 3382 1682 3450 idoneum
1719 3384 1784 3448 in
1814 3402 1897 3448 ea
1938 3382 2216 3467 deputet
2252 3382 2596 3460 vicarium,

385 3521 417 3557 α
454 3515 602 3562 cum
627 3516 914 3582 congrua
937 3497 1079 3582 ejus
1112 3499 1385 3565 arbitrio
1421 3499 1760 3565 fructuum
1796 3498 2114 3584 portionis
2150 3499 2597 3582 assignatione,

381 3634 414 3672 α
460 3614 574 3697 qni
607 3631 805 3679 onera
832 3613 1035 3696 ipsius
1060 3613 1351 3680 ecolesiae
1376 3613 1712 3691 sustineat,
1747 3612 1957 3679 donec
1980 3613 2040 3679 ei
2068 3612 2153 3680 de
2172 3620 2436 3680 rectore
2459 3631 2605 3697 pro-

382 3751 415 3786 «
451 3725 774 3795 videatur.

472 3864 503 3900 α
534 3842 622 3908 11.
674 3843 947 3909 Publico
980 3845 1337 3928 evulgetnr.
1364 3844 1588 3910 edicto
1631 3845 1860 3910 notitia
1899 3862 2275 3922 concursus,
2314 3860 2604 3927 congruo

380 3977 414 4016 α
450 3963 518 4021 ct
570 3956 653 4022 ab
686 3958 1007 4042 Episcopo
1058 3957 1378 4043 praefinito
1424 3967 1724 4042 tempore
1763 3957 2146 4024 celebrandi
2187 3980 2201 4023 :
2236 3956 2600 4042 eodemque

379 4093 412 4129 α
447 4071 672 4137 edicto
707 4090 931 4138 omnes
955 4072 1132 4139 clare
1173 4082 1243 4139 et
1271 4080 1497 4157 aperte
1528 4079 1942 4151 moneantur,
1982 4079 2057 4137 ut
2082 4072 2345 4137 interim
2373 4069 2603 4136 decur-

378 4210 413 4247 α
448 4195 638 4256 rente
691 4189 974 4255 termino
1021 4191 1365 4275 assignato,
1396 4208 1615 4256 coram
1665 4189 2045 4255 cancellario
2083 4188 2451 4275 episcopali,
2496 4186 2603 4253 vel
2659 4167 2678 4184 ⁸

378 4327 412 4362 α
451 4305 661 4371 altero
692 4304 776 4370 ab
804 4305 1130 4390 Episcopo
1158 4304 1560 4390 deputando,
1594 4324 1857 4372 suarum
1901 4305 2306 4391 qualitatum,
2340 4303 2605 4369 merito-

381 4442 415 4482 «
459 4438 606 4485 rum
644 4427 715 4486 et
745 4438 1089 4487 munerum
1125 4421 1571 4507 probationes,
1611 4422 2064 4488 attestationes
2094 4428 2228 4486 tum
2259 4416 2600 4504 judiciales
