3146 4973
1274 321 1430 367 mas
1472 321 1734 368 rssn‘rm.
2496 304 2622 368 433

394 469 425 504 α
462 445 764 521 amisisse,
812 448 880 507 et
926 441 1010 508 ob
1058 444 1420 511 socordiam
1469 464 1592 528 pro
1643 442 2017 509 sustinenda
2068 450 2196 509 tam
2249 446 2433 528 gravi
2475 465 2622 529 pro·

394 584 425 621 «
462 561 671 624 vincia
705 577 846 623 esse
884 559 1287 643 imperitum
1344 562 1512 625 sicut
1557 562 1788 626 Patres
1829 560 2035 624 Sacrae
2083 560 2256 625 Rotae
2308 568 2612 625 accurate

394 699 426 732 α
460 673 990 759 perpenderunt,
1035 672 1358 740 decisione
1407 679 1557 757 527,
1602 683 1791 761 parte
1851 678 1932 740 19
1982 682 2257 754 recent.,
2304 696 2367 740 n.
2425 679 2498 741 16
2554 686 2623 742 et

395 814 427 852 «
462 808 599 874 seq.
626 812 656 848 »

478 906 571 970 Ex
614 904 712 969 his
755 922 954 987 porro
986 901 1395 973 documentis
1440 927 1656 974 veram
1695 907 1957 991 probari
2009 906 2240 972 thesim
2295 913 2579 973 nostram
2602 956 2618 986 ‚

389 1019 547 1085 satis
580 1037 699 1101 per
732 1036 801 1081 se
839 1024 1053 1100 patet.

1299 1287 1566 1352 CAPUT
1612 1289 1728 1352 111.

513 1556 749 1615 QUALIS
793 1554 1171 1603 coamu'roa
1216 1554 1527 1602 PAnocno
1569 1556 1726 1603 nAm
1772 1555 1993 1605 Possl‘r
2037 1558 2168 1605 Aur
2221 1557 2496 1605 naun-AT.

481 1820 877 1888 Pnomsn'rto
908 1823 983 1886 1·.
1031 1858 1120 1869 —
1154 1826 1482 1904 Episcopus
1509 1823 1775 1904 parocho
1805 1827 1954 1888 dare
1985 1831 2187 1906 nequit
2218 1827 2620 1907 coadjutorem

391 1953 521 1996 cum
562 1938 771 2015 sutura
816 1943 1196 2000 successione.
1232 1972 1318 1983 —-·
1352 1938 1513 2002 Nam
1543 1936 1919 2004 Tridentino
1949 1936 2240 2023 synodus
2290 1938 2466 2026 (sess.
2507 1942 2615 2016 25,

390 2067 446 2112 c.
487 2047 547 2132 7)
584 2050 1018 2137 coadjutorius
1063 2072 1209 2118 cum
1260 2053 1482 2118 futura
1532 2054 1938 2119 successione
1983 2055 2403 2139 proscripsit;
2440 2063 2507 2119 et
2542 2056 2624 2120 ab

387 2186 465 2231 ea
490 2167 778 2249 generali
806 2169 1278 2253 proscriptione
1313 2170 1565 2233 unicam
1593 2168 1853 2234 admisit
1887 2171 2368 2254 exceptionem3
2405 2170 2621 2256 quoad

388 2281 737 2365 Episcopos
771 2302 1005 2367 nempe
1035 2290 1103 2348 et
1131 2282 1439 2362 Abbate8‚
1468 2304 1552 2349 ex
1584 2285 1874 2369 urgentis
1904 2285 2325 2361 necessitatis,
2361 2284 2471 2349 vel
2496 2286 2627 2350 evi-

388 2393 601 2461 dentis
650 2397 943 2462 utilitatis
990 2417 1203 2464 causa.
1259 2399 1356 2463 En
1402 2398 1658 2465 decreti
1703 2399 1906 2464 verba
1951 2421 1964 2464 :
2006 2424 2037 2457 «
2084 2401 2156 2464 ln
2207 2397 2626 2482 coadjutoriis

393 2533 423 2571 «
458 2530 717 2596 quoque
742 2530 890 2576 cum
915 2511 1140 2578 futura
1167 2515 1571 2580 successione
1603 2511 1779 2580 idem
1811 2513 2073 2597 posthac
2102 2511 2517 2591 observetur,
2551 2520 2625 2577 ut

392 2649 428 2684 «ι
458 2627 696 2691 nemini
713 2629 777 2691 in
805 2628 1318 2713 quibuscumque
1343 2628 1680 2695 beneficiis
1704 2628 2148 2694 ecclesiasticis
2173 2629 2617 2712 permittatur.

391 2765 423 2801 α
458 2741 648 2824 Quod
678 2744 730 2807 si
761 2743 1024 2828 quando
1064 2745 1349 2810 ecclesiae
1386 2743 1781 2809 cathedralis
1826 2752 1940 2809 aut
1974 2728 2348 2810 monasterii
2383 2762 2625 2828 urgens

391 2881 423 2915 α
460 2860 806 2922 necessitas
834 2866 949 2923 aut
980 2858 1249 2925 evidens
1287 2861 1530 2926 utilitas
1570 2860 1860 2942 postulet
1888 2860 2163 2926 Proelato
2192 2857 2336 2925 dari
2364 2858 2623 2944 coadju-

392 2998 423 3034 «
460 2982 692 3052 torem,
728 2975 781 3038 is
809 2994 933 3040 non
964 2976 1120 3040 alias
1144 2994 1293 3040 cum
1326 2975 1549 3041 futura
1581 2978 1981 3041 successione
2011 2974 2232 3052 detur,
2263 2993 2453 3059 quam
2485 2975 2622 3039 haec

392 3112 423 3147 a
458 3108 649 3153 causa
698 3089 879 3173 prius
925 3087 1275 3173 diligenter
1318 3110 1355 3155 a
1399 3092 1797 3156 sanctissimo
1848 3091 2134 3156 Romano
2185 3091 2500 3156 Pontifice
2539 3092 2622 3155 sit

390 3227 421 3263 a
459 3205 738 3287 cognita,
771 3211 839 3269 et
876 3205 1222 3289 qualitates
1252 3224 1477 3271 omnes
1513 3207 1577 3270 in
1615 3205 1728 3272 illo
1766 3224 2158 3272 concurrere
2195 3213 2450 3271 certum
2491 3208 2614 3286 sit,

390 3344 421 3380 ι(
456 3337 599 3404 quae
630 3340 666 3384 a
691 3319 838 3403 jure
877 3329 946 3385 et
989 3319 1274 3385 decretis
1304 3321 1496 3404 hujus
1540 3330 1779 3387 sanctae
1808 3320 2041 3405 synodi
2083 3322 2149 3386 in
2191 3322 2518 3405 Episcopis
2549 3332 2618 3388 et

389 3458 421 3494 α
457 3434 749 3499 Praelatis
795 3436 1245 3519 requiruntur.
1284 3459 1316 3497 »ι
1359 3437 1455 3501 Ex
1491 3437 1610 3502 hac
1655 3437 1940 3521 generali
1973 3436 2272 3503 Ecclesiae
2319 3435 2465 3519 lege
2516 3456 2618 3502 se-

383 3551 626 3633 quitur,
662 3569 786 3615 non
835 3569 1021 3634 posse
1068 3553 1454 3636 Episcopum
1502 3554 1800 3637 parochis
1850 3553 2254 3619 canonicisve
2297 3551 2456 3619 dare
2508 3572 2616 3618 co-

381 3661 718 3748 adjutores
763 3684 911 3730 cum
962 3666 1185 3733 futura
1235 3670 1687 3751 successione3
1745 3669 1863 3735 sed
1911 3668 1996 3734 ad
2052 3668 2371 3754 ejusmodi
2422 3669 2615 3733 coad-

375 3778 650 3861 jutorias
705 3781 1160 3849 concedendas
1213 3783 1364 3870 (ubi
1417 3784 1488 3849 id
1539 3803 1624 3849 ex
1676 3785 2058 3866 specialibus
2117 3785 2617 3850 circumstantiis

379 3903 819 3978 opportunum
857 3898 1218 3984 videretur)
1259 3901 1505 3985 requiri
1539 3908 1932 3983 potestatem
1973 3918 2114 3984 quae
2158 3902 2242 3967 sit
2277 3920 2476 3984 supra
2509 3921 2616 3966 ca·

383 4029 606 4091 nones,
643 4033 878 4098 nempe
909 4016 1338 4082 Pontificiam.

469 4126 795 4193 Caeterum
821 4149 1032 4214 neque
1066 4132 1130 4195 in
1163 4132 1311 4216 jure
1344 4140 1496 4198 ante
1526 4130 1968 4197 Tridentinam
1996 4131 2324 4217 synodum
2356 4134 2615 4217 vigente

378 4244 585 4311 ullum
618 4246 913 4329 reperire
943 4256 1044 4313 est
1072 4248 1573 4316 fundamentum
1594 4298 1611 4329 ,
1644 4268 1771 4334 quo
1799 4247 1989 4314 dictae
2020 4247 2438 4333 coadjutorioe
2466 4269 2616 4316 cum

380 4358 602 4427 futura
651 4363 1056 4429 successione
1104 4364 1491 4449 fulciantur3
1545 4364 1662 4431 sed
1710 4386 1791 4430 ex
1843 4363 2315 4430 consuetudine
2363 4371 2615 4431 tantum

2338 4476 2409 4532 28
