3146 4973
521 348 647 412 296
1195 361 1567 409 moruus
1615 364 1700 410 m:
1744 362 2070 409 mnocflo.

525 482 1075 552 «conservandae.
1117 485 1492 571 (Cardiualis
1539 484 1624 550 de
1673 486 1867 563 Luca,
1928 490 2003 549 de
2047 490 2194 549 Jure
2233 495 2619 569 patronatus,
2680 491 2744 555 in

525 600 557 663 ι’(
592 608 861 680 Summa,
908 621 973 664 n.
1010 599 1103 683 3.)
1138 602 1305 682 Quin
1356 608 1424 665 et
1472 602 1671 665 sacris
1712 600 2064 666 canonibus
2103 608 2386 680 cautum,
2428 612 2503 668 ut
2544 605 2746 670 bene-

527 740 559 777 «
596 718 730 782 ficii
769 737 884 781 seu
927 717 1214 781 ecclesiae
1255 713 1569 782 fundator
1618 715 1962 781 dotatorve
1995 718 2238 782 nullam
2283 718 2431 783 hinc
2469 727 2749 803 potesta-

526 851 559 890 «
593 837 727 893 tem
773 836 1289 912 consequeretur
1329 828 1597 912 (canone
1645 833 1953 905 Noverint,
2010 831 2108 905 10,
2147 849 2208 913 q.
2246 827 2333 913 1),
2372 850 2502 896 nou
2539 834 2746 897 solum

524 965 559 1004 ι(
588 943 806 1029 quoad
825 944 1328 1026 dispositionem,
1347 942 1466 1008 sed
1487 947 1682 1008 etiam
1708 943 1922 1027 quoad
1949 943 2264 1011 honorem
2278 949 2742 1030 praecessioniS‚

516 1082 557 1135 7«
590 1068 831 1144 praeter
863 1060 1067 1136 illum,
1112 1061 1221 1144 qui
1259 1059 1495 1124 Christi
1532 1057 1849 1123 fidelibus
1895 1059 2342 1126 indifferenter
2371 1062 2744 1128 exhibetur.

522 1198 559 1237 κ
589 1177 999 1258 Frigescente
1046 1173 1284 1240 deinde
1336 1174 1681 1250 charitate,
1726 1195 1811 1239 ex
1850 1175 2163 1259 prudenti
2208 1164 2752 1243 Ecclesiae'consi-

524 1294 698 1368 «lio,
737 1290 822 1356 ad
857 1291 1232 1356 alliciendos
1274 1290 1508 1355 fideles
1547 1290 1754 1354 laicos
1794 1290 1879 1355 ad
1932 1292 2234 1357 ecelesias
2275 1292 2643 1358 fundendas
2683 1300 2751 1357 et

526 1429 560 1469 «
596 1406 939 1489 dotandas,
975 1425 1095 1489 per
1130 1407 1293 1470 viam
1314 1407 1540 1489 gratiae
1578 1414 1647 1471 et
1671 1407 1993 1489 privilegii
2021 1406 2357 1473 inductum
2393 1407 2751 1485 indultum-

527 1546 563 1584 «
594 1543 720 1608 que
766 1524 842 1588 iis
882 1523 989 1608 jus
1024 1531 1388 1606 patronatus
1438 1524 1780 1601 honorifici,
1839 1542 1961 1606 per
1998 1525 2279 1606 speciem
2333 1525 2753 1608 protectionis

526 1662 561 1701 «
588 1648 656 1704 et
689 1639 1081 1705 defensionis
1126 1640 1289 1725 (quae
1338 1639 1496 1704 alias
1551 1638 1994 1705 advocationis
2038 1641 2233 1706 titulo
2279 1638 2602 1723 veniebat)
2649 1660 2754 1706 ec-

530 1780 562 1819 «
603 1758 944 1822 elesiarum
990 1776 1107 1822 seu
1138 1756 1646 1833 beneficiorum,
1687 1758 1960 1822 maxime
1998 1758 2079 1822 ab
2117 1758 2611 1823 alienationibus
2651 1779 2755 1823 re-

531 1896 566 1933 «
599 1892 746 1938 rum
776 1881 842 1938 et
866 1872 1224 1950 redituum,
1250 1875 1318 1937 in
1350 1876 1443 1938 eis
1471 1893 1507 1937 a
1536 1892 1604 1937 se
1634 1874 2099 1939 collocatorum
2125 1874 2393 1959 (canone
2425 1877 2605 1938 Filiis
2646 1877 2747 1951 16,

534 2011 568 2050 «
599 1982 663 2073 q'.
706 1987 794 2071 7).
832 1992 978 2054 Mox
1013 1989 1211 2053 etiam
1250 1987 1665 2072 gratitudinis
1715 2008 1871 2073 ergo
1920 2008 2319 2065 concessum,
2369 1998 2443 2054 ut
2482 1997 2756 2073 patrono

534 2124 569 2163 «
598 2103 824 2188 ejusve
878 2104 1025 2169 filiis
1068 2105 1490 2187 vergentibus
1528 2104 1612 2169 ad
1651 2112 2035 2188 egestatem,
2074 2105 2155 2169 ab
2200 2105 2483 2170 Ecclesia
2520 2104 2602 2170 de
2646 2106 2758 2169 ali-

537 2242 571 2279 «
605 2220 844 2285 mentis
903 2221 1394 2303 prospiceretur
1448 2220 1716 2305 (canone
1766 2225 2127 2302 Quicumque
2181 2223 2282 2297 16,
2341 2239 2405 2303 q.
2455 2220 2540 2303 7).
2580 2221 2757 2285 Prae-

538 2357 571 2395 «
600 2342 783 2400 terea
816 2354 898 2399 ex
934 2336 1246 2400 Toletano
1288 2334 1559 2400 concilio
1604 2340 1643 2401 9
1671 2333 2033 2412 inductum,
2071 2342 2141 2398 ut
2169 2339 2459 2416 quamdiu
2487 2342 2760 2400 viverent

539 2449 863 2533 «ipsimet
918 2449 1323 2525 fundatoreS,
1367 2448 1459 2514 eis
1495 2450 1999 2533 permitteretur
2041 2451 2234 2514 etiam
2280 2448 2512 2516 offerre
2548 2456 2762 2516 recto-

539 2588 574 2626 «
606 2583 713 2632 res
741 2563 1008 2631 idoneos
1054 2566 1405 2647 Episcopis,
1447 2583 1569 2648 per
1606 2583 1717 2630 eos
1748 2563 2142 2629 ordinandos
2192 2572 2259 2630 et
2287 2566 2765 2648 promovendos

545 2702 577 2740 «
617 2681 884 2765 (canone
943 2684 1347 2757 mom-rimus,
1382 2679 1615 2745 eadem
1654 2699 1845 2745 causa
1900 2682 2000 2757 16,
2045 2698 2108 2762 q.
2169 2677 2258 2763 7);
2293 2681 2489 2744 sacris
2516 2681 2767 2745 canoni-

545 2818 579 2857 «
612 2795 734 2860 bus
764 2796 1023 2860 interim
1081 2795 1362 2860 necdum
1390 2796 1925 2880 ·agnosceutibus
1980 2795 2354 2860 facultatem
2416 2797 2612 2861 ullam
2649 2815 2766 2861 seu

547 2935 579 2970 «
618 2916 1003 2994 potestatem
1050 2911 1171 2976 hoc
1207 2914 1418 2995 ipsum
1458 2911 1564 2997 jus
1603 2911 1957 2977 offerrendi
1995 2910 2212 2998 (quod
2241 2910 2436 2976 hodie
2469 2911 2576 2997 jus
2604 2930 2768 2995 proe-

550 3048 585 3092 «
619 3024 916 3102 sentandi
976 3025 1319 3110 vocamus)
1384 3025 1827 3093 transferendi
1901 3026 1986 3091 de
2056 3045 2332 3110 persona
2402 3024 2769 3091 fundatoris

553 3162 587 3205 α
619 3141 687 3205 in
753 3155 1180 3219 successores,
1226 3161 1342 3208 seu
1391 3143 1566 3208 inter
1616 3143 1820 3218 vivoS,
1861 3161 1977 3208 seu
2031 3143 2095 3205 in
2143 3141 2364 3205 ultima
2405 3141 2761 3206 voluntate.

550 3278 586 3317 α
616 3257 935 3341 Denique,
971 3255 1128 3322 dum
1157 3254 1392 3322 exinde
1425 3255 1819 3322 fundatores
1848 3264 2268 3322 consuessent
2296 3257 2360 3320 iu
2378 3254 2770 3321 fundationis

555 3394 590 3435 o(
621 3373 838 3439 limine
877 3372 1041 3438 hanc
1084 3373 1298 3456 legem
1334 3370 1644 3455 adjicere,
1685 3381 1759 3437 ut
1805 3372 1925 3437 sibi
1965 3373 2234 3437 alterive
2266 3391 2304 3436 a
2333 3391 2402 3437 se
2433 3371 2770 3455 designato

553 3509 589 3548 α
610 3488 717 3572 jus
753 3489 882 3553 tale
913 3486 1229 3552 offerendi
1259 3505 1374 3552 seu
1408 3487 1870 3568 praesentandi,
1902 3507 2032 3553 una
2070 3507 2219 3552 cum
2271 3487 2409 3552 aliis
2450 3506 2772 3571 praeroga-

557 3627 591 3664 «
622 3603 772 3668 tivis
821 3601 1213 3680 advocatiae,
1279 3601 1575 3678 honoriS,
1651 3602 2132 3680 alimentorum,
2216 3608 2763 3687 praeservaretur3

555 3741 590 3780 α
627 3717 1008 3794 PontificeS,
1073 3719 1198 3782 rati
1248 3716 1318 3781 id
1372 3719 1632 3783 minime
1681 3719 1773 3783 eis
1823 3717 2272 3795 invidendum,
2307 3725 2381 3783 ut
2415 3719 2645 3800 passim
2677 3718 2772 3780 in-

555 3857 590 3893 «
623 3835 1010 3910 vitarentur,
1069 3842 1204 3898 tam
1258 3834 1477 3899 clerici
1534 3853 1728 3920 quam
1786 3834 1932 3898 laici
1999 3831 2080 3898 ad
2138 3831 2507 3897 fundendas
2567 3832 2775 3897 eccle-

557 3971 591 4011 «
622 3950 768 4026 siae,
808 3948 913 4034 jus
956 3950 1353 4032 generaliter
1404 3951 1478 4014 iis
1526 3968 1947 4033 concessere3
2013 3947 2267 4032 adjecta
2305 3948 2572 4030 iusuper
2633 3967 2774 4032 per·

554 4088 589 4126 «
622 4067 919 4133 missione
952 4066 1129 4133 idem
1149 4067 1253 4152 jus
1274 4069 1339 4130 in
1356 4068 1515 4132 alios
1541 4065 1984 4134 transferendi
2018 4087 2029 4130 ε
2069 4085 2145 4131 ac
2170 4067 2261 4130 ita
2283 4084 2405 4129 usu
2436 4072 2772 4148 receptum

555 4181 589 4243 «'
626 4191 747 4260 est,
790 4190 865 4248 ut
896 4181 1092 4249 modo
1123 4177 1372 4248 nonsit
1408 4183 1513 4267 jus
1550 4183 1827 4266 amplius
1875 4179 2456 4247 extraordinarium
2488 4187 2558 4245 et
2587 4197 2775 4246 exor-

556 4323 587 4354 σ
626 4298 858 4374 binum,
892 4296 1011 4363 sed
1034 4316 1374 4364 commune
1405 4307 1475 4364 et
1512 4297 1934 4372 ordinarium,
1983 4304 2056 4360 ut
2093 4296 2248 4361 satis
2281 4292 2564 4360 ostendit
2596 4300 2775 4376 totus

554 4435 586 4471 α
624 4413 738 4476 iste
784 4416 858 4474 cle
897 4417 1042 4475 ‚lure
1076 4419 1437 4492 patronatus
1478 4412 1704 4476 titulus
1765 4413 1827 4474 iu
1860 4410 2007 4494 jure
2065 4409 2396 4475 canonico.
2434 4409 2640 4494 Atqu-e
2687 4429 2766 4474 ex
