3146 4973
1317 355 1477 404 rans
1528 357 1758 405 raim.
1804 344 1818 357 “
2541 346 2650 409 181

511 486 912 552 Pnorosmo
941 486 1050 550 112.
1087 518 1177 529 —
1199 485 1310 546 Est
1346 485 1421 546 de
1453 489 1715 547 essentia
1735 484 2150 566 parochiam-5,
2195 493 2262 549 ut
2291 492 2372 550 sit
2404 488 2666 568 officium

412 607 665 683 proprio
697 606 937 665 nomine
982 600 1402 663 exercendum.
1442 635 1533 647 —-
1564 600 1655 664 Ut
1707 599 1854 686 quis
1900 618 2137 685 nempe
2169 619 2325 666 vere
2353 602 2437 667 sit
2476 622 2667 687 paro-

421 715 600 795 chuS,
639 734 772 781 non
800 713 1036 780 sufficit
1066 733 1219 780 eum
1255 711 1647 798 deputatum
1690 714 1889 781 fuisse
1941 713 2027 780 ad
2072 713 2354 781 officium
2393 716 2666 783 curandi

420 832 660 898 animas
718 849 840 916 per
892 830 1082 896 verbi
1152 830 1276 895 Dei
1332 836 1402 895 et
1451 838 2006 898 sacramentorum
2065 833 2599 899 ministrationem
2643 856 2657 900 ε

418 967 568 1012 nam
602 946 912 1033 deputari
951 947 1093 1031 quis
1125 951 1346 1030 potest
1372 945 1457 1012 ad
1489 945 1810 1031 ejusmodi
1842 947 2119 1013 officium
2148 955 2274 1012 vice
2326 958 2383 1012 et
2430 958 2668 1015 nomine

414 1067 668 1127 alterius
710 1061 1109 1147 explendum
1154 1082 1168 1124 :
1220 1068 1290 1127 et
1334 1080 1569 1127 revera
1627 1063 2022 1149 presbyteri,
2060 1063 2249 1129 verbi
2285 1065 2512 1148 gratia,
2551 1069 2670 1151 qni

415 1178 535 1244 sub
587 1179 1101 1263 capellanorum,
1137 1183 1252 1243 aut
1290 1178 1707 1257 vicariorum,
1748 1180 1959 1244 aliove
2012 1181 2292 1257 nomine,
2341 1181 2663 1264 parochos

410 1294 749 1381 adjuvant,
783 1292 1068 1359 officium
1098 1295 1345 1359 animas
1369 1292 1645 1381 curandi
1673 1313 1796 1379 per
1828 1295 2308 1378 praedicationis
2344 1302 2412 1362 et
2451 1318 2662 1364 sacra-

411 1419 781 1478 mentorum
824 1410 1360 1476 ministrationem
1402 1428 1560 1474 vere
1596 1418 1666 1475 et
1698 1410 1820 1495 ipsi
1865 1420 2201 1478 exercent.
2235 1412 2661 1480 Nihilominus

407 1528 555 1613 quia
581 1526 652 1592 id
688 1532 1021 1612 proestant‚
1068 1545 1195 1592 non
1241 1526 1509 1610 proprio
1556 1527 1840 1603 nomine,
1878 1526 1998 1593 sed
2034 1535 2345 1613 tanquam
2382 1530 2656 1597 aliorum

414 1644 651 1721 vicarii,
686 1661 1095 1727 nequaquam
1135 1662 1258 1725 pro
1303 1641 1603 1725 parochis
1630 1661 1769 1708 esse
1815 1641 2173 1722 habendos,
2213 1652 2316 1710 est
2356 1654 2656 1713 constans

407 1762 609 1838 Rotae,
644 1760 1346 1844 congregationumque
1391 1758 1842 1837 Romanarum,
1883 1767 1951 1824 et
2007 1760 2487 1827 canonistarum
2536 1761 2657 1827 do-

407 1878 644 1960 ctrina5
673 1884 871 1960 prout
901 1874 1054 1942 satis
1081 1883 1266 1958 patet
1298 1896 1383 1940 ex
1416 1876 1789 1958 praenotatis
1812 1874 1997 1940 initio
2021 1876 2214 1961 hujus
2232 1880 2648 1963 paragraphi,

401 2002 472 2058 et
502 1992 872 2077 plenissime
899 1999 1307 2076 compertum
1338 1990 1565 2055 haberi
1595 1998 1814 2074 potest
1833 1990 2280 2074 percurrendo
2308 2012 2552 2072 causaS‚
2588 1994 2651 2058 in

399 2108 636 2193 quibus
685 2105 1075 2173 resolvenda
1114 2108 1294 2172 venit
1320 2106 1591 2190 quaestio
1631 2125 1714 2170 an
1744 2105 1892 2191 quis
1931 2125 2127 2171 verus
2156 2107 2500 2190 parochus,
2544 2111 2651 2175 vel

395 2225 612 2309 aliqua
634 2224 916 2290 ecclesia
948 2242 1106 2288 vere
1141 2221 1523 2306 parochialis
1570 2224 1676 2299 sit,
1711 2222 1776 2286 in
1827 2222 1892 2286 in
1904 2220 2160 2288 dicibus
2198 2223 2334 2288 sive
2383 2222 2651 2291 decisio-

400 2360 558 2407 num
604 2341 812 2417 Rotae,
876 2341 1013 2405 sive
1070 2341 1361 2404 Thesauri
1413 2342 1840 2402 resolutionum
1899 2343 2100 2404 Sacroe
2154 2344 2650 2422 Conyreqationis

400 2460 682 2537 Cone-ilii,
720 2454 1058 2523 indicatas.
1084 2456 1161 2521 In
1184 2455 1479 2540 regulam
1511 2473 1747 2539 nempe
1774 2452 1939 2543 juris
1964 2457 2324 2523 communis
2348 2457 2637 2536 transiit,

399 2595 520 2660 pro
557 2594 717 2641 vero
745 2574 1030 2659 parocho
1060 2594 1188 2642 non
1227 2593 1367 2640 esse
1406 2572 1783 2639 habendum
1832 2574 2040 2651 illum,
2080 2575 2194 2660 qui
2248 2594 2470 2640 curam
2508 2577 2644 2641 ani-

398 2710 651 2758 marum
688 2709 820 2756 non
856 2696 1126 2755 exercet
1152 2689 1423 2773 proprio
1451 2690 1732 2754 nomine.
1770 2690 1922 2755 Haec
1953 2698 2175 2755 autem
2207 2691 2467 2774 regula,
2510 2711 2639 2756 non

398 2829 481 2874 ex
526 2809 741 2893 aliquo
780 2806 1077 2892 generali
1122 2803 1422 2872 Ecclesiae
1471 2804 1777 2882 decreto,
1816 2804 1936 2871 sed
1974 2807 2190 2890 potius
2228 2825 2310 2873 ex
2346 2809 2530 2891 praxi
2570 2817 2640 2872 et

396 2925 718 2991 communi
754 2924 1178 2990 aestimatione
1213 2920 1481 2987 inducta
1504 2922 1808 3006 primitus
1854 2920 2139 2988 videtur.
2179 2921 2370 2988 Unde
2401 2924 2641 2990 intelli-

395 3039 629 3129 gendo,
651 3038 1009 3124 parochum
1055 3039 1124 3103 in
1158 3057 1352 3104 sensu
1384 3037 1570 3123 juriS,
1610 3037 1876 3104 omnino
1918 3035 2003 3102 ad
2052 3039 2252 3120 ipsius
2286 3040 2630 3104 essentiam

396 3156 773 3241 requiritur,
815 3159 889 3220 ut
914 3171 1136 3221 curam
1166 3154 1433 3239 proprio
1463 3153 1744 3231 nomine,
1773 3173 1901 3219 non
1931 3160 2147 3218 autem
2182 3155 2323 3218 vice
2361 3155 2632 3222 alterius

394 3281 723 3340 exerceat.

482 3391 877 3457 Pnorosrno
899 3389 1042 3453 111³.
1065 3425 1154 3437 -
1173 3391 1283 3451 Est
1314 3389 1389 3451 de
1417 3390 1678 3450 essentia
1698 3385 2115 3468 parochiatus,
2146 3392 2213 3449 ut
2246 3391 2327 3448 sit
2365 3387 2627 3465 offici-am

392 3508 784 3570 exercendum
837 3508 1035 3586 quoad
1093 3507 1554 3568 determinatam
1620 3505 2084 3566 dioecesanorum
2134 3507 2492 3586 portionem.
2540 3539 2629 3549 -

393 3624 550 3688 Nam
581 3620 652 3688 id
678 3622 878 3688 etiam
913 3622 979 3685 in
1003 3621 1296 3705 regulam
1325 3627 1577 3686 certam
1606 3619 1862 3684 transiit
1897 3616 2074 3702 apud
2109 3618 2362 3694 Rotam,
2400 3618 2624 3683 Roma-

391 3757 628 3823 nasque
684 3738 1218 3821 congregationes
1241 3784 1257 3814 ‚
1311 3742 1380 3802 et
1435 3735 1739 3802 doctores
1795 3754 2116 3800 canonum
2195 3735 2595 3819 interpretes

393 3853 578 3920 Unde
621 3873 740 3939 pro
778 3853 1063 3938 parocho
1109 3852 1176 3918 in
1206 3854 1434 3920 stricto
1455 3852 1624 3938 juris
1661 3869 1853 3916 sensu
1881 3870 2012 3915 non
2052 3849 2335 3917 habetur
2365 3852 2623 3934 Episco-

391 3991 529 4055 puS,
566 3973 860 4058 quamvis
889 3980 958 4037 et
991 3972 1131 4054 ipse
1176 3990 1401 4037 curam
1442 3969 1826 4047 animarum,
1857 3976 1925 4034 et
1954 3965 2220 4052 quidem
2250 3968 2619 4052 principali-

392 4093 513 4164 ter,
535 4087 603 4153 in
631 4092 770 4153 tota
807 4083 1076 4152 dioecesi
1100 4084 1359 4151 habeat.
1394 4085 1563 4151 Item
1587 4082 1925 4166 regionum
1945 4083 2202 4148 illarum
2221 4081 2618 4166 parochiales

390 4203 697 4283 ecclesiae,
741 4220 902 4287 quas
929 4208 1245 4280 memorat
1271 4200 1648 4268 Tfidentina
1676 4198 1986 4284 synodus,
2017 4218 2159 4284 quae
2186 4199 2441 4265 nullum
2472 4219 2617 4264 cer·

390 4326 524 4384 tum
544 4319 860 4404 populum
882 4318 1007 4383 sihi
1031 4315 1365 4383 addictum
1387 4316 1739 4394 habebant,
1773 4324 1843 4381 et
1863 4317 1931 4381 in
1952 4316 2187 4401 quibus
2210 4322 2614 4382 sacramenta

391 4438 749 4520 promiscue
803 4434 1102 4504 omnibus
1154 4434 1714 4514 ministrabantur,
1754 4433 2047 4520 quamvis
2072 4431 2326 4520 in.juris
2362 4425 2613 4516 antiqui
