3146 4973
630 412 754 475 536
1301 423 1679 473 moruus
1724 425 1814 472 me:
1857 422 2182 472 manem.

625 551 824 618 rocho
861 549 1121 616 infirmo
1152 545 1572 633 concessam),
1607 568 1730 634 per
1763 556 2044 633 quatuor
2077 566 2331 614 menses
2364 549 2726 630 abessendi,
2760 554 2840 620 ob

618 666 788 732 aeris
821 663 1282 731 Avenionensis
1318 663 1799 729 inclementiam
1833 664 2023 750 (libro
2048 665 2136 730 28
2164 662 2450 741 decret„
2488 684 2638 750 pag.
2662 667 2836 753 395).

708 786 774 849 9.
810 781 932 847 Die
961 783 1003 847 6
1037 780 1258 864 aprilis
1295 781 1488 857 1647,
1538 783 1730 844 Sacra
1773 783 2173 862 Conqreqatio
2201 784 2531 863 respondit,
2565 802 2673 846 nee
2705 792 2845 848 oeta—

619 905 737 961 tem
771 899 1040 976 senuerit,
1084 915 1188 959 nec
1226 897 1451 957 malam
1486 897 1897 958 valetudinem
1924 914 2212 958 exmtsare
2241 897 2575 978 par-ochum
2622 917 2663 960 a
2702 904 2846 961 resi-

612 1015 822 1077 dentia
843 1014 1154 1096 personali
1186 1009 1378 1096 (libro
1416 1013 1494 1076 18
1524 1007 1967 1088 decretorum,
1993 1027 2144 1094 pag.
2173 1007 2355 1094 329).

703 1131 807 1192 10.
844 1127 964 1192 Die
993 1130 1030 1193 3
1066 1126 1354 1193 octobris
1387 1128 1590 1203 1671,
1638 1122 1722 1189 ad
1777 1143 1997 1190 casum
2046 1125 2139 1190 sic
2187 1126 2595 1211 propositum
2647 1149 2661 1193 ε
2704 1132 2847 1192 Ber·

609 1246 843 1306 nardus
900 1247 1206 1321 Monuzzi,
1256 1242 1557 1324 parochus
1611 1244 1904 1322 Foynani,
1951 1247 2116 1323 petit
2164 1248 2355 1305 eximi
2405 1263 2445 1306 a
2492 1246 2837 1324 residentia,

609 1366 808 1423 stante
835 1378 1030 1440 parvo
1065 1377 1311 1421 numero
1335 1358 1741 1437 familiarum,
1795 1362 1895 1419 eui
1924 1361 2159 1420 vicinus
2185 1359 2481 1439 parochus
2525 1361 2841 1440 supplebit.

606 1509 697 1520 —
731 1478 922 1538 Sacra
957 1476 1355 1554 Conqreqatio
1380 1476 1633 1551 censuit,
1672 1490 1792 1534 non
1819 1490 1942 1534 esse
1976 1475 2357 1537 annuendum
2391 1472 2580 1559 (libro
2617 1475 2700 1539 27
2728 1472 2850 1539 de·

607 1596 963 1667 oratorum,
987 1588 1218 1671 pagina
1246 1585 1426 1669 229).

705 1707 807 1769 11.
853 1707 1189 1788 Fagnanus
1220 1703 1308 1790 (in
1339 1711 1538 1786 caput
1564 1706 1990 1785 Extirpandae,
2023 1722 2090 1768 n.
2136 1705 2240 1782 ll,
2267 1707 2342 1768 de
2368 1703 2738 1789 Proebendis)
2760 1713 2855 1770 to·

607 1828 818 1886 statur
845 1822 912 1885 in
949 1821 1123 1885 hunc
1158 1819 1426 1885 modum
1455 1841 1469 1885 :
1503 1840 1535 1880 «
1571 1818 1765 1884 Sacra
1797 1819 2227 1902 congregatio
2268 1821 2586 1900 consulta,
2618 1841 2700 1886 an
2744 1841 2851 1905 pa-

613 1959 646 1999 «
682 1936 922 2003 rochus
968 1945 1279 2003 teneatur
1328 1934 1654 2012 residere,
1701 1935 1954 2000 etiamsi
1997 1943 2214 2001 essent
2257 1939 2323 2000 in
2379 1938 2488 2002 illa
2538 1937 2851 2021 parochia

620 2078 647 2118 κ
686 2064 822 2122 tres
868 2062 1123 2123 tantum
1161 2056 1269 2120 vel
1294 2063 1584 2139 quatuor
1608 2055 1858 2133 incolae,
1890 2051 2247 2136 respondit,
2283 2052 2519 2118 teneri.
2549 2075 2581 2113 »

703 2173 809 2235 12.
842 2171 962 2236 Die
995 2170 1242 2235 lomaii
1275 2171 1471 2248 1687,
1504 2165 1590 2233 ad
1625 2167 1822 2233 dubia
1859 2189 1873 2233 ε

695 2291 929 2363 Prinw,
962 2306 1044 2350 an
1074 2294 1332 2348 rectores
1365 2287 1752 2348 eeclesiarum
1774 2285 2244 2364 parochialium,
2274 2303 2313 2345 a
2345 2289 2595 2347 civitate
2622 2286 2858 2347 distan-

611 2409 762 2465 tium
793 2421 903 2482 per
929 2406 1047 2465 duo
1091 2409 1218 2464 tria
1265 2409 1377 2464 aut
1414 2409 1676 2482 quatuor
1715 2401 2013 2463 milliaria
2042 2405 2303 2478 circiter,
2330 2405 2563 2480 possint
2598 2407 2729 2464 sine
2757 2421 2859 2464 esc-

600 2538 814 2601 pressa
849 2522 1128 2600 Episcopi
1158 2521 1405 2581 licentia
1425 2520 1626 2581 abesse
1642 2537 1681 2579 a
1703 2521 1831 2579 suis
1853 2519 2115 2579 ecclesiis
2130 2518 2604 2598 parochialibus,
2644 2520 2861 2581 relicto

612 2640 832 2700 ibidem
873 2638 1202 2699 substituto
1233 2638 1307 2698 ab
1331 2641 1418 2697 eis
1443 2639 1765 2717 deputato,·
1789 2640 1851 2695 et
1879 2638 1946 2695 in
1976 2638 2226 2696 civitate
2265 2642 2389 2697 tam
2424 2637 2646 2698 diurno
2677 2656 2859 2716 quam

613 2760 902 2816 nocturno
941 2758 1197 2832 tempore
1224 2755 1464 2833 juqiter
1510 2753 1892 2827 commorari,
1929 2755 2196 2829 exeeptis
2244 2752 2388 2813 solis
2428 2753 2638 2814 diebus
2683 2756 2863 2833 sestis

614 2872 681 2930 in
712 2868 924 2947 quibus
950 2868 1034 2928 ad
1064 2868 1260 2929 dictas
1288 2868 1566 2929 ecclesias
1612 2884 1672 2927 se
1700 2867 2033 2943 conserant,
2072 2872 2432 2929 revertentes
2466 2869 2633 2930 illico
2660 2870 2747 2932 ad
2776 2875 2861 2931 ci-

619 2988 867 3045 vitatem
883 2983 913 3043 ?

707 3099 1000 3177 Secunde,
1035 3116 1119 3160 an
1146 3098 1396 3179 parochi
1398 3146 1417 3177 ,
1453 3102 1557 3178 qui
1585 3103 1874 3160 nocturno
1903 3101 2260 3177 coeteroquin
2293 3104 2553 3179 tempore
2588 3102 2863 3163 resident

620 3215 786 3294 apud
821 3230 960 3275 suas
987 3216 1295 3291 ecclesias,
1332 3218 1591 3293 possint,
1634 3214 1930 3275 celebrata
1963 3230 2189 3273 summo
2218 3231 2393 3275 mane
2436 3218 2621 3276 missa
2670 3220 2739 3276 in
2768 3216 2870 3276 di-

623 3334 739 3391 ctis
764 3331 1047 3408 ecelesiis,
1086 3349 1147 3391 se
1187 3331 1454 3409 conferre
1484 3330 1567 3390 ad
1604 3332 1936 3404 civitatem,
1975 3334 2034 3390 et
2083 3332 2149 3390 in
2174 3346 2245 3389 ea
2273 3329 2564 3391 diuturno
2600 3335 2871 3409 tempore

628 3450 812 3508 totius
842 3448 937 3508 vel
968 3450 1217 3526 majoris
1235 3449 1442 3527 partis
1480 3448 1630 3507 anni
1658 3450 2035 3519 commorari,
2081 3447 2220 3509 licet
2254 3447 2420 3526 apud
2451 3448 2650 3510 dictas
2676 3448 2873 3510 eccle-

625 3566 751 3624 sias
781 3564 991 3625 adsint
1016 3579 1220 3622 eorum
1247 3562 1559 3623 substituti
1585 3559 1616 3623 ‚⁹

721 3679 942 3753 TertiO,
970 3693 1052 3736 an
1078 3676 1229 3736 dicti
1256 3676 1524 3755 parochi,
1550 3680 1656 3755 qui
1684 3680 2039 3755 coeteroquin
2063 3676 2285 3738 diurno
2308 3684 2567 3757 tempore
2593 3679 2879 3742 resident

626 3792 792 3871 apud
826 3809 968 3852 suas
1002 3792 1307 3870 ecclesias,
1337 3797 1593 3871 possunt
1623 3796 1912 3855 nocturno
1956 3798 2214 3870 tempore
2252 3797 2437 3854 totius
2480 3794 2576 3854 vel
2610 3798 2884 3873 majoris

621 3909 826 3986 partis
848 3910 998 3968 anni
1020 3910 1376 3968 commorari
1402 3910 1468 3968 in
1500 3910 1770 3985 civitate,
1795 3908 1932 3968 licet
1959 3906 2125 3987 apud
2145 3907 2343 3968 dictas
2361 3907 2635 3968 ecclesias
2651 3908 2886 3969 adsint

628 4040 830 4083 eorum
859 4023 1227 4084 substituti?

716 4140 906 4200 Sacra
938 4138 1334 4218 Conqreqatio
1372 4139 1681 4218 respondit
1710 4139 1793 4199 ad
1814 4141 2102 4218 primum,
2142 4138 2462 4199 secundum
2492 4144 2551 4199 et
2583 4142 2885 4219 tertium,

628 4256 924 4332 neqative.
965 4249 1176 4336 (Apud
1223 4249 1652 4316 Benedictum
1702 4252 1868 4327 XIV,
1903 4254 2297 4314 Institutione
2340 4255 2414 4315 17
2448 4272 2463 4315 :
2498 4251 2614 4316 ubi
2668 4254 2899 4320 etiam

629 4365 920 4446 reperies
962 4381 1188 4427 omnes
1220 4362 1376 4428 alias
1406 4364 1470 4427 iu
1499 4364 1622 4430 hoo
1665 4373 1890 4428 nostro
1923 4366 2329 4449 paragrapho
2367 4365 2608 4430 relatas
2645 4365 2907 4433 decla-

631 4476 967 4560 rationes)
