3146 4973
605 360 691 427 80
1284 374 1665 425 moruus
1710 375 1801 427 na
1846 371 2173 425 rancone.

595 508 810 569 totum
831 498 1266 569 evertendum
1288 498 1712 567 iustitutionis
1736 497 1973 567 diviuae
1996 503 2307 584 systema.
2330 493 2631 563 Absurde
2659 496 2839 562 enim

601 617 938 685 diceretur
976 618 1069 705 (et
1090 635 1304 703 neque
1340 616 1465 683 hoc
1495 616 1671 683 ullus
1697 614 2225 683 adversariorum
2256 611 2624 699 sumniavit)
2660 613 2846 679 insti-

600 741 781 801 tutos
809 755 848 800 a
877 733 1132 801 Christo
1175 733 1373 801 fuisse
1415 732 1752 818 parochos,
1800 726 1922 800 s'ed
1951 739 2188 818 quarto
2226 729 2570 798 dumtaxat
2604 729 2846 796 saeculo

613 856 898 914 orituros.

694 967 764 1029 2⁰
794 964 988 1030 Nullo
1032 963 1370 1049 scripturae
1407 971 1622 1043 textu,
1676 963 1787 1031 vel
1825 962 2282 1043 verisimiliter,
2326 961 2589 1049 probari
2629 968 2848 1047 potest

606 1079 826 1147 divina
849 1079 1276 1166 parochorum
1303 1080 1626 1147 institutio
1648 1100 1665 1165 ;
1699 1078 1879 1165 quod
1908 1080 2165 1166 patebit
2193 1099 2307 1148 eos
2330 1087 2552 1147 textus
2582 1096 2847 1164 percur-

605 1198 815 1265 rendo
847 1215 1011 1283 quos
1052 1197 1180 1265 sibi
1219 1197 1447 1265 favere
1494 1195 1919 1282 praetendunt
1960 1194 2339 1265 adversarii.
2382 1196 2510 1263 Eos
2539 1214 2580 1260 a
2613 1195 2846 1279 Pigna-

607 1313 770 1380 tello
817 1311 1258 1379 mutuabimus
1291 1334 1305 1378 ε
1350 1335 1384 1375 α
1413 1312 1580 1378 Sunt
1627 1311 1914 1397 parochi,
1969 1311 2199 1399 inquit,
2237 1311 2324 1377 de
2355 1310 2503 1396 jure
2534 1309 2754 1377 divino
2777 1310 2843 1377 in

614 1451 647 1490 (ι
693 1429 1000 1507 Ecclesia,
1041 1430 1210 1494 sicut
1251 1428 1446 1495 etiam
1475 1429 1797 1513 Episcopi,
1833 1427 2013 1514 quod
2044 1434 2177 1494 tam
2209 1448 2292 1494 ex
2330 1426 2569 1494 Christi
2588 1427 2844 1493 institu-

613 1567 647 1607 α
681 1545 881 1623 tione,
915 1561 1113 1629 quam
1157 1564 1243 1610 ex
1291 1544 1747 1629 Apostolorum
1778 1543 2081 1612 doctrina
2124 1544 2542 1629 perspicuum
2575 1550 2701 1609 est.
2742 1543 2844 1608 De

618 1681 651 1720 «
692 1659 1029 1744 Episcopis
1074 1659 1421 1743 perspicua
1461 1666 1615 1724 sunt
1658 1660 1845 1725 Pauli
1886 1658 2091 1725 verba
2142 1659 2295 1745 (act.
2329 1656 2436 1742 20)
2485 1679 2500 1724 :
2537 1659 2847 1722 Attendite

612 1795 647 1834 «
685 1775 852 1837 vobis
887 1779 946 1836 et
971 1778 1253 1837 universo
1281 1777 1472 1854 yreqi,
1502 1778 1570 1836 in
1592 1793 1707 1854 quo
1736 1793 1840 1836 vos
1875 1776 2152 1869 Spiritus·
2175 1775 2433 1838 Sanctus
2455 1778 2662 1855 posuit
2697 1773 2846 1854 Epi-

613 1910 648 1951 «
685 1908 887 1971 scopas
917 1908 1120 1970 reyere
1156 1889 1483 1951 Ecclesiam
1531 1891 1667 1952 Dei.
1722 1888 1823 1953 De
1870 1886 2303 1972 parochorum
2322 1906 2482 1954 vero
2522 1891 2845 1971 potestate

618 2026 654 2064 α
687 2002 822 2089 agit
857 2001 1030 2070 idem
1076 2003 1321 2069 Paulus
1371 2002 1473 2069 his
1510 2002 1731 2070 verbis
1769 2001 1855 2070 ad
1897 2003 2305 2071 Timotheum
2338 2002 2630 2070 scribens
2665 2025 2681 2069 ε
2724 2007 2845 2084 Qui

618 2141 653 2183 α
688 2122 830 2184 bene
853 2127 1130 2203 proesunt
1160 2121 1502 2203 presbyteri
1535 2122 1770 2202 duplici
1800 2120 2021 2183 honore
2054 2122 2231 2203 diqni
2264 2121 2617 2185 habeantur.
2651 2120 2734 2185 Et
2757 2117 2843 2185 ad

612 2258 645 2296 α
682 2236 897 2302 Titum
926 2255 940 2300 :
976 2239 1056 2300 Et
1084 2241 1413 2300 emmaus
1425 2255 1542 2318 per
1567 2240 1849 2299 civitates
1876 2237 2273 2318 presbyteros,
2307 2241 2465 2299 sicut
2491 2243 2551 2299 et
2578 2254 2683 2318 eqo
2714 2237 2843 2298 dis-

614 2373 649 2412 «
679 2357 854 2434 posui
900 2354 1033 2415 tibi.
1069 2351 1365 2436 Denique
1404 2348 1489 2416 de
1522 2348 1742 2417 divina
1769 2357 1903 2417 tam
1940 2351 2405 2436 Episcoporum
2436 2368 2631 2435 quam
2662 2367 2846 2434 paro-

612 2489 647 2528 «
681 2465 953 2532 chorum
982 2465 1385 2532 institutione
1418 2466 1813 2532 mentionem
1850 2464 2007 2532 facit
2035 2465 2379 2550 Apostolus
2418 2464 2539 2532 sub
2580 2467 2843 2532 nomine

616 2604 651 2644 α
677 2589 1015 2665 pastorum,
1057 2600 1207 2646 cum
1252 2581 1685 2647 ecclesiastica
1729 2600 2003 2648 munera
2036 2601 2074 2647 a
2107 2582 2250 2648 Deo
2292 2582 2586 2648 instituta
2619 2579 2846 2647 distin-

614 2720 646 2758 «
681 2715 911 2781 guenS,
941 2695 1035 2762 sic
1061 2694 1147 2763 ad
1176 2695 1488 2781 Ephesios
1513 2695 1739 2762 scribit
1768 2717 1783 2762 :
1821 2701 1902 2761 Et
1928 2703 2056 2779 ipse
2087 2699 2256 2761 dedit
2288 2700 2577 2778 quosdam
2607 2699 2847 2780 quidem

608 2837 640 2875 α
677 2815 1011 2898 Apostolos,
1073 2815 1362 2894 quosdam
1409 2818 1612 2876 autem
1644 2814 1989 2895 prophetas,
2032 2816 2191 2876 alios
2240 2833 2381 2877 vero
2417 2815 2840 2896 evanqelistas,

613 2952 646 2990 a
682 2932 838 2993 alios
882 2935 1082 2992 autem
1121 2934 1394 3010 pastores
1440 2947 1463 2989 .·
1511 2935 1583 2993 et
1623 2925 1710 2993 de
1770 2926 2069 3010 parochis
2118 2927 2410 3013 loquitur
2458 2930 2541 2994 D.
2609 2929 2848 2994 Petrus

616 3065 650 3104 a
691 3042 905 3129 (epist.
963 3037 1051 3123 1),
1097 3058 1247 3105 cum
1290 3040 1382 3106 ait
1425 3060 1441 3104 z
1485 3036 1762 3104 seniores
1796 3059 1937 3122 erqo
1962 3046 2067 3122 qui
2100 3046 2169 3105 in
2209 3043 2376 3105 vobis
2401 3048 2543 3106 sumt
2582 3043 2837 3122 obsecro,

611 3180 646 3220 «
677 3162 984 3222 consenior
1027 3163 1086 3220 et
1134 3160 1304 3220 testis
1346 3155 1585 3220 Christi
1626 3160 2002 3238 passionum,
2050 3161 2280 3238 pascite
2320 3162 2428 3238 qui
2469 3162 2536 3221 in
2566 3159 2732 3221 vobis
2758 3164 2846 3221 est

610 3295 644 3334 a
674 3293 910 3356 qreqem
945 3277 1082 3339 Dei.
1115 3269 1307 3337 Addo
1342 3278 1413 3336 et
1447 3268 1651 3349 illud,
1690 3269 2120 3355 parochorum
2161 3269 2679 3355 jurisdictionem
2701 3319 2718 3350 ,
2764 3273 2846 3338 si·

611 3412 646 3452 α
684 3395 797 3455 cut
832 3388 1030 3454 etiam
1061 3388 1550 3470 Episcoporum‚
1582 3406 1620 3450 a
1657 3386 1800 3451 Deo
1828 3387 1896 3452 in
1926 3404 2169 3471 genere
2197 3392 2449 3454 tantum
2481 3387 2840 3454 institutam

612 3528 647 3567 «
682 3523 846 3571 esse.
894 3503 1112 3584 Quare
1154 3509 1383 3568 errant
1426 3501 1819 3586 quicumque
1862 3501 2287 3587 presbyteros
2332 3502 2652 3587 parochos
2692 3522 2844 3589 pro-

613 3643 648 3682 «
683 3620 894 3705 priam
927 3625 1123 3701 atque
1161 3614 1557 3684 ordinariam
1600 3622 1995 3701 potestatem
2030 3616 2274 3684 habere
2314 3628 2579 3704 negant.
2626 3641 2662 3682 a
2708 3619 2845 3705 (Pi-

613 3734 904 3819 guatelli,
941 3740 1099 3800 tom.
1138 3737 1198 3810 l,
1235 3732 1623 3799 consultatio
1664 3735 1771 3812 52,
1815 3753 1882 3797 n.
1920 3731 2014 3818 2.)

694 3851 903 3917 Porro
939 3847 1037 3914 his
1067 3846 1288 3914 verbis
1312 3853 1418 3929 qui
1455 3850 1597 3912 bene
1613 3856 1889 3929 presunt
1908 3851 2252 3933 presbyteri
2278 3850 2383 3935 agi
2405 3848 2491 3918 de
2517 3849 2835 3935 parochis,

602 3968 803 4054 gratis
836 3966 1095 4033 omnino
1131 3963 1475 4048 asseritur3
1511 3961 1788 4030 eruditis
1818 3965 1992 4032 enim
2024 3972 2433 4052 compertum
2470 3974 2596 4045 est,
2632 3967 2701 4032 in
2738 3986 2842 4034 re·

605 4083 953 4150 motissima
981 4080 1095 4146 illa
1120 4079 1506 4163 antiquitate
1538 4097 1700 4145 voce
1728 4082 2213 4164 presbyterorum
2237 4079 2609 4166 designatos
2644 4082 2839 4150 fuisse

603 4200 953 4285 Episcopos
976 4218 991 4262 ε
1025 4192 1205 4280 quod
1226 4194 1282 4258 si
1306 4192 1398 4258 ihi
1418 4191 1504 4258 de
1525 4193 1861 4278 Episcopis
1880 4212 2012 4262 non
2039 4203 2190 4280 agat
2210 4205 2475 4263 sanctus
2493 4197 2756 4277 Paulus,
2772 4204 2840 4266 at

604 4333 734 4382 non
752 4314 1070 4400 probatur
1089 4309 1403 4395 parochos
1420 4309 1646 4390 fuisse,
1671 4328 1837 4395 quos
1856 4321 2178 4379 memorat
2198 4312 2658 4399 presbyteros3
2682 4333 2840 4399 prae·

605 4431 830 4500 sertim
853 4446 1006 4495 cum
1025 4424 1287 4494 aliunde
1313 4430 1570 4493 constet
1591 4423 1803 4492 nullos
1830 4433 1985 4493 ante
2000 4433 2305 4516 quartum
2327 4428 2634 4498 saeculum
2656 4446 2841 4516 paro-
