3146 4973
623 325 747 388 504
1294 336 1671 385 macutus
1713 338 1805 385 nn
1849 336 2175 384 Panemo,

616 464 856 551 quihus
892 460 1140 528 dictum
1176 458 1527 526 decretum
1562 461 1712 527 silet
1726 511 1748 540 ,
1788 457 2275 544 perpendendae
2321 468 2477 526 sunt
2514 461 2834 525 sacrarum

618 577 1207 661 congregationum
1235 573 1730 653 declarationes,
1775 575 1914 640 sive
1944 574 2161 641 eidem
2192 573 2465 641 decreto
2493 575 2836 640 anteriores

622 695 771 771 sint,
809 693 949 758 sive
978 692 1403 775 posteriores;
1444 697 1641 776 atque
1687 692 1768 756 iis
1809 690 2287 769 deficientibus,
2339 688 2739 758 attendenda
2761 689 2839 756 de

625 826 811 874 more
843 806 1170 872 communi
1195 803 1539 871 doctorum
1567 806 1911 871 sententia.

712 925 782 986 4⁰
808 920 1004 1003 Quod
1034 927 1280 999 autem,
1319 928 1397 985 ut
1427 919 1732 998 diximm,
1770 919 2191 987 attendendoe
2231 939 2362 986 non
2407 922 2536 987 sint
2575 920 2849 987 declara·

623 1039 835 1105 tiones
878 1035 1231 1119 soepedicto
1276 1036 1548 1103 decreto
1586 1039 1968 1114 anterior-ea,
2021 1038 2076 1101 si
2129 1035 2308 1102 forte
2355 1037 2478 1120 ipsi
2521 1035 2852 1102 adversari

625 1152 1036 1231 viderentur,
1087 1153 1215 1217 fuit
1279 1153 1477 1217 etiam
1535 1152 1874 1218 clarissimi
1925 1150 2266 1218 Benedicti
2316 1152 2463 1217 XIV
2509 1153 2848 1217 sententia.

626 1269 1046 1354 Nequaquam
1079 1267 1351 1345 scilicet,
1395 1274 1472 1332 ut
1507 1268 1754 1350 optime
1796 1265 2090 1344 adnotat,
2126 1269 2448 1333 intentum
2481 1266 2682 1333 finem
2713 1285 2858 1332 con-

624 1384 977 1448 troversias
1015 1380 1288 1447 finiendi
1327 1389 1623 1446 assecuta
1671 1381 1902 1446 fuisset
1945 1381 2140 1446 Sacra
2178 1382 2607 1464 congregatio
2629 1429 2646 1458 ‚
2695 1405 2728 1441 α
2777 1381 2858 1456 Si,

631 1521 667 1561 α
699 1505 844 1581 post
875 1496 1144 1562 decreta
1182 1499 1353 1560 urbis
1390 1503 1450 1559 et
1487 1499 1651 1560 orbis
1682 1496 1833 1561 anni
1877 1498 2068 1574 1703,
2109 1495 2340 1562 liceret
2371 1504 2682 1579 repetere
2715 1514 2862 1561 con-

633 1637 666 1674 «
697 1613 897 1679 traria
927 1609 1215 1689 decreta,
1244 1627 1390 1695 quoe
1408 1617 1559 1676 ante
1584 1609 1748 1677 illud
1762 1616 2023 1694 tempus
2047 1609 2225 1677 edita
2254 1611 2549 1695 fuerunt3
2589 1630 2748 1677 cum
2769 1613 2866 1678 Sa·

635 1753 667 1789 «
701 1748 811 1794 cra
843 1728 1272 1811 congregatio
1289 1734 1437 1809 post
1459 1727 1844 1793 diuturnum
1863 1733 1936 1792 et
1957 1734 2340 1791 accuratum
2361 1745 2637 1793 examen
2653 1727 2868 1811 aliqua

638 1865 669 1902 a
707 1862 791 1908 ex
820 1842 974 1926 ipsis
1006 1843 1268 1925 penitus
1292 1841 1734 1925 abrogaverit,
1762 1843 1886 1908 alia
1923 1860 2082 1907 vero
2112 1841 2620 1919 confirmaverit,
2643 1849 2722 1907 et
2749 1842 2872 1907 alia

639 1983 672 2020 a
704 1975 875 2024 nova
926 1956 1326 2036 condiderit,
1396 1965 1471 2023 ut
1530 1957 1821 2041 pristinis
1871 1957 2333 2024 controversiis
2383 1965 2647 2041 optatus
2695 1957 2864 2034 finis,

641 2099 673 2136 «
708 2082 1019 2159 certaque
1068 2074 1135 2138 in
1169 2079 1505 2156 posterum
1550 2092 1781 2140 norma
1828 2092 2032 2158 super
2076 2074 2196 2140 hac
2245 2093 2322 2141 re
2354 2081 2788 2140 statueretur.
2839 2093 2866 2132 υ

641 2190 1087 2277 (Institutione
1125 2192 1272 2268 105,
1318 2209 1384 2254 n.
1417 2189 1595 2276 102.)

730 2310 795 2370 5⁰
825 2307 975 2371 Haec
1006 2304 1462 2387 praemittenda
1490 2305 1817 2385 duximuS,
1859 2326 1942 2372 ne
1964 2307 2137 2373 forte
2177 2307 2501 2373 existimet
2536 2307 2687 2391 quis
2721 2305 2882 2372 elidi

641 2439 830 2506 posse
863 2420 1330 2498 conclusiones,
1375 2440 1527 2488 mox
1564 2441 1602 2486 a
1643 2422 1830 2489 nobis
1870 2442 1908 2489 e
1946 2422 2220 2489 decreto
2259 2422 2408 2488 anni
2458 2424 2622 2488 1703
2670 2419 2881 2486 dedu·

644 2534 906 2615 cenda5‚
944 2534 1246 2601 adductis
1277 2537 1342 2600 in
1379 2541 1778 2604 contrarium
1829 2539 2297 2606 vetustioribus
2338 2540 2683 2604 sacrarum
2717 2538 2886 2603 Con·

643 2653 1092 2736 gregationum
1139 2649 1708 2721 declarationibus,
1738 2656 1794 2722 N
1797 2674 1923 2721 unc
1956 2656 2310 2740 ipsummet
2344 2653 2694 2722 decretum
2733 2671 2886 2719 ocu-

646 2765 725 2831 lis
757 2765 1196 2851 subjiciamus

1681 3018 1714 3090 5
1764 3015 1845 3077 ΙΙ.

646 3264 894 3311 Decretum
919 3263 1133 3325 geaemlc
1162 3262 1315 3310 Sacrae
1336 3262 1729 3322 congregationis
1760 3261 1957 3324 Rituum,
1977 3262 2069 3311 diei
2089 3262 2154 3312 10
2176 3261 2436 3311 decembris
2463 3262 2612 3323 1703,
2632 3265 2771 3311 circu
2791 3264 2897 3324 jura

715 3357 1026 3419 parochialia,
1050 3356 1310 3409 functiones
1337 3364 1383 3404 et
1405 3356 1800 3418 memnonem,
1827 3357 1948 3406 inter
1981 3358 2211 3419 [mochus
2238 3365 2284 3407 et
2306 3356 2719 3407 confraternitates
2745 3358 2900 3406 laieo-

716 3464 842 3513 rum,
873 3462 1127 3512 earumque
1157 3448 1457 3511 cappellanus
1475 3455 1521 3496 et
1542 3447 1776 3498 officiales.

747 3716 778 3754 «
816 3690 915 3757 Ad
948 3689 1243 3755 debitum
1282 3689 1746 3775 imponendum
1771 3691 1969 3758 finem
2003 3694 2487 3772 controversiis,
2530 3711 2680 3778 quoe
2725 3696 2910 3759 inter

656 3833 688 3870 α
724 3804 1041 3891 parochos
1070 3812 1142 3871 et
1173 3805 1746 3874 confraternitates
1780 3809 2147 3888 saeculareS,
2183 3827 2537 3894 earumque
2567 3809 2907 3892 cappella-

660 3950 692 3985 α
724 3940 842 3990 nos
870 3930 943 3988 et
968 3921 1287 4003 officiales,
1331 3941 1532 4007 super
1549 3923 1807 4009 juribus
1843 3925 2322 4009 parochialibus
2345 3933 2416 3990 et
2443 3924 2912 3990 functionibus

662 4066 694 4103 α
728 4040 1197 4119 ecelesiasticis,
1239 4041 1693 4125 nonnullisque
1738 4039 2241 4124 praeeminentiis
2280 4060 2396 4107 seu
2440 4040 2915 4124 praerogative

662 4181 693 4219 «
730 4159 1117 4243 frequenter
1161 4156 1403 4222 exoriri
1448 4157 1692 4241 solent3
1731 4157 1798 4221 in
1835 4159 2028 4222 Sacra
2073 4158 2337 4223 Rituum
2374 4156 2914 4239 congregatione

664 4296 696 4333 α
732 4272 814 4339 ab
842 4271 1359 4337 Eminentissimo
1397 4278 1467 4334 et
1499 4270 2161 4337 ReverendissimoD.
2190 4270 2511 4337 cardinali
2536 4269 2916 4338 coum-edo

665 4414 695 4450 α
726 4388 1071 4473 propositis
1093 4386 1262 4451 infra
1295 4386 1555 4467 scriptis
1586 4385 1824 4464 dubiis,
1853 4386 2164 4453 videlicet
2199 4408 2212 4452 :
