3146 4973
569 382 591 442 l
616 380 695 442 12
1237 385 1618 445 moruus
1659 385 1749 433 ns
1790 380 2118 431 raaocno.

557 515 967 582 essentialem
985 510 1284 577 Ecclesiae
1314 509 1862 585 constitutionem,
1896 506 2224 599 ipsiusque
2251 500 2562 568 divinitus
2590 504 2790 563 statu-

560 642 693 698 tam
733 626 1159 696 hierarchiam
1202 643 1612 710 nequaquam
1660 623 2027 707 pertineat3
2071 626 2148 684 ut
2172 616 2342 684 adeo
2376 616 2577 700 possit
2604 612 2791 680 disci-

558 742 917 830 plinaribus
946 740 1253 820 decretis,
1279 758 1402 823 pro
1438 747 1812 822 temporum
1843 722 1912 802 et
1940 736 2237 802 locorum
2259 732 2531 809 ratione,
2563 731 2791 796 immu-

560 861 720 943 tari3
755 859 886 925 imo
918 866 988 924 et
1022 855 1108 921 de
1141 862 1283 921 toto
1321 851 1588 933 mundo,
1610 855 1661 919 si
1694 858 1763 919 et
1778 849 2059 936 -quando
2100 849 2400 916 Ecclesiae
2431 845 2788 923 videbitur,

560 975 829 1041 auferri.
2566 964 2578 973 “

649 1091 780 1155 Pro
807 1087 1176 1175 quaestionis
1202 1094 1422 1152 autem
1440 1087 1786 1172 gravitate,
1818 1090 1886 1150 et
1906 1083 2150 1152 erroris
2167 1100 2366 1167 quem
2385 1078 2795 1147 confutamus

560 1205 830 1271 nimium
886 1202 1104 1270 adhuc
1155 1201 1562 1288 perdurante
1607 1202 1717 1269 lue
1743 1250 1759 1278 ‚
1818 1219 2035 1284 operae
2108 1199 2395 1284 pretium
2437 1197 2644 1261 visum
2693 1200 2796 1259 est

559 1321 972 1397 subnectere,
1010 1337 1153 1406 quae
1184 1317 1269 1385 de
1308 1317 1544 1385 eodem
1583 1323 1990 1402 argumento,
2026 1316 2232 1381 sacrae
2268 1310 2796 1396 Congregationis

563 1436 826 1502 Concilii
862 1436 1144 1513 nomine,
1174 1434 1262 1501 ad
1296 1432 1833 1500 Ebredunensem
1866 1430 2437 1514 Archiepiscopum
2468 1425 2796 1492 scribebat

567 1553 958 1619 clarissimus
987 1551 1217 1618 Gerdil
1257 1572 1272 1616 ε
1319 1574 1352 1612 α
1394 1553 1690 1634 Magnam
1743 1547 1927 1613 cordi
1962 1552 2184 1612 nostro
2218 1545 2546 1611 tristitiam
2574 1542 2797 1609 attulit

562 1690 598 1732 (ι
633 1666 810 1753 quod
833 1666 1175 1752 significas,
1206 1667 1440 1749 passim
1465 1665 1717 1749 vulgari
1741 1681 1864 1747 per
1888 1671 2066 1728 tuam
2088 1660 2419 1728 dioecesim
2437 1660 2796 1726 infaustum

566 1804 602 1847 α
631 1783 925 1850 libellum
942 1833 958 1863 ‚
1023 1780 1456 1866 parochorum
1531 1779 1960 1864 Delphinatus
2035 1779 2293 1844 nomine
2370 1774 2794 1860 popularibus

569 1924 600 1959 α
637 1899 915 1964 comitiis
939 1898 1401 1981 inscriptum...
1447 1896 1547 1961 De
1576 1894 1938 1960 hierarchia
1963 1893 2400 1960 ecclesiastica
2426 1890 2643 1958 fertur
2660 1889 2795 1955 haec

568 2037 602 2076 α
640 2015 999 2098 perscripta
1053 2030 1198 2078 esse
1251 2010 1454 2077 libelli
1505 2011 1827 2076 sententia
1868 2032 1882 2076 ε
1927 2013 2062 2076 Non
2085 2012 2239 2073 alios
2264 2029 2388 2072 esse
2418 2029 2594 2093 posse
2627 2026 2796 2070 veros

568 2153 602 2193 α
638 2130 986 2194 hierarchas
1025 2136 1430 2211 praeterquam
1473 2131 1732 2209 Papam,
1785 2131 2107 2209 Episcopos
2154 2135 2215 2190 et
2253 2127 2547 2210 parochos
2584 2146 2605 2188 .·
2644 2127 2799 2189 hunc

567 2267 602 2307 α
637 2248 823 2326 fuisse
877 2252 1099 2327 septem
1152 2250 1354 2306 octove
1394 2246 1628 2306 saeculis
1664 2242 2141 2324 pulcherrimum
2176 2245 2455 2305 Ecclesioe
2500 2248 2725 2309 statam
2775 2262 2794 2303 .·

569 2382 604 2423 t(
637 2380 785 2443 opus
819 2361 926 2422 hoc
946 2361 1223 2423 divinum
1253 2361 1461 2439 fuisse,
1496 2361 1772 2441 deinceps
1798 2360 2058 2423 humano
2081 2362 2330 2422 consilio
2347 2360 2790 2440 perturbatura,

570 2498 605 2540 «
640 2495 774 2540 cum
808 2477 1089 2540 videlicet
1123 2481 1334 2538 contra
1364 2480 1474 2558 jus
1509 2476 1718 2556 fasque
1749 2477 1997 2558 prodire
2023 2482 2321 2557 coeperunt
2359 2476 2638 2538 titulares
2672 2478 2800 2536 sine

570 2613 604 2655 «
637 2594 964 2672 functione,
999 2595 1273 2654 ministri
1300 2596 1432 2654 sine
1454 2609 1719 2670 munere,
1752 2599 2029 2673 pastores
2057 2596 2185 2653 sine
2212 2611 2410 2672 syr-eye,
2440 2597 2801 2672 proepostere

570 2730 605 2771 α
635 2711 720 2772 ad
749 2707 1102 2771 hierarchice
1135 2713 1456 2770 essentiam
1505 2710 1600 2770 vel
1650 2714 2062 2789 inteqritatem
2112 2713 2420 2789 pertinere
2459 2727 2520 2769 se
2562 2712 2802 2770 eonten-

570 2843 606 2886 «
640 2826 867 2887 dentes.
910 2827 1039 2902 Quo
1074 2824 1325 2902 factum,
1363 2829 1436 2885 ut
1458 2825 1815 2904 perturbata
1844 2842 2014 2904 pace,
2060 2841 2191 2903 qma
2225 2841 2362 2885 suos
2388 2826 2549 2885 inter
2567 2841 2804 2903 proepo-

571 2961 604 2996 «
639 2944 785 3001 sitos
815 2942 1017 3018 viqere
1038 2939 1227 3015 debet,
1263 2957 1545 3019 maynam
1572 2940 1844 3002 Ecclesia
1866 2940 2077 3019 qlorioe
2099 2956 2221 3000 suoe
2237 2944 2477 3020 partem
2498 2941 2795 3000 amiserit.

571 3071 607 3113 a
640 3050 850 3135 Atque
881 3049 1019 3115 haec
1055 3049 1322 3135 quidem
1356 3051 1593 3117 merito
1626 3058 1778 3116 sunt
1802 3070 1840 3116 a
1877 3057 1944 3116 te
1975 3051 2394 3137 reprehensa.
2428 3053 2589 3118 Nam
2624 3048 2803 3136 quod

570 3186 605 3226 «
640 3164 960 3247 Episcopi,
1013 3163 1496 3244 sacerdotesve,
1543 3166 1722 3231 nullo
1773 3168 1971 3232 etiam
2019 3165 2588 3233 administrationis
2633 3161 2807 3232 ordi-

541 3297 606 3342 ·«
639 3280 836 3345 narioe
861 3298 1141 3347 munere
1173 3280 1545 3366 fungentes,
1579 3280 1834 3348 tardius
1854 3290 2133 3362 tantum,
2168 3301 2293 3367 per
2318 3281 2641 3362 fraudem,
2676 3299 2803 3346 nec

572 3419 606 3456 ε
639 3399 777 3462 sine
821 3397 1067 3480 ingenti
1114 3396 1415 3462 Ecclesioe
1467 3396 1795 3464 dedecore
1818 3445 1835 3475 ,
1889 3399 1957 3462 in
2004 3398 2504 3465 ecclesiasticam
2557 3396 2806 3463 hierar-

574 3531 608 3571 «
644 3508 851 3574 chiam
885 3508 1309 3592 irrepserint3
1358 3507 1537 3592 quod
1572 3517 1644 3574 et
1673 3509 2017 3576 inferiores
2053 3510 2345 3588 ministri,
2381 3511 2538 3594 quin
2565 3516 2635 3574 et
2661 3509 2806 3592 ipsi-

574 3645 608 3685 α
648 3631 782 3690 met
815 3622 1072 3689 diaconi
1115 3622 1198 3689 ab
1246 3642 1325 3688 ea
1372 3621 1770 3706 rejiciantur,
1826 3623 1899 3690 id
1949 3644 2100 3690 cum
2144 3644 2182 3690 a
2228 3624 2531 3702 veritate,
2582 3631 2723 3690 tum
2764 3643 2803 3689 a

576 3760 611 3802 ι(
644 3737 1007 3804 Tridentini
1055 3737 1496 3804 sanctionibus
1538 3739 1851 3806 abhorret
1887 3758 2081 3825 quam
2116 3740 2419 3806 maxime.
2473 3740 2804 3806 Noverant

575 3874 611 3917 α
646 3854 877 3924 Patres
893 3851 1277 3934 Tridentini,
1308 3853 1535 3937 primis
1563 3856 1763 3920 etiam
1780 3855 2032 3920 saeculis
2063 3854 2288 3938 plures
2313 3852 2633 3938 ejusmodi
2657 3854 2806 3937 Epi-

576 3991 612 4034 «
646 3989 877 4055 scopos
919 3978 988 4036 et
1037 3969 1430 4050 sacerdotes,
1485 3971 1649 4038 nulli
1692 3973 2005 4056 peculiari
2053 3970 2589 4037 administrationi
2626 3969 2806 4037 addi-

576 4108 612 4150 «
643 4093 804 4166 ctos,
851 4088 918 4152 in
954 4085 1318 4153 hierarchia
1368 4088 1801 4154 ecclesiastica
1849 4087 2211 4154 constitisse
2246 4109 2262 4154 t
2304 4088 2526 4172 plures
2571 4096 2643 4153 et
2674 4087 2806 4152 suis

577 4226 612 4267 «
646 4203 1053 4288 temporibus
1097 4202 1409 4269 videbant
1447 4203 1837 4270 conditionis
1887 4201 2182 4288 ejusdem
2233 4206 2301 4268 in
2339 4204 2625 4270 Ecclesia
2660 4221 2805 4269 con-

577 4341 611 4382 «
647 4319 880 4384 sistere
914 4341 930 4385 ε
965 4317 1373 4384 nihilominus
1407 4319 1500 4382 sic
1528 4321 1835 4386 universe
1873 4317 1961 4384 de
1988 4318 2346 4386 hierarchia
2382 4316 2803 4384 statuendum

578 4455 614 4499 a
645 4452 959 4501 censuere
988 4433 1168 4522 (sesa.
1208 4436 1316 4511 23,
1353 4453 1497 4499 can.
1532 4432 1599 4519 6)
1634 4457 1649 4502 :
1691 4439 1763 4500 Si
1790 4441 1928 4518 quis
1947 4438 2183 4501 dixerit
2216 4440 2283 4500 in
2310 4437 2577 4502 Ecclesia
2610 4435 2808 4499 catho-
