3146 4973
1235 412 1396 461 mins
1438 412 1668 460 rmum.
2442 398 2467 462 1
2486 398 2566 463 17

350 537 570 623 maiori
595 543 814 605 tamen
843 538 1268 622 auctoritate;
1304 546 1445 604 tum
1476 537 1561 603 ob
1596 538 1977 622 praeclaram
2006 537 2129 603 viri
2158 538 2226 603 in
2253 537 2565 604 ecclesia-

347 655 518 720 sticis
542 654 1041 721 tractationibus
1065 654 1452 738 gravitatem
1466 701 1483 732 ,
1509 661 1655 719 tum
1678 653 1828 739 quia
1853 654 2113 721 nomine
2140 653 2344 719 totius
2364 654 2568 720 Sacrae

347 771 867 856 congregationis
895 771 1159 836 Coucilii
1172 818 1189 848 ‚
1218 769 1380 856 quid
1407 771 1475 835 in
1501 768 1626 835 hac
1655 788 1728 835 re
1759 767 2176 836 sentiendum
2208 770 2293 835 sit
2307 818 2324 848 ,
2360 772 2427 835 in
2452 789 2569 836 sua

341 885 424 952 ad
455 886 984 954 Ebredunensem
1013 885 1587 970 Archiepiscopum
1616 885 2033 969 responsione
2078 885 2367 969 exponit.
2412 886 2565 951 Cer-

339 1004 576 1069 tiorem
620 1022 856 1086 nempe
901 1003 1154 1069 fecerat
1195 1000 1431 1068 Sedem
1461 1000 1889 1085 Apostolicam
1934 1001 2420 1080 Ebredunensis
2453 1001 2573 1069 Ar-

340 1117 710 1202 chipraesul,
745 1118 1175 1202 parochorum
1204 1117 1630 1202 Delphinatus
1654 1118 1913 1183 nomine
1941 1116 2345 1201 publicatum
2373 1118 2571 1184 fuisse

337 1240 405 1299 et
439 1231 528 1298 ad
563 1232 900 1317 popularia
934 1232 1192 1298 comitia
1227 1231 1552 1298 directum
1582 1230 1938 1296 infaustum
1971 1231 2267 1297 libellum
2288 1279 2304 1310 ,
2341 1233 2408 1296 in
2441 1250 2570 1317 quo

336 1346 652 1434 parochos
672 1348 943 1413 tertium
970 1346 1344 1414 hierarchiae
1368 1345 1815 1412 ecclesiasticae
1838 1344 2113 1431 gradum
2142 1350 2562 1429 constituere,

336 1482 605 1549 esseque
630 1465 697 1528 in
721 1463 929 1529 causis
955 1461 1113 1529 fidei
1154 1461 1410 1548 judices
1449 1461 1896 1547 asserebatur3
1928 1462 2247 1548 simulque
2270 1463 2356 1529 ad
2380 1473 2569 1549 pote-

332 1586 570 1645 statem
613 1577 870 1644 civilem
906 1577 1464 1655 tranferebantur,
1509 1596 1653 1663 quoe
1692 1585 1847 1643 sunt
1889 1578 2339 1645 ecclesiasticae
2388 1589 2569 1664 pote-

331 1696 517 1761 statis
544 1694 830 1778 propria.
861 1694 1283 1761 Commissum
1315 1699 1417 1760 est
1445 1693 1546 1761 rei
1572 1711 1850 1760 examen
1869 1693 2077 1760 Sacrae
2109 1695 2568 1781 Congregatio-

329 1810 391 1873 ni
429 1809 705 1875 concilii
722 1857 738 1886 ,
777 1808 964 1893 cujus
1008 1811 1266 1875 nomine
1302 1807 1440 1873 hoec
1476 1808 1652 1873 inter
1693 1808 1819 1873 alia
1845 1809 2176 1893 rescripsit
2207 1809 2564 1877 cardinalis

332 1923 555 1992 Gerdil
583 1924 990 2007 praelaudato
1021 1924 1242 1991 Gallioe
1276 1923 1549 1990 Praesuli
1584 1945 1598 1989 ε

419 2064 452 2101 α
485 2039 684 2122 Quod
704 2041 779 2117 si,
808 2059 942 2106 non
968 2040 1107 2105 sine
1132 2041 1315 2123 gravi
1344 2039 1595 2105 ordinis
1623 2039 2012 2106 hierarchici
2035 2043 2555 2124 perturbatione,

336 2181 368 2219 α
400 2154 660 2223 studuit
705 2161 935 2221 auctor
976 2155 1181 2220 libelli
1212 2154 1645 2239 parochorum
1689 2153 2210 2238 jurisdictionem
2249 2155 2566 2224 adversus

335 2293 366 2329 «
393 2270 640 2355 justam
689 2271 1155 2354 Episcoporum
1203 2270 1664 2337 auctoritatem
1699 2269 2115 2354 amplificare,
2158 2281 2401 2357 quanto
2444 2275 2565 2339 im-

336 2410 366 2447 «
398 2386 799 2454 moderatior
829 2386 1025 2453 elatio
1063 2388 1130 2451 in
1159 2406 1240 2454 eo
1269 2405 1339 2452 se
1376 2385 1633 2471 prodit,
1673 2387 1849 2473 quod
1880 2405 1993 2453 eos
2022 2390 2087 2453 in
2114 2387 2276 2455 fidei
2305 2389 2563 2476 judiciis

335 2527 366 2564 α
396 2505 732 2589 Episcopis
771 2521 1111 2589 coaequare
1149 2523 1280 2569 non
1320 2514 1652 2571 vereatur.
1688 2507 1847 2588 Quoe
1887 2507 2131 2572 erroris
2159 2508 2448 2591 pravitas
2479 2528 2562 2576 ex

334 2642 368 2680 α
397 2620 493 2686 his
528 2618 798 2686 abunde
820 2620 956 2705 jam
983 2620 1336 2700 refellitur,
1375 2639 1518 2706 quae
1555 2640 1678 2705 pro
1711 2629 1825 2686 tua
1870 2622 2223 2706 prudentia
2266 2623 2564 2692 breviter

336 2758 365 2796 α
396 2754 587 2821 aeque
616 2755 691 2802 ac
721 2737 1053 2819 sapienter
1090 2737 1389 2820 attigisti3
1427 2737 1678 2803 scilicet
1706 2738 1773 2802 in
1815 2738 2104 2804 conciliis
2132 2743 2564 2808 communiter

334 2873 364 2911 α
395 2858 732 2917 servatum
773 2870 939 2928 esse,
977 2860 1054 2918 ut
1095 2852 1400 2938 Episcopi
1435 2852 1823 2919 definientes
1860 2854 2351 2922 subscriberent
2369 2906 2386 2934 ,
2430 2877 2561 2924 non

332 2989 362 3026 α
394 2967 554 3034 item
611 2966 885 3034 secundi
934 2966 1180 3033 ordinis
1229 2968 1489 3053 clerici3
1548 2968 1785 3053 quibus
1826 2977 2047 3035 tamen
2094 2991 2227 3038 non
2277 2971 2349 3038 id
2396 2972 2560 3058 juris

330 3105 362 3144 α
393 3084 631 3150 Patres
667 3082 1049 3149 invidissent
1064 3130 1080 3162 ,
1128 3083 1449 3169 siquidem
1486 3082 1707 3150 divina
1740 3085 2145 3153 institutione
2173 3088 2502 3155 niteretur
2536 3112 2551 3156 :

332 3220 362 3256 α
394 3195 639 3263 deinde
684 3195 1004 3279 refragari
1032 3197 1330 3263 Ecclesiae
1353 3197 1655 3264 Romanae
1692 3202 2175 3278 auctoritatem,
2216 3221 2359 3287 quae
2391 3203 2558 3270 hanc

331 3335 362 3371 α
395 3314 460 3377 in
488 3311 796 3398 parochis
815 3310 1044 3397 judicii
1084 3313 1541 3380 auctoritatem
1566 3332 1700 3379 non
1725 3315 2044 3399 agnoscit3
2079 3334 2210 3399 quo
2241 3336 2372 3382 uno
2403 3320 2556 3386 sub-

334 3451 362 3488 «
391 3428 523 3494 lata
557 3427 776 3495 videri
816 3427 1022 3495 debet
1065 3429 1270 3495 omnis
1319 3427 1666 3497 dubitatio.
1714 3432 1996 3496 Demum
2041 3430 2408 3499 istiusmodi
2438 3455 2553 3501 au-

332 3565 363 3602 «
393 3546 762 3610 ctoritatem
792 3544 973 3611 nullo
1000 3543 1193 3610 titulo
1217 3544 1362 3624 niti,
1396 3543 1752 3612 defendive
1781 3564 1993 3631 posse;
2020 3565 2150 3613 non
2175 3547 2544 3626 sacerdotii,

334 3681 365 3718 «
394 3679 582 3726 secus
614 3668 790 3725 esset
821 3660 1230 3745 presbyteris
1258 3661 1556 3728 omnibus
1588 3663 1974 3747 communis;
2006 3682 2135 3729 non
2169 3665 2552 3747 parochialis

332 3795 364 3832 κ
391 3775 810 3840 institutionis
823 3823 840 3852 ‚
887 3793 1015 3859 qua
1054 3793 1186 3840 non
1229 3776 1369 3841 aliae
1415 3776 1766 3843 facultates
1807 3778 2106 3861 parochis
2140 3780 2544 3860 tribuuntur,

332 3910 364 3948 α
394 3908 586 3974 quam
616 3908 760 3975 quoe
794 3888 878 3956 ad
909 3910 1059 3956 suas
1085 3889 1407 3976 regendas
1436 3892 1664 3976 plebes
1695 3896 2071 3960 necessariae
2098 3903 2271 3961 sunt.

416 4027 448 4066 a
480 4005 731 4087 Quibus
759 4013 835 4074 ut
861 4014 932 4071 et
957 4007 1264 4073 nonnulla
1292 4007 1796 4075 confirmationis
1828 4011 2033 4094 gratia
2054 4011 2543 4098 subjungamuS,

334 4141 366 4179 α
395 4129 575 4188 certe
619 4123 679 4187 si
721 4123 830 4189 vel
867 4142 904 4187 a
934 4125 1273 4191 remotiori
1323 4133 1649 4193 vetustate
1686 4127 2083 4213 synodorum
2132 4148 2275 4215 quae
2313 4130 2548 4198 habitae

335 4254 366 4293 α
397 4244 546 4302 sunt
573 4239 889 4305 rationem
922 4238 1338 4319 attendimus,
1378 4241 1499 4307 soli
1526 4249 1603 4306 ut
1627 4242 1977 4326 plurimum
2017 4245 2314 4329 Episcopi
2349 4266 2551 4332 expo-

335 4369 368 4408 «
397 4351 728 4419 sitionibus
763 4353 925 4419 fidei
969 4355 1322 4440 subscripti
1360 4358 1883 4441 comperientur3
1930 4360 2142 4424 rarius
2185 4361 2358 4426 inter
2401 4363 2551 4445 Epi·

336 4482 368 4522 κ
399 4483 625 4551 scopos
651 4469 841 4551 pauci
891 4470 1293 4557 presbyteri,
1352 4478 1467 4538 aut
1509 4473 1705 4539 etiam
1753 4474 2041 4559 diaconi3
2100 4493 2221 4540 nec
2249 4492 2389 4552 su0‚
2434 4477 2551 4543 sed
