3146 4973
1273 319 1428 367 uns
1472 321 1699 367 rama.
1950 328 1957 335 ·
2473 304 2600 367 225

371 443 562 509 rium.
606 445 777 527 Ergo
806 445 1100 509 exerceri
1131 444 1489 509 animarum
1520 463 1743 509 curam
1774 462 1895 526 per
1924 442 2300 511 amovibiles
2327 444 2604 527 presby·

371 567 570 635 teroS,
602 577 732 623 non
761 576 901 623 esse
934 555 1093 641 quid
1121 575 1244 639 per
1274 577 1342 621 se
1372 557 1543 624 bono
1578 559 1874 625 Ecclesiae
1908 559 2303 624 contrarium
2322 608 2339 636 ‚
2378 559 2603 625 catho-

372 673 534 738 licus
571 673 843 757 quisque
882 670 1078 736 fateri
1113 670 1339 737 dehet.

463 787 537 854 Id
586 787 924 855 dumtaxat
971 790 1039 852 in
1089 791 1512 873 quaestionem
1565 809 1800 856 vocare
1846 791 2049 857 licet:
2092 811 2245 856 num
2267 839 2283 868 ‚
2340 792 2608 857 attentis

372 903 720 984 hodierniS,
749 904 1022 998 hujusve
1044 911 1158 969 aut
1181 905 1354 969 illius
1381 907 1660 989 regionis
1686 907 2200 984 circumstantiiS‚
2229 907 2451 971 utilius
2477 906 2609 990 jam

373 1020 548 1086 foret
575 1021 1011 1104 perpetuitate
1037 1020 1269 1085 donari
1290 1020 1618 1105 quoslibet
1647 1021 2028 1087 amovibiles
2048 1026 2330 1098 curatoS,
2359 1029 2472 1086 aut
2500 1021 2612 1085 ali-

374 1155 569 1221 quam
598 1153 827 1200 eorum
858 1143 1138 1219 partem.
1176 1139 1229 1202 A
1257 1156 1387 1221 quo
1417 1137 1522 1201 hic
1556 1135 1992 1220 expendendo
2024 1155 2289 1220 prorsus
2319 1136 2612 1201 existimo

376 1250 534 1315 mihi
568 1249 1052 1318 abstinendum.
1089 1252 1183 1316 Ex
1220 1253 1360 1335 ipsa
1395 1260 1617 1317 autem
1657 1253 1758 1316 rei
1795 1260 2031 1318 natura
2070 1253 2225 1316 satis
2268 1258 2616 1315 monentur

377 1366 668 1443 Praelati,
705 1372 781 1430 ut
810 1385 889 1432 ea
920 1373 1180 1433 curatos
1213 1366 1298 1432 ad
1330 1374 1558 1432 nutum
1597 1364 1942 1431 amovendi
1978 1367 2294 1431 facultate
2334 1364 2616 1431 discrete

379 1489 690 1564 utantur;
723 1501 807 1547 ne
840 1481 1208 1565 Apostolica
1244 1482 1444 1551 Sedes
1463 1530 1478 1561 ,
1521 1482 1949 1548 clamantibus
1986 1480 2241 1547 damnis
2285 1488 2354 1546 et
2397 1501 2618 1547 exces-

379 1596 578 1674 sibus,
619 1594 704 1662 ad
737 1597 1254 1681 restringendam
1301 1600 1651 1682 penitusve
1695 1597 2048 1663 tollendam
2089 1596 2619 1663 amovibilitatem

380 1711 612 1775 merito
666 1708 1018 1775 inducatur
1071 1733 1085 1775 ε
1138 1713 1298 1777 item
1340 1719 1417 1776 ut
1463 1712 1730 1794 parochi
1778 1713 2085 1796 perpetui
2108 1761 2123 1791 ‚
2182 1711 2251 1775 in
2298 1730 2621 1795 praeroga-

382 1827 533 1890 tivae
565 1843 696 1889 suoe
727 1844 851 1889 usu
886 1845 1016 1889 non
1050 1825 1372 1892 excedant
1393 1874 1408 1903 ‚
1459 1846 1542 1891 ne
1593 1825 1829 1891 eadem
1867 1828 2234 1911 Apostolica
2267 1827 2622 1893 auctoritas

383 1958 496 2005 eos
535 1959 573 2004 a
617 1941 1058 2024 perpetuitate
1107 1939 1398 2023 dejectos
1445 1939 1763 2006 decernat
1814 1964 1827 2006 :
1878 1961 2026 2005 nam
2074 1949 2142 2006 et
2190 1944 2256 2006 in
2300 1943 2622 2007 manualia

383 2055 625 2118 mutari
679 2073 868 2139 posse
915 2074 953 2118 a
998 2054 1285 2121 Romano
1339 2054 1659 2121 Pontifice
1717 2062 2041 2139 perpetua
2096 2056 2447 2134 beneficia,
2503 2054 2625 2120 du-

385 2168 562 2234 bium
604 2189 736 2234 non
773 2177 898 2235 est.
946 2172 1028 2235 Et
1068 2178 1252 2236 certe
1302 2172 1422 2236 hac
1453 2191 1665 2255 poena,
1708 2191 1856 2237 meo
1896 2170 2163 2256 quidem
2189 2171 2457 2255 Judicio‚
2492 2190 2624 2235 non

386 2287 709 2351 immerito
743 2287 1198 2370 plecterentur
1229 2286 1533 2372 parochi,
1584 2288 1767 2371 queis
1808 2289 1877 2351 in
1923 2288 2135 2371 aliqua
2172 2288 2436 2370 regione
2478 2288 2626 2353 soli-

387 2407 527 2465 tum
553 2400 749 2478 foret,
780 2402 1197 2485 pronuntiata
1232 2403 1300 2466 in
1331 2403 1503 2485 ipsos
1537 2421 1576 2465 a
1612 2403 1794 2466 'curia
1827 2402 2178 2485 episcopali
2206 2401 2628 2486 depositionis

388 2519 732 2597 sententia,
767 2516 852 2582 ad
880 2517 1172 2583 laicalem
1202 2525 1598 2601 potestatem
1627 2518 1985 2602 appellare.
2012 2518 2209 2602 Cujus
2240 2518 2628 2584 haereticalis

390 2653 693 2700 recursus
744 2652 892 2699 cum
946 2651 1060 2697 eos
1108 2654 1240 2700 non
1286 2632 1565 2717 pudeat,
1622 2639 1818 2718 atque
1875 2633 2040 2698 adeo
2091 2635 2219 2698 sint
2281 2635 2629 2698 sacratissi-

391 2767 642 2815 morum
687 2749 986 2813 Ecclesiae
1029 2747 1274 2833 jurium
1320 2749 1764 2826 immemoreS‚
1811 2767 1952 2814 sese
1990 2747 2289 2832 profecto
2333 2747 2629 2832 indignos

391 2864 707 2947 probant,
754 2865 865 2948 qui
909 2864 1364 2947 perpetuitatis
1403 2866 1835 2947 praerogativa
1873 2864 2200 2929 fruantur.
2244 2863 2415 2944 Quid
2454 2867 2624 2930 enim

382 2977 653 3062 expedit
714 2979 1159 3062 praerogativis
1222 2976 1290 3042 id
1354 2997 1559 3061 genus
1619 2978 1949 3045 hominum
1976 3028 1993 3057 ‚
2062 2998 2204 3044 eam
2259 2978 2627 3046 dioeceseon

382 3099 639 3176 pestem
665 3141 682 3170 ‚
751 3092 876 3160 hoc
941 3093 1240 3158 Ecclesiae
1307 3091 1600 3158 dedecus
1622 3141 1638 3170 ,
1710 3095 2195 3178 animarumque
2257 3094 2627 3161 scandalum

386 3204 739 3272 adornari?
779 3209 987 3292 Atque
1042 3208 1292 3272 utinam
1335 3207 1551 3272 larvas
1599 3214 1668 3271 et
1711 3227 1842 3272 non
1900 3207 2203 3274 historica
2242 3209 2409 3274 facta
2455 3228 2630 3274 com-

385 3326 851 3387 memorarem!
889 3324 1225 3405 praeterita
1252 3329 1504 3400 tamen,
1544 3331 1613 3387 et
1642 3331 1717 3387 ut
1747 3342 2012 3406 sperare
2043 3323 2142 3388 fas
2167 3333 2268 3389 est
2298 3343 2627 3411 nunquam

385 3434 704 3501 reditura.
728 3438 872 3503 Non
904 3456 1059 3522 ergo
1084 3438 1319 3503 mirum
1347 3439 1678 3503 manuales
1705 3439 1957 3503 interea
1988 3439 2491 3523 quamplurimas
2520 3460 2630 3524 pa-

387 3551 639 3618 rochias
674 3554 758 3619 ab
791 3553 1156 3636 Apostolica
1189 3552 1356 3618 Sede
1387 3553 1477 3617 ibi
1516 3554 1830 3638 relinqui,
1861 3553 1977 3618 ubi
2013 3554 2120 3618 vel
2150 3556 2487 3620 minimum
2525 3575 2631 3621 re·

389 3673 608 3733 manet
638 3669 938 3752 pestiferi
974 3668 1245 3754 hujusce
1285 3668 1527 3733 abusus
1564 3669 1909 3752 vestigium
1937 3668 2043 3736 vel
2076 3671 2464 3754 periculum.
2494 3674 2629 3738 Nec

391 3780 558 3848 adeo
586 3785 895 3849 sollicitos
915 3802 1058 3849 esse
1078 3784 1452 3867 EpiscopoS,
1479 3789 1555 3846 ut
1579 3781 1827 3848 eaedem
1854 3784 1921 3847 in
1949 3793 2343 3870 perpetuum
2364 3788 2628 3853 titulum

392 3902 747 3984 erigantur.
779 3900 1085 3966 Cessante
1124 3907 1346 3965 autem
1390 3900 1704 3981 periculo,
1733 3917 1809 3966 ac
1836 3901 2096 3983 penitus
2133 3899 2347 3986 ejecto
2376 3923 2413 3968 e
2448 3904 2631 3968 cleri-

396 4016 517 4081 cali
560 4035 836 4100 corpore
869 4015 1058 4081 dictae
1090 4015 1360 4080 vesaniae
1404 4034 1680 4094 veneno,
1718 4015 1970 4079 utiliter
2006 4035 2148 4081 eam
2183 4016 2405 4083 induci
2441 4037 2628 4103 posse

399 4132 824 4200 mutationem
859 4152 989 4198 nou
1029 4147 1368 4215 negamus,
1406 4128 1525 4195 sed
1575 4130 1849 4197 aliorum
1888 4130 2131 4214 judicio
2176 4134 2621 4219 relinquimus.

487 4251 671 4314 Nota.
699 4283 789 4295 -—
807 4244 1054 4314 Giraldi
1080 4246 1167 4331 (in
1198 4246 1330 4311 suis
1362 4242 1802 4312 additionibus
1832 4245 1919 4311 ad
1949 4254 2301 4313 tractatum
2331 4250 2631 4315 Barbosae

401 4365 477 4427 de
502 4363 712 4444 Officio
732 4364 1008 4446 parochi,
1049 4361 1278 4446 pagina
1309 4360 1464 4442 341,
1504 4381 1570 4426 n.
1616 4365 1720 4443 11,
1761 4361 1919 4429 edit.
1957 4362 2173 4429 Romae
2224 4363 2411 4449 1831)
2460 4373 2636 4451 post-

2325 4476 2395 4534 ¹5
