3146 4973
561 317 685 380 274
1238 330 1614 382 macutus
1659 335 1747 382 nr:
1793 331 2118 384 ranocno.

565 481 600 522 «
636 463 1086 542 competenter
1114 453 1366 536 dotare,
1410 458 1623 523 omnia
1656 464 1852 524 erunt
1881 459 2094 543 plana.
2127 454 2425 542 Alioquin
2453 456 2521 520 in
2551 456 2789 521 consti-

566 598 599 636 «
640 574 890 640 tutione
929 571 1099 638 dotis
1144 571 1268 638 hoc
1314 572 1543 639 ordine
1603 577 1730 641 erit
1782 573 2299 659 procedendum.
2347 574 2570 639 Primo
2610 572 2786 637 enim

565 713 598 751 α
632 696 1015 773 competens
1044 690 1259 773 portio
1283 707 1406 772 pro
1436 692 1907 758 sustentatione
1942 690 2216 759 rectoris
2252 687 2632 774 assignanda
2659 689 2788 754 erit

560 830 593 867 «
625 806 709 873 ab
735 807 1053 889 Episcopo
1084 823 1166 870 ex
1201 803 1525 872 reditibus
1554 805 1638 872 ad
1671 808 2009 873 matricem
2051 806 2394 872 ecclesiam
2436 803 2790 889 quomodo-

558 943 592 981 «
628 937 905 1004 cumque
942 919 1425 1004 pertinentibus
1460 920 1560 1006 (ut
1606 920 1784 987 dicto
1827 924 2038 1006 capite
2079 923 2145 998 4,
2184 920 2484 987 tiemonis
2517 917 2655 1003 21).
2685 917 2787 984 Id-

557 1060 592 1096 «
624 1054 773 1120 que,
816 1056 898 1102 ex
940 1036 1263 1101 sententia
1308 1036 1860 1120 congregationis,
1908 1036 2231 1121 procedit,
2277 1036 2527 1101 etiamsi
2575 1034 2786 1101 eccle-

555 1175 587 1212 «
624 1153 717 1215 sia
746 1151 983 1216 matrix
1012 1156 1185 1216 esset
1217 1149 1632 1228 cathedralis,
1657 1156 1725 1215 et
1755 1169 2182 1237 quaecumque
2207 1153 2479 1235 matrim
2507 1158 2576 1215 et
2592 1169 2782 1234 posse

557 1289 589 1328 α
625 1266 938 1349 assignari
962 1266 1330 1348 portionem
1364 1284 1449 1330 ex
1494 1265 1818 1331 reditibus
1864 1267 2038 1332 iilius
2083 1268 2367 1333 matricis
2412 1265 2774 1343 dumtaxat,

554 1404 586 1441 c<
621 1399 751 1445 non
782 1388 1001 1445 autem
1034 1398 1115 1445 ex
1151 1381 1291 1445 aliis
1327 1380 1636 1445 ecclesiis.
1672 1380 1863 1462 Quod
1909 1382 1965 1446 si
2009 1381 2262 1448 reditus
2289 1380 2656 1466 hujusmodi
2683 1382 2782 1445 in·

552 1520 584 1558 a
621 1495 1011 1565 sufficientes
1040 1497 1194 1572 sint,
1222 1515 1345 1561 nec
1372 1496 1459 1560 sit
1491 1497 1725 1581 aliquis
1754 1498 1864 1582 qui
1900 1498 2064 1562 velit
2081 1499 2226 1564 illos
2253 1516 2517 1582 augere,
2547 1516 2781 1581 cogen-

548 1634 581 1672 «
617 1610 742 1677 dus
772 1611 980 1675 erit...
1024 1609 1306 1693 populus
1335 1628 1414 1675 ea
1446 1609 1960 1689 subministrare,
1997 1629 2140 1695 quae
2166 1612 2251 1677 ad
2280 1614 2478 1678 vitam
2504 1614 2780 1677 rectoris

551 1750 584 1788 c<
621 1724 1111 1793 sustentandam
1139 1724 1475 1790 fflifficiant.
1516 1726 1583 1790 Si
1603 1727 1884 1809 populus
1905 1726 2122 1810 inopia
2146 1727 2424 1806 laboret,
2445 1728 2781 1794 tenebitur

546 1865 577 1903 a
611 1843 965 1925 Episcopus
1001 1860 1080 1906 ex
1112 1860 1337 1906 mensa
1391 1858 1531 1905 sua.
1591 1842 1876 1906 Demum
1911 1843 1967 1908 si
2011 1844 2206 1908 nimia
2261 1851 2514 1927 egestas
2557 1861 2780 1908 omnes

545 1980 579 2019 r<
611 1964 905 2033 excuset,
940 1954 1244 2022 sacerdos
1289 1974 1474 2022 novae
1518 1956 1803 2023 ecclesias
1845 1956 2302 2040 praeficiendus
2329 1958 2618 2042 propriis
2641 1975 2779 2022 ma-

546 2096 580 2134 «
613 2072 805 2139 nibus
834 2073 1081 2137 victum
1109 2070 1234 2135 sibi
1257 2070 1750 2155 comparabit...
1791 2073 1987 2137 Posse
2019 2074 2215 2139 etiam
2268 2073 2660 2157 Episcopum
2689 2072 2779 2137 fa-

545 2210 579 2248 «
604 2206 760 2253 cere
790 2182 1256 2251 beneficiorum
1285 2188 1594 2253 unionem
1643 2204 1768 2269 pro
1806 2206 1974 2253 nova
2022 2187 2329 2270 parochia
2374 2187 2441 2251 in
2484 2188 2778 2253 terminis

544 2326 578 2366 ι(
610 2301 861 2369 concilii
903 2299 1240 2384 erigenda,
1276 2302 1331 2365 si
1380 2321 1510 2367 non
1550 2302 1680 2367 sint
1736 2301 1994 2367 fructus
2046 2303 2155 2368 vel
2209 2302 2636 2371 obventiones
2694 2322 2777 2367 ex

546 2441 578 2478 α
612 2417 849 2503 quihus
877 2413 1123 2482 deduci
1151 2417 1353 2500 possit
1389 2416 1625 2499 portio,
1674 2435 1757 2481 ex
1804 2425 1959 2482 voto
2011 2418 2218 2483 Sacrae
2244 2418 2778 2502 Congregationis

548 2557 581 2598 α
617 2532 880 2601 concilii
898 2530 1063 2596 dixit
1082 2539 1321 2597 sanctae
1345 2532 1673 2597 memorias
1704 2532 2062 2616 Gregorius
2081 2534 2234 2599 XIII
2248 2583 2262 2598 .
2277 2555 2310 2595 »
2331 2534 2428 2621 (In
2460 2542 2659 2617 caput
2681 2537 2777 2598 Aa

541 2653 917 2714 audientiam
938 2650 1004 2726 3,
1033 2650 1109 2710 de
1134 2649 1418 2710 Ecclesiis
1440 2651 1638 2728 oedif„
1671 2667 1738 2712 n.
1774 2651 1858 2713 32
1887 2655 1959 2714 et
1992 2647 2160 2734 seq.)

630 2763 881 2845 Quibus
923 2763 991 2826 in
1026 2767 1431 2827 antecessum
1477 2760 1780 2828 adductis
1829 2763 2349 2844 auctoritatibus,
2386 2763 2653 2830 videtur
2687 2765 2776 2830 sic

542 2879 832 2945 strictius
860 2877 1101 2944 resolvi
1131 2893 1322 2958 posse
1345 2876 1620 2960 quaestio
1655 2899 1671 2943 z

636 2998 867 3058 Primo.
900 3028 992 3041 -
1017 2990 1437 3057 Desumenda
1481 2999 1584 3057 est
1614 2990 1734 3057 dos
1771 3011 1853 3058 ex
1902 2993 2224 3060 reditibus
2271 2996 2547 3079 antiquis
2583 3012 2775 3078 paro-

548 3110 729 3189 chioe,
762 3105 962 3173 modo
986 3114 1206 3171 tamen
1230 3106 1319 3170 ita
1348 3104 1689 3172 abundent
1717 3115 1815 3186 ut,
1844 3107 2268 3176 distractione
2299 3111 2409 3175 illa
2440 3109 2635 3187 facta,
2658 3108 2774 3175 ad-

548 3228 677 3292 huc
712 3223 1029 3289 sufficiant
1077 3220 1162 3287 ad
1209 3221 1710 3287 convenientem
1738 3224 2007 3306 parochi
2061 3226 2163 3289 sui
2207 3224 2765 3291 sustentationem.

548 3346 625 3408 In
650 3339 1027 3408 Tridentino
1048 3339 1218 3404 enim
1251 3336 1523 3405 decreto
1545 3339 1628 3425 (c.
1655 3340 1718 3418 4,
1744 3359 1902 3406 sess.
1930 3339 2041 3424 21)
2064 3342 2156 3405 sic
2187 3340 2590 3425 disponitur:
2633 3345 2774 3406 Illis

548 3466 753 3523 autem
779 3457 1202 3533 sacerdotibus,
1230 3459 1336 3534 qui
1352 3456 1428 3517 de
1452 3473 1606 3518 novo
1628 3464 1804 3520 erunt
1826 3459 2088 3520 ecclesiis
2115 3463 2351 3520 noviter
2384 3463 2599 3520 erectis
2616 3477 2775 3538 proe·

551 3575 819 3652 finiendi,
849 3575 1180 3650 competens
1205 3574 1547 3649 assiqnetur
1567 3576 1793 3651 portio,
1824 3573 2084 3657 arbitrio
2116 3574 2422 3653 Episcopi,
2455 3591 2537 3634 ea:
2555 3575 2776 3651 [νειαί-

549 3692 655 3756 Ine
671 3689 755 3749 acl
770 3686 1075 3747 ecclesiam
1098 3687 1409 3746 matricem
1438 3686 1972 3766 quomodocumque
1996 3687 2457 3768 pcrtinentibus.
2491 3684 2772 3751 Aliunde

546 3804 615 3867 in
665 3799 877 3883 capite
926 3800 1022 3861 Ad
1054 3800 1429 3861 audientiam
1461 3797 1548 3883 (3,
1586 3801 1662 3863 de
1687 3803 1975 3863 Ecclesiis
2018 3798 2242 3884 cadim,
2281 3799 2467 3885 cujus
2494 3799 2770 3866 formam

543 3911 928 3982 servandam
978 3929 1120 3977 esse
1169 3912 1534 3994 praescribit
1580 3912 1955 3979 Tridentina
2003 3913 2293 3999 synodus
2306 3961 2322 3991 ,
2379 3912 2773 3998 providetur

542 4038 620 4100 ut
652 4045 996 4095 remanere
1038 4024 1281 4092 debeat
1323 4027 1716 4093 conveniens
1752 4030 2140 4095 sustentatio
2178 4027 2441 4111 parochi
2483 4029 2773 4093 matricis

541 4146 852 4213 ecclesioe.
891 4143 1061 4225 Ergo
1099 4161 1336 4208 revera
1383 4141 1671 4214 dotanda
1713 4150 1814 4208 est
1865 4163 2035 4210 nova
2088 4142 2362 4210 ecclesia
2401 4163 2484 4208 ex
2541 4141 2770 4208 rediti-

537 4264 663 4329 bus
697 4259 996 4343 antiquae,
1028 4256 1227 4323 modo
1263 4256 1459 4342 hujus
1497 4257 1779 4341 parocho
1808 4267 2189 4324 reservetur
2231 4259 2468 4340 portio,
2506 4275 2652 4342 quae
2684 4255 2770 4322 ad

533 4373 1030 4448 convenientem
1065 4370 1208 4457 ejus
1237 4373 1778 4442 sustentationem
1807 4370 2099 4440 sufficiat.
2135 4370 2325 4442 Unde
2384 4373 2437 4436 si
2480 4370 2766 4470 ecclesia
