3146 4973
1254 422 1413 474 rsus
1456 424 1684 473 rums.
2503 416 2579 479 61

362 552 699 613 netem-m
724 551 930 613 cedere
958 550 1055 613 vel
1086 554 1436 615 renuntiare
1468 555 1632 615 cna-is
1669 555 1798 614 suis
1827 547 1945 637 (1).
1987 551 2141 618 Hoec
2184 553 2595 639 transcripsi·

356 681 506 729 mus
534 683 620 730 ex
645 663 962 748 opusculo
985 662 1070 731 de
1099 667 1376 730 Statibus
1403 668 1819 730 ecclesiasticis
1845 666 2044 753 (tomo
2079 669 2144 746 2,
2173 668 2406 753 pagina
2433 671 2585 751 534,

360 777 666 846 editionis
700 779 902 847 Ellies
932 778 1201 865 Dupin).

446 897 710 963 Pariter
744 897 815 962 in
850 914 969 963 suo
995 915 1293 963 sermone
1325 902 1550 962 contra
1579 896 1824 964 bullam
1839 902 2116 982 Reqnans
2127 898 2482 967 Alexandri
2504 903 2584 982 V,

358 1010 727 1079 incredibili
752 1011 1019 1079 audacia
1046 1013 1138 1078 ita
1173 1010 1466 1091 affirmat,
1502 1013 1696 1078 nullis
1722 1012 2025 1080 adductis
2052 1014 2585 1099 probationibus:

358 1132 604 1194 Donzini
623 1136 825 1194 curali
852 1136 995 1195 sunt
1028 1135 1097 1194 in
1124 1133 1390 1194 Ecclesia
1426 1135 1684 1195 minores
1696 1134 1955 1195 Proelati
1993 1129 2080 1219 (2)
2094 1181 2108 1195 .
2123 1181 2137 1197 .
2154 1182 2168 1198 .
2202 1135 2284 1196 Et
2308 1135 2407 1197 hic
2435 1154 2592 1198 com-

348 1247 563 1327 plures
590 1252 975 1311 extricaniw
1003 1252 1313 1326 veritates,
1351 1266 1431 1310 ex
1453 1249 1669 1330 quibus
1702 1250 1845 1312 aliae
1872 1255 2199 1330 sequantur
2237 1256 2307 1313 nl
2324 1269 2439 1332 per
2465 1270 2592 1314 mo·

354 1364 501 1428 dum
553 1365 1009 1428 coronariorum
1029 1385 1051 1428 .·
1088 1367 1318 1429 domini
1371 1370 1573 1428 curati
1607 1370 1675 1429 in
1709 1366 1979 1429 Ecclesia
2027 1370 2288 1430 minores
2335 1369 2593 1432 Proelaii

357 1488 500 1545 simi
528 1481 914 1561 hierarchici,
932 1481 1038 1543 hoc
1065 1487 1153 1544 est
1171 1484 1544 1564 principales
1559 1488 1670 1545 aut
1694 1483 2072 1546 dominantes
2087 1501 2198 1567 per
2212 1488 2480 1564 primam
2502 1489 2592 1547 in-

358 1603 734 1662 stitutionem
748 1598 1150 1663 lesa-Christi
1169 1598 1312 1660 :hoc
1332 1600 1634 1678 fraudatur
1660 1602 1727 1661 in
1748 1599 2081 1680 Evanqelio
2107 1597 2275 1685 (Luc.
2317 1600 2422 1679 10,
2456 1618 2588 1664 cum

354 1710 597 1797 qlossis)
631 1721 693 1776 et
714 1718 781 1776 in
795 1718 944 1797 Jure
975 1718 1258 1778 canonico
1293 1711 1462 1799 (dist.
1495 1714 1583 1780 68
1612 1720 1671 1776 et
1709 1715 1812 1793 13,
1846 1734 1907 1794 q.
1946 1710 2005 1797 1)
2042 1710 2158 1798 (3).
2189 1716 2591 1796 Evanqelium

355 1836 446 1893 est
489 1833 657 1895 bulla
688 1838 1073 1896 curatorum:
1128 1836 1399 1913 sequitur
1427 1832 1588 1912 quod
1625 1832 1701 1893 de
1745 1832 2129 1893 ordinatione
2180 1834 2491 1896 essentiali
2532 1839 2592 1895 et

355 1947 575 2010 stabili
604 1954 826 2011 sanctoe
854 1948 1136 2012 Ecclesioe
1171 1966 1333 2028 oeque
1370 1947 1512 2009 bene
1558 1952 1649 2008 est
1673 1951 1872 2009 slatus
1909 1952 2254 2011 curatorum
2295 1951 2450 2011 sicut
2484 1949 2595 2009 ille

356 2064 786 2143 Proelatomm,
812 2064 1258 2142 Cardinalinm,
1284 2062 1872 2143 Archiepiscoporum
1895 2080 1916 2122 .·
1947 2065 2068 2124 imo
2095 2080 2256 2141 vero,
2281 2067 2436 2126 sicul
2466 2068 2594 2125 sta-

365 2187 461 2243 tus
496 2184 695 2262 ipsius
721 2183 928 2262 Papae,
955 2184 1229 2262 quamvis
1262 2198 1383 2243 non
1407 2182 1490 2242 sit
1525 2178 1675 2241 adeo
1699 2178 2022 2258 perfectam.
2052 2179 2335 2258 δεραίων
2354 2180 2591 2259 Papam

360 2294 520 2359 hunc
548 2302 775 2359 statum
803 2298 1109 2360 destruere
1139 2302 1250 2359 αυτ
1275 2293 1626 2358 annihilare
1665 2311 1786 2356 non
1821 2310 2023 2374 posse,·
2051 2310 2186 2355 cam
2225 2298 2424 2356 slatus
2452 2294 2584 2374 ille,

356 2430 479 2477 non
509 2432 590 2476 ex
616 2433 727 2477 sua
759 2417 1077 2496 proveniat
1096 2414 1365 2497 positiva
1402 2412 1805 2488 ordinatione,
1840 2410 1946 2473 sed
1975 2416 2103 2474 sine
2127 2412 2323 2474 medio
2353 2430 2431 2473 ea:
2479 2412 2593 2476 Dei

358 2535 722 2594 auctoritate
755 2527 958 2614 (tomo
980 2531 1046 2608 2,
1081 2528 1313 2612 pagina
1333 2527 1488 2606 436,
1525 2525 1828 2593 editionis
1852 2525 1937 2592 ab
1961 2525 2158 2592 Ellies
2188 2527 2407 2612 Dupin
2439 2544 2593 2593 con-

356 2642 680 2729 cinnatae).
711 2644 875 2711 Cum
915 2661 1074 2728 ergo
1102 2642 1283 2709 nulla
1315 2619 1703 2728 probatione
1720 2641 1970 2707 muniat
1994 2641 2248 2708 Gerson
2278 2641 2592 2727 parocho-

355 2777 510 2826 rum
540 2779 577 2825 a
604 2761 688 2826 72
710 2757 1063 2843 discipulis,
1099 2779 1182 2826 ex
1210 2758 1616 2826 institutione
1641 2753 1881 2836 divina,
1911 2755 2413 2838 derivationem,
2443 2776 2589 2824 cum

360 2877 626 2944 aliunde
653 2877 932 2963 scriptor
964 2877 1076 2944 ille
1105 2875 1439 2943 erroribus
1473 2873 1779 2942 scandalo
1801 2873 2010 2959 plenis
2042 2883 2307 2954 scateat,
2324 2875 2594 2943 nullius-

357 3013 489 3080 que
518 2991 793 3080 proinde
822 2992 1229 3059 auctoritatis
1256 2992 1361 3070 sit,
1405 2991 1732 3057 immerito
1773 2989 1975 3075 ipsius
2018 2990 2341 3057 sententia
2377 2992 2445 3057 in
2479 3009 2594 3076 pa-

352 3110 702 3176 trocinium
739 3106 1111 3176 adducitur.

449 3224 608 3290 Plus
636 3243 822 3310 aequo
853 3225 1069 3290 forsan
1105 3224 1424 3290 acriorem
1461 3223 1786 3289 nonnullis
1812 3220 2148 3289 videbitur
2173 3221 2241 3287 in
2288 3222 2592 3288 Parisinoe

353 3341 695 3418 facultatis
740 3341 1194 3426 percelebrem
1246 3337 1707 3406 cancellarium
1759 3355 1979 3404 meum
2025 3337 2392 3404 excurrisse
2433 3337 2595 3403 cala-

351 3477 556 3526 mum.
613 3456 698 3524 At
749 3456 1077 3542 quodnam
1130 3457 1531 3540 praecipuum
1595 3453 1717 3520 sibi
1766 3459 2092 3538 perpetuo
2148 3450 2596 3537 Presbyteria·

352 3576 605 3642 nismus
638 3571 1000 3640 Palladium
1037 3571 1239 3639 fecit?
1276 3571 1502 3637 Nonne
1534 3569 1839 3636 Sorbonae
1882 3574 1952 3632 et
1987 3567 2189 3653 ipsius
2223 3565 2589 3634 cancellarii

350 3690 663 3759 Gersonis
732 3689 1182 3759 auctoritatem
1204 3687 1241 3754 ‘l
1299 3687 1624 3753 Caeterum
1695 3685 2008 3751 memoria
2063 3683 2282 3750 lector
2342 3683 2592 3751 recolat

424 3943 497 4010 (l)
532 3944 604 3994 lbi
628 3943 767 3995 etiam
792 3955 921 3992 mera
945 3940 1216 4001 affirmatio,
1247 3937 1460 4002 probatio
1487 3936 1636 3987 nulla.
1667 3936 1905 3985 Pau-ochos
1931 3941 2084 3983 autem
2109 3933 2166 3982 ad
2193 3935 2512 3987 ”semialem
2544 3942 2593 3987 cl

352 4039 703 4089 mmmmm
728 4034 968 4085 Eccleciae
995 4031 1347 4083 hierarchiam
1372 4029 1626 4093 pertinere,
1666 4040 1798 4077 mera
1831 4025 1936 4087 suit,
1968 4033 2016 4075 et
2042 4027 2284 4089 hucusque
2311 4025 2429 4078 sorte
2458 4027 2593 4078 insu-

350 4131 475 4194 dita,
498 4145 529 4181 a
550 4131 762 4180 cenom
786 4128 968 4178 invecta
988 4125 1188 4178 novius.

426 4225 503 4289 (Ξ)
536 4226 605 4275 Ea
628 4223 809 4289 profert
829 4224 1008 4274 Gersou
1032 4229 1251 4285 tauquam
1278 4232 1308 4269 a
1334 4218 1551 4269 facultate
1576 4216 1835 4279 theologica
1858 4214 2079 4265 sorbonn
2105 4213 2429 4266 determinata.

423 4319 498 4384 (5)
536 4321 637 4368 Hoc
666 4331 818 4381 neque
841 4319 888 4366 in
910 4315 1147 4378 evangelio
1170 4312 1409 4375 fundatur,
1434 4325 1585 4376 neque
1615 4312 1662 4359 in
1689 4309 1846 4372 glossa
1873 4321 1902 4355 a
1923 4309 2132 4358 Gersone
2155 4309 2296 4358 citata
2320 4310 2478 4373 (qnam
2505 4322 2592 4358 nos

350 4428 504 4478 supra
522 4411 927 4475 transcripsimus,
952 4418 1006 4459 ut
1031 4407 1316 4458 contrarium
1350 4403 1696 4468 probaremus),
1739 4414 1887 4465 neque
1914 4401 1961 4450 in
2002 4401 2109 4463 jure
2150 4400 2394 4464 canonico,
2433 4399 2515 4450 sed
2542 4401 2590 4449 in

354 4523 493 4561 mero
517 4516 564 4560 et
588 4506 792 4569 gratuito
814 4504 1038 4556 Gersoms
1055 4510 1236 4553 asserto
1258 4509 1305 4551 et
1326 4498 1648 4550 deliramento.
