3146 4973
1213 373 1372 423 mas
1415 373 1645 425 ram.
2463 366 2544 428 87

414 501 577 567 Orto
607 517 767 566 vero
802 497 1215 584 imsenismo,
1258 499 1328 567 in
1356 499 1743 569 immensum
1774 510 2219 569 excreverunt
2247 509 2549 587 patrono·

325 635 473 683 rum
499 613 880 699 parochismi
913 615 1140 698 eopiae.
1199 615 1330 682 Pro
1373 633 1537 681 vero
1582 614 1958 700 jansenismi
2003 624 2279 701 parente
2316 619 2549 687 merito

321 731 603 799 hahetur
621 732 658 797 J
662 749 904 797 oannes
935 732 1303 816 Μοιρᾶν,
1337 731 1539 798 abbas
1568 731 1655 798 de
1694 731 2144 818 saint-Cyrum
2176 740 2407 818 utpote
2434 737 2548 821 qui

319 845 620 915 Cornelio
639 845 964 924 Jansenio,
988 846 1242 930 Iprmsi
1259 846 1579 930 Episcopo
1598 846 1660 933 (a
1680 865 1814 932 quo
1832 852 2012 913 secta
2033 865 2271 915 nomen
2294 847 2544 934 traxit),

319 977 580 1027 ermres
609 977 766 1025 suos
801 958 1158 1027 infuderat.
1197 961 1451 1027 Praeter
1486 961 1612 1027 alia
1642 958 2049 1027 heterodoxe
2080 959 2277 1040 dicta,
2312 963 2551 1049 quibus

316 1083 526 1145 scatet
555 1074 935 1143 damnatum
949 1076 1157 1159 ipsius
1185 1094 1372 1161 opus,
1402 1077 1527 1143 suh
1575 1074 2088 1161 pseudonomine
2118 1082 2295 1143 Petri
2311 1083 2550 1145 Aurelii

313 1191 594 1269 editum,
651 1189 851 1257 docet
898 1193 1148 1277 (pagina
1202 1190 1355 1277 22⁶)
1414 1192 1733 1277 parochos
1776 1194 1844 1258 in
1891 1193 2022 1259 suis
2058 1193 2379 1276 parochiis
2407 1212 2549 1262 esse

313 1315 576 1373 numeres
602 1311 948 1390 Episcopus.
996 1306 1219 1375 Edidit
1261 1307 1460 1374 etiam
1497 1327 1669 1374 anno
1715 1310 1881 1374 1632
1918 1306 2445 1377 dissertationem
2470 1313 2551 1375 dc

310 1426 568 1489 Jw'v‘bss
597 1430 973 1502 curamve,
1007 1422 1096 1489 ad
1131 1422 1671 1508 propugnandam
1698 1423 2031 1508 magisque
2058 1421 2549 1490 diffundendam

313 1539 710 1625 parochiani
769 1536 1160 1605 doctrinam.
1226 1539 1361 1623 Ipsi
1417 1538 1734 1605 successit
1791 1545 2003 1606 totum
2057 1537 2548 1623 jansenisticnm

311 1674 582 1740 agmen,
602 1674 642 1722 e
669 1653 856 1740 cnjus
883 1652 1152 1721 officinis
1181 1654 1504 1723 innumeri
1531 1654 1945 1738 pullularunt
1960 1654 2133 1732 libri,
2163 1655 2551 1738 parochismi

313 1769 658 1837 erroribus
707 1770 958 1837 infecti.
1010 1771 1104 1837 Ex
1141 1768 1240 1837 his
1274 1775 1502 1835 notatu
1559 1769 1833 1854 dignum
1881 1768 2143 1837 videtur
2178 1788 2377 1854 opus,
2425 1771 2548 1839 sub

313 1884 834 1970 pseudunomine
859 1887 1136 1962 Filalete,
1170 1883 1428 1950 decimo
1454 1884 1734 1968 septimo
1760 1884 2019 1962 smcqu,
2040 1883 2331 1968 editnm;
2359 1883 2547 1970 cujus

313 2007 573 2077 auctor,
612 2018 695 2067 ex
723 2000 923 2065 titulo
955 1999 1284 2083 praecipue
1313 2003 1614 2076 Pastoris,
1648 1998 1948 2082 parochis
1976 1999 2316 2078 attributo,
2336 2006 2549 2065 totum

313 2114 924 2200 presbyterianismi
978 2132 1305 2180 venenum
1319 2160 1337 2192 ,
1381 2130 1514 2178 non
1559 2112 1809 2197 absque
1860 2114 1925 2178 vi
1984 2112 2261 2197 quadum
2299 2113 2507 2197 logica
2520 2163 2540 2192 ‚

313 2230 558 2297 educit,
596 2228 874 2296 Viderat
904 2247 1141 2312 nempe
1177 2227 1371 2315 hujus
1405 2228 1558 2294 libri
1585 2227 1900 2295 subdolus
1930 2229 2209 2312 scriptor
2232 2236 2549 2312 quantum

315 2354 532 2429 posset
563 2346 638 2410 in
673 2346 949 2428 gratiam
979 2343 1460 2429 presbyteriani
1484 2344 1855 2429 systematis
1885 2343 2096 2411 emolu
2106 2344 2305 2410 menti
2334 2344 2549 2429 coffigi

315 2481 396 2529 ex
431 2462 560 2530 hoc
589 2466 874 2528 Pastoris
900 2461 1096 2528 titulo
1125 2460 1413 2545 rigorose
1443 2460 1808 2539 intellecto,
1830 2460 1942 2545 qui
1968 2458 2103 2544 jam
2135 2467 2294 2526 tunc
2325 2477 2545 2544 coepe-

314 2585 414 2645 rat
437 2580 600 2644 totis
633 2576 855 2644 buccis
891 2575 1100 2662 (nullo
1139 2574 1283 2641 fere
1332 2574 1848 2642 orthodoxorum
1900 2574 2321 2660 reclamante)
2356 2594 2550 2660 paro-

317 2691 450 2758 chis
477 2691 783 2760 attribui.
1425 2685 1430 2692 ’

395 2807 481 2875 At
529 2806 793 2874 caeteris
839 2804 1340 2890 presbyterium
1401 2801 1671 2870 audacia
1724 2805 2109 2872 antecelluit
2166 2804 2547 2872 Edmondus

314 2924 571 3000 sicher,
614 2920 850 2989 doctor
877 2921 1261 2988 sorbonicus
1308 2927 1378 2988 et
1409 2920 1714 2986 Sorbonae
1747 2919 2084 3005 syndicus,
2120 2921 2308 3007 cujus
2338 2923 2546 2989 omni-

315 3037 434 3104 hus
461 3044 696 3106 notum
731 3042 1018 3123 systema
1041 3037 1108 3101 in
1135 3035 1310 3102 hunc
1336 3053 1612 3120 scopum
1638 3037 1871 3119 vergit,
1905 3044 1982 3101 ut
2008 3044 2221 3103 totum
2244 3038 2545 3104 ecclesia-

315 3155 542 3222 sticum
559 3154 858 3238 regimen
873 3171 1079 3238 penes
1095 3151 1413 3237 parochos
1427 3160 1727 3236 reponat;
1760 3153 1851 3220 ita
1870 3160 1946 3217 ut
1969 3152 2111 3238 ejus
2128 3152 2424 3220 doctrina
2452 3155 2543 3220 sic

317 3271 552 3337 resumi
604 3270 806 3355 possit
859 3291 873 3336 :
919 3268 1072 3334 nihil
1113 3285 1305 3351 posse
1333 3264 1566 3332 Sedem
1593 3267 2023 3351 Apostolicam
2054 3269 2122 3331 in
2153 3267 2545 3335 dioecesibus

311 3385 552 3471 absque
579 3403 902 3452 consensu
932 3383 1422 3466 Episcoporum3
1449 3381 1610 3447 nihil
1640 3382 1916 3448 vicissim
1936 3401 2125 3466 posse
2151 3384 2541 3467 Episcopum

315 3503 378 3565 ‘m
402 3501 703 3586 parteciis
729 3500 860 3566 nisi
883 3498 1444 3566 consentientibus
1473 3496 1792 3582 parochis.
1826 3499 2009 3565 Inter
2036 3499 2415 3566 innumeros
2434 3501 2544 3567 Bi-

320 3619 517 3685 cherii
557 3637 876 3705 sequaces
925 3626 1192 3685 strenue
1234 3617 1622 3701 parochismi
1666 3624 1889 3700 partes
1930 3616 2230 3684 defendit
2260 3619 2542 3688 Jacobus

321 3734 602 3813 Boileau,
646 3754 684 3800 e
738 3733 981 3799 familia
1033 3734 1192 3799 item
1231 3732 1591 3810 sorbonica‚
1650 3750 1845 3817 quam
1874 3731 2303 3817 jansenismus
2361 3736 2541 3801 inva-

323 3859 509 3917 serat.

402 3968 580 4035 Novo
615 3968 1018 4033 incremento
1045 3963 1427 4049 parochismi
1457 3971 1741 4049 systema
1770 3962 2008 4030 ditavit
2036 3963 2377 4032 haereticus
2408 3968 2543 4035 Sal-

329 4083 573 4160 masius,
607 4080 925 4167 parochos
949 4078 1297 4147 asserendo
1328 4071 1944 4164 chorepiscoporum
1970 4097 2402 4150 successores.

308 4192 314 4197 ’
408 4199 710 4266 Pal-ochis
741 4205 946 4262 votum
989 4198 1448 4260 deliberativum
1484 4195 1550 4259 in
1595 4194 1885 4261 ecclesiae
1922 4196 2236 4280 regimine
2269 4197 2545 4263 asseruit

331 4315 531 4380 Simon
559 4315 780 4398 Vigor,
817 4309 1054 4378 ardens
1088 4309 1448 4387 richerista,
1479 4310 1593 4395 qui
1622 4309 1863 4393 primas
1889 4318 2114 4395 partes
2134 4310 2268 4395 egit
2294 4309 2362 4375 in
2392 4330 2546 4377 con-

335 4446 545 4510 gressu
571 4429 764 4514 vulgo
795 4426 974 4493 dicto
1001 4432 1205 4511 Projet
1243 4428 1318 4490 cle
1359 4429 1903 4508 Bonam-Fonteiae.
