3146 4973
569 397 696 461 282
1243 408 1621 459 mour-us
1665 410 1756 458 ns
1797 408 2124 458 ruocno.

444 604 449 609 ,
573 556 608 596 α
643 532 969 620 delegato,
1009 541 1086 600 ut
1118 535 1187 599 in
1224 553 1378 600 casu
1416 534 1763 601 erecfion'is
1807 546 1990 601 uovoe
2043 531 2386 617 pai-ocffioe.
2444 532 2605 599 Nam
2641 552 2791 600 cum

571 672 606 710 α
642 649 997 733 Episcopus
1047 656 1269 734 posset
1331 668 1475 715 eam
1539 649 1793 733 erigere
1853 647 2248 715 authoritate
2297 645 2644 726 ordinalia,
2709 668 2791 715 ex

570 788 603 825 α
640 763 1056 848 dispositione
1088 764 1282 850 hujus
1326 766 1553 849 capitis
1598 764 1826 850 (nempe
1866 767 2186 829 decrccalis
2225 766 2322 828 Ad
2361 763 2784 848 audientum),

572 879 999 946 «semndum
1048 899 1456 948 communem
1498 882 1891 966 opinionem,
1937 880 2348 946 nihilomiuus
2394 898 2476 947 ex
2517 880 2793 948 decreto

575 1018 609 1055 «
650 996 907 1060 concilii
927 995 1286 1062 Tridentini
1322 996 1489 1083 (cap.
1516 999 1586 1075 4,
1623 1015 1781 1062 sess.
1818 994 1928 1081 21)
1960 1001 2175 1079 potest
2195 996 2322 1061 hoc
2345 996 2564 1062 facere
2596 998 2789 1063 etiam

573 1135 604 1171 α
640 1111 741 1176 uti
781 1109 965 1175 Sedis
996 1111 1376 1194 Apostolicae
1421 1111 1811 1195 delegatus:
1843 1112 2083 1176 merito
2116 1111 2181 1175 in
2217 1110 2340 1176 hoc
2369 1118 2441 1176 et
2475 1111 2791 1178 similibus

573 1247 607 1283 «
643 1224 896 1290 casibus
939 1226 1252 1310 appellari
1312 1232 1529 1310 potest
1581 1226 1778 1291 etiam
1831 1224 1916 1291 ad
1964 1225 2554 1308 Metropolitanum.
2596 1227 2793 1292 secus

572 1362 605 1399 α
638 1346 861 1406 autem
909 1347 1012 1406 est
1055 1339 1318 1426 quando
1371 1341 1724 1425 Episcopus
1769 1360 1901 1407 non
1950 1348 2168 1425 potest
2211 1339 2574 1425 procedere
2621 1340 2792 1407 ondi-

570 1479 604 1515 «
638 1455 820 1520 nario
855 1454 1035 1540 jure,
1073 1465 1234 1540 puta
1268 1464 1497 1523 contra
1537 1465 1907 1542 exemptoS‚
1947 1462 2174 1523 contra
2218 1474 2381 1541 quos
2426 1455 2788 1540 procedere

571 1592 605 1629 α
644 1589 775 1636 ιιοιι
808 1578 1025 1654 potest
1061 1572 1184 1636 nisi
1218 1579 1523 1657 tanquam
1564 1571 1752 1639 Sedis
1780 1572 2164 1657 Apostolicoe
2205 1571 2588 1656 delegatus:
2629 1577 2789 1637 tunc

569 1706 601 1741 «
639 1682 810 1748 enim
855 1684 1168 1767 appellari
1200 1702 1332 1751 non
1371 1692 1588 1769 potest
1621 1686 1743 1751 nisi
1780 1684 1865 1751 ad
1894 1686 2159 1769 Papam.
2184 1685 2268 1749 Et
2295 1685 2386 1749 ita
2416 1700 2611 1766 supra
2641 1684 2792 1748 scri·

569 1820 601 1855 «
634 1805 814 1883 ptam
846 1799 1313 1866 resolutionem
1352 1808 1580 1884 postea
1621 1800 1980 1867 declamvit
2008 1799 2377 1876 eademmet
2409 1799 2599 1864 Sacra
2631 1799 2793 1864 Con-

569 1934 603 1972 «
634 1914 947 1996 gregatio.
985 1914 1146 1980 Nam
1187 1917 1521 2000 proposito
1569 1915 1806 1994 dubio,
1843 1936 1927 1979 an.
1962 1934 2096 1979 cmm
2135 1918 2415 1997 Episcopi
2456 1917 2790 1996 procedunt

570 2050 601 2087 «
636 2034 732 2091 uti
774 2033 948 2094 Sedis
984 2034 1338 2113 Apostolicae
1379 2034 1644 2114 dclcyati
1659 2080 1682 2111 ‚
1726 2038 1794 2095 in
1835 2037 2033 2095 causis
2069 2051 2201 2114 quw
2237 2034 2344 2094 sub
2386 2051 2590 2095 corum
2630 2034 2792 2096 ordi-

572 2165 604 2203 «
638 2149 819 2207 nana
838 2148 1271 2227 jurisdictione
1299 2167 1420 2211 nou
1446 2128 2042 2230 comprehendantur,
2061 2151 2256 2230 pooee'e
2282 2149 2367 2211 acl
2391 2149 2583 2211 alium
2609 2166 2791 2228 quam

571 2281 604 2317 «
636 2263 720 2323 ad
761 2262 971 2324 Sedena
1002 2263 1403 2344 Apostolicam
1437 2265 1768 2345 appellari,
1799 2263 1993 2327 Sacra
2033 2261 2463 2345 Congregafio
2499 2262 2750 2327 censuit
2765 2308 2781 2338 ,

571 2395 603 2432 «
638 2393 770 2439 non
806 2393 1015 2458 posse,
1045 2396 1256 2462 neque
1300 2395 1382 2442 ex
1422 2376 1546 2443 hoc
1586 2377 2002 2443 inferioribus
2041 2375 2370 2462 judicibus
2403 2376 2609 2441 ullum
2642 2376 2787 2441 fieri

571 2511 601 2547 «
637 2488 1087 2575 praejudicium
1126 2514 1140 2558 ε
1189 2492 1309 2558 sed
1354 2491 1613 2578 quando
1652 2491 2017 2577 jurisdictio
2069 2491 2370 2575 delegata
2419 2491 2788 2557 cumulatur

570 2627 601 2662 α
635 2623 784 2670 cum
833 2605 1205 2684 ordinaria,·
1232 2609 1620 2692 Episcopum
1672 2627 1800 2674 non
1849 2626 2071 2691 posse,
2110 2604 2475 2690 hujusmodi
2524 2605 2787 2689 delega-

570 2742 602 2776 «
633 2719 827 2785 tionis
871 2730 1219 2804 praetextu,
1257 2723 1585 2790 declinare
1627 2722 2143 2809 jurisdictionem
2193 2721 2669 2806 Metropolitani
2718 2722 2784 2785 in

570 2855 601 2891 a
638 2834 890 2900 casibus
927 2837 1073 2914 illis,
1106 2839 1173 2902 in
1216 2838 1451 2922 quibus
1494 2847 1646 2904 ante
1683 2839 2025 2905 concilium
2070 2845 2372 2922 tanquam
2420 2833 2789 2902 ordinarius

569 2972 602 3008 α
638 2956 899 3032 poterat
932 2953 1032 3017 uti
1066 2952 1298 3019 eodem
1333 2953 1481 3039 jure
1512 2952 1871 3038 eademque
1904 2957 2251 3037 potestate.

658 3089 691 3125 «
726 3068 809 3132 Et
843 3066 990 3133 hinc
1016 3068 1398 3135 notabiliter
1431 3070 1663 3149 infero,
1712 3077 1787 3134 ut
1832 3069 1888 3134 si
1935 3069 2287 3153 Episcopus
2315 3068 2523 3150 erigat
2554 3084 2785 3132 novam

570 3203 603 3241 «
636 3183 1002 3266 parochiam
1056 3185 1228 3253 infra
1293 3187 1530 3253 limites
1586 3186 1906 3271 parochiae
1962 3183 2373 3268 regularibus
2428 3181 2736 3267 subjectae
2761 3229 2779 3259 ‚

570 3321 602 3359 α
642 3297 842 3385 (quod
864 3307 1078 3384 potest
1100 3301 1462 3369 secundum
1489 3322 1568 3368 ea
1589 3319 1731 3387 quae
1751 3300 1927 3367 dicta
1946 3307 2097 3366 sunt
2119 3297 2365 3383 supra),
2387 3303 2548 3363 tunc
2570 3299 2624 3363 si
2647 3316 2788 3381 gra·

570 3435 602 3473 a
638 3422 774 3495 vet,
828 3417 1146 3501 appellari
1189 3436 1320 3483 non
1358 3418 1605 3501 poterit
1641 3415 1726 3482 ad
1775 3414 2379 3499 Metropolitanum3
2421 3414 2592 3500 quia,
2636 3430 2783 3478 cum

569 3553 602 3590 «
635 3540 865 3598 contra
890 3542 1231 3618 exemptos
1255 3554 1384 3601 non
1406 3535 1698 3618 potuerit
1723 3530 2084 3617 procedere
2123 3531 2242 3596 nisi
2269 3529 2420 3616 jure
2450 3527 2778 3613 delegato,

574 3669 608 3706 «
639 3648 1001 3713 necessario
1030 3649 1493 3733 appellandum
1530 3650 1657 3715 erit
1700 3648 1785 3715 ad
1822 3648 2155 3712 Summum
2185 3643 2569 3711 Pontificem
2597 3641 2784 3711 dele-

571 3785 603 3822 «
636 3768 894 3846 gantem
930 3785 944 3830 :
980 3764 1268 3848 intellige
1300 3763 1385 3831 ad
1423 3765 1725 3831 effectum
1763 3762 2240 3840 devolutivum,
2292 3779 2418 3826 non
2462 3759 2790 3842 suspensi·

572 3903 597 3932 α
637 3894 828 3962 'vum3
863 3898 1014 3944 cum
1038 3881 1104 3944 in
1127 3899 1281 3946 casu
1315 3879 1508 3966 hujus
1535 3880 1765 3964 capitis
1788 3879 2013 3966 (nempe
2041 3878 2360 3940 decretalis
2385 3873 2483 3940 An
2513 3892 2791 3940 Anninu-

570 4015 603 4054 «
634 3994 819 4079 ΤιΑΜ)
868 3996 1214 4080 appellatio
1278 3999 1361 4062 sit
1416 3996 1710 4063 inhibita.
1778 4017 1811 4056 ι)
1875 3993 2254 4080 (Fagnanus,
2315 3991 2383 4055 in
2439 3995 2638 4074 caput
2699 3993 2792 4054 Ad

563 4097 932 4181 audientiam
968 4119 1034 4197 3,
1078 4120 1152 4181 dc
1186 4121 1467 4182 Ecclesiis
1486 4117 1738 4195 oedific.‚
1774 4136 1839 4180 n.
1875 4113 1960 4178 45
1992 4119 2061 4178 et
2086 4107 2253 4196 seq.)

655 4235 959 4317 Exposita
997 4233 1280 4317 Fagnani
1320 4232 1638 4310 doctrina,
1685 4250 1829 4317 quae
1861 4228 2293 4295 communiter
2324 4245 2362 4289 a
2412 4222 2789 4290 doctoribus

564 4347 872 4426 traditur,
924 4355 993 4414 et
1026 4357 1124 4415 est
1165 4349 1422 4416 omnino
1452 4345 1760 4425 tenenda,
1798 4346 1887 4410 sic
1912 4341 2208 4410 breviter
2243 4340 2483 4407 resumi
2513 4347 2732 4425 potest
2768 4361 2784 4404 ι

661 4467 726 4529 1⁰
769 4462 820 4528 A
875 4462 1147 4532 decreto
1206 4464 1504 4552 Episcopi
1562 4479 1793 4530 novam
1851 4457 2216 4552 parochiam
2275 4457 2584 4541 erigentis
2637 4451 2790 4520 cuni
