3146 4973
1272 399 1429 447 rans
1471 399 1740 460 Qnmn.
2489 386 2613 451 533

385 521 697 587 nonnulla
727 523 901 586 circa
921 520 1339 587 residentiam
1376 522 1842 607 Episcoporum
1884 531 2151 602 statuta,
2186 526 2278 590 sic
2323 524 2619 592 decernit

384 635 601 720 quoad
630 644 925 716 caeteroS,
959 635 1194 721 quibus
1223 637 1536 703 incumbit
1557 637 1915 706 animarum
1939 658 2097 704 cura
2126 659 2140 704 ε
2173 643 2401 706 Eadem
2425 638 2619 706 omni-

383 770 484 831 no,
543 756 726 815 etiam
782 755 979 833 quoad
1033 754 1294 834 culpam,
1344 758 1724 818 amissionem
1773 757 2105 836 fructuum,
2157 763 2217 822 et
2264 775 2493 837 poenas,
2540 760 2617 820 de

381 872 612 930 curatis
638 869 1047 947 inferioribus,
1083 873 1144 930 et
1175 869 1319 930 aliis
1348 870 1827 949 quibuscumque,
1865 874 1971 949 qui
1997 869 2343 947 beneficium
2371 872 2617 951 aliquod

383 984 865 1059 ecclesiasticum,
911 1001 1115 1045 curam
1174 988 1518 1046 animarum
1558 983 1800 1062 liabens,
1855 986 2146 1063 obtinent,
2194 1004 2363 1048 sacro
2405 993 2617 1050 saneta

385 1100 648 1179 synodus
686 1098 956 1160 declarat
1003 1103 1064 1159 et
1108 1100 1374 1160 decernit
1408 1117 1429 1159 .·
1466 1103 1558 1160 ita
1603 1105 1804 1162 tamen
1841 1105 1934 1178 ut,
1978 1102 2462 1180 quandocumque
2489 1119 2608 1177 eos,

384 1231 565 1276 causa
586 1217 766 1294 prius
803 1232 920 1293 per
947 1215 1309 1294 Episcopum
1352 1218 1596 1294 coquito
1632 1221 1690 1277 et
1732 1216 2011 1295 probata,
2043 1217 2243 1277 abesse
2267 1219 2607 1295 contiqerit,

384 1335 676 1393 vicarium
721 1332 996 1393 idoneum
1052 1331 1129 1392 ab
1169 1336 1299 1411 ipso
1337 1332 1667 1394 ordinario
1703 1333 2177 1412 approbandum,
2232 1351 2365 1395 cum
2414 1334 2617 1396 debita

378 1447 668 1508 mercedis
712 1449 1119 1526 assiqnatione
1162 1447 1529 1525 relinquant.
1566 1448 1925 1510 Discedencli
1952 1453 2154 1510 autem
2183 1448 2511 1525 licentiam,
2550 1452 2617 1511 in

377 1565 624 1643 scriptis
669 1567 977 1641 qratisque
1030 1563 1498 1640 concedendam,
1537 1563 1708 1624 ultra
1757 1563 2034 1624 bimestre
2074 1569 2304 1642 tempus
2318 1608 2339 1639 ,
2372 1567 2497 1625 nisi
2536 1579 2617 1626 ex

377 1682 558 1756 yravi
612 1694 826 1754 causa,
871 1695 994 1740 non
1039 1678 1368 1739 obtineant.
1406 1677 1580 1755 Quod
1625 1681 1682 1737 si
1728 1695 1843 1757 per
1883 1678 2145 1740 edictum
2194 1681 2401 1752 citati,
2429 1682 2614 1740 etiam

377 1812 498 1856 non
518 1795 940 1873 personaliter,
974 1798 1346 1855 contumaces
1375 1793 1631 1872 fuerint,
1659 1792 1910 1854 liberum
1927 1811 2051 1855 esse
2074 1795 2209 1856 vult
2234 1795 2605 1870 ordinariis,

369 1928 484 1990 per
512 1928 792 1972 censuras
839 1908 1288 1984 ecclesiasticas,
1336 1914 1394 1970 et
1434 1912 1961 1987 sequestrationem
2008 1915 2069 1970 et
2123 1911 2615 1971 substractionem

375 2028 706 2105 fructuum,
761 2027 1000 2105 aliaque
1038 2028 1206 2106 juris
1249 2025 1536 2100 remedia,
1585 2028 1769 2086 etiam
1832 2043 2014 2105 usque
2056 2026 2140 2087 ad
2172 2028 2602 2105 privationem,

374 2144 720 2224 compellere
734 2164 762 2219 ,·
805 2159 912 2204 nec
961 2143 1369 2203 executionem
1408 2139 1584 2217 hanc,
1629 2140 1891 2219 quolibet
1926 2141 2366 2220 privileqio...,
2411 2157 2610 2202 exem·

373 2264 692 2338 ptione...‚
729 2258 1174 2332 consuetudine,
1214 2259 1398 2318 etiam
1449 2256 1912 2317 immemorabili
1965 2253 2115 2338 (quae
2160 2261 2367 2336 potius
2411 2273 2611 2316 corru-

367 2375 540 2455 ptela
580 2375 871 2437 censenda
906 2368 1046 2454 est),
1087 2376 1215 2434 sive
1259 2371 1667 2451 appellatione
1707 2378 1815 2433 aut
1857 2371 2296 2434 inhibitione...
2328 2372 2612 2451 suspendi

363 2509 560 2572 posse.

463 2608 528 2670 2.
566 2605 729 2671 Cum
758 2611 1001 2681 autem,
1046 2610 1290 2686 proeter
1323 2603 1460 2668 haec
1499 2601 1836 2686 speciatim
1871 2600 2090 2686 quoad.
2125 2601 2466 2667 inferiores
2493 2619 2607 2665 cu-

370 2730 546 2789 ratos
567 2720 857 2798 decreta,
884 2720 1241 2804 generatim
1265 2717 1440 2784 dicat
1463 2716 1841 2784 Tridentina
1870 2715 2178 2802 synodu5‚
2206 2715 2439 2782 iisdem
2465 2734 2606 2783 esse

372 2835 755 2921 applicanda
785 2856 884 2912 ea,
938 2854 1082 2919 quae
1113 2836 1296 2920 prius
1333 2833 1554 2919 quoad
1583 2834 1941 2918 Episcopos
1969 2839 2311 2911 statuerat,
2365 2833 2474 2898 illa
2516 2832 2602 2899 de

372 2952 704 3034 Episcopis
751 2949 1052 3026 decreta,
1101 2969 1245 3035 quoe
1301 2949 1621 3034 parochos
1671 2950 1869 3016 etiam
1930 2956 2229 3033 spectare
2292 2955 2560 3032 possunt
2579 2996 2597 3025 ,

370 3066 770 3151 subjicimus.
817 3065 1147 3130 Statuerat
1179 3083 1439 3147 nempe,
1492 3063 1727 3130 eodem
1764 3063 1999 3147 capite,
2053 3070 2275 3128 sancta
2317 3061 2603 3147 synodus

367 3185 462 3249 ita
492 3182 710 3249 teneri
732 3181 1085 3265 Episcopos
1114 3179 1201 3246 ad
1227 3182 1636 3264 personalem
1661 3177 2098 3256 residentiam,
2123 3186 2200 3244 ut
2220 3178 2448 3244 abesse
2472 3197 2600 3244 non

370 3299 638 3383 possint,
682 3298 805 3362 nisi
842 3317 927 3363 ex
971 3297 1178 3361 causis
1219 3296 1641 3381 sequentibus
1686 3318 1701 3362 t
1744 3299 1896 3360 Cum
1931 3296 2269 3357 christiana
2307 3295 2596 3370 charitas,

367 3433 588 3496 urqens
610 3419 950 3490 necessitas,
985 3414 1186 3476 debita
1221 3414 1580 3489 obedientia,
1614 3431 1685 3475 ac
1714 3413 1957 3475 evidens
1992 3412 2270 3473 Ecclesiae
2285 3412 2381 3472 vel
2408 3414 2603 3490 reipu-

370 3534 539 3594 blicae
566 3533 810 3594 utititas
845 3547 959 3594 eos
994 3527 1220 3593 abesse
1256 3527 1549 3611 exigunt.
1576 3529 1743 3593 Item
1777 3533 2098 3592 statuerat
2133 3504 2321 3609 posse
2350 3524 2604 3607 Episco-

370 3663 490 3731 pos
526 3645 753 3710 abesse
790 3662 914 3728 per
947 3652 1090 3709 tres
1122 3661 1396 3720 menseS,
1422 3644 1620 3709 etiam
1655 3658 1784 3707 non
1815 3641 2245 3707 existentibus
2276 3639 2604 3724 praedictis

370 3760 602 3838 cauSiS,
627 3758 827 3825 modo
856 3765 1079 3825 tamen
1118 3757 1188 3822 id
1223 3757 1417 3822 fieret
1446 3777 1615 3840 oequa
1645 3776 1728 3824 ex
1758 3776 1948 3822 causa
1977 3764 2046 3821 et
2080 3758 2217 3821 sine
2245 3757 2459 3840 gregis
2486 3753 2602 3821 de-

367 3877 717 3959 triment03
752 3875 903 3959 quia
946 3873 1084 3939 haec
1127 3872 1347 3939 brevis
1382 3872 1672 3938 absentia
1718 3891 1848 3938 non
1892 3877 2198 3936 censetur
2233 3868 2599 3935 residentiae

367 3989 593 4056 debito
645 3991 997 4056 contraria.
1041 3989 1138 4053 En
1186 3985 1425 4072 synodi
1471 3986 1679 4052 verba
1714 4006 1730 4051 ε
1779 3990 2075 4065 Quoniam
2110 3992 2309 4048 autem
2345 3990 2448 4065 qui
2489 3974 2629 4049 ali-‘

368 4111 719 4186 quantisper
758 4113 994 4168 tantum
1030 4105 1273 4182 absunt,
1300 4121 1380 4165 esc
1408 4107 1678 4165 veterum
1708 4119 1999 4164 canonum
2027 4105 2324 4163 sententia
2355 4119 2476 4163 non
2510 4106 2605 4162 vi·

369 4212 588 4283 ilentur
642 4222 864 4299 abesse,
925 4224 1066 4300 quia
1100 4223 1310 4282 statim
1355 4222 1657 4280 reversuri
1689 4224 1852 4296 sunt,
1909 4222 2287 4279 sacrosancta
2341 4217 2604 4297 synodus

369 4338 503 4399 vult
547 4338 709 4399 illud
738 4337 1021 4399 absentice
1076 4341 1338 4416 spatium
1389 4337 1647 4417 sinqutis
1672 4340 1873 4413 annis,
1917 4339 2043 4397 sive
2069 4338 2438 4409 continuum,
2479 4338 2605 4395 sive

363 4416 802 4533 interruptum,
836 4457 1016 4517 extra
1038 4454 1361 4531 pradictus
1387 4470 1623 4530 causa-3,
1654 4452 1823 4519 nullo
1842 4456 2023 4537 pacto
2051 4451 2260 4517 debere
2284 4450 2457 4531 duos,
2495 4454 2605 4513 aut
