3146 4973
1257 396 1418 445 rans
1461 394 1689 444 rums.
2473 381 2596 443 175

359 516 732 585 minandum
783 516 1194 602 parochiatus
1241 522 1611 586 essentiam.
1684 521 1755 582 2·
1809 518 2117 600 Quaesam
2168 517 2357 603 juxta
2428 518 2598 585 hanc

215 649 227 659 ·
358 650 651 699 normam
701 636 1124 720 requirantur
1158 642 1226 700 et
1268 635 1590 701 sufficiant
1636 633 2074 712 conditiones,
2118 633 2203 701 ad
2253 638 2597 701 essentiam

357 748 793 831 parochiatus,
820 768 938 816 seu
971 757 1047 815 ut
1077 751 1224 836 quis
1256 771 1413 817 vere
1437 750 1884 835 sitparochuS.
1924 754 1994 816 3·
2012 749 2113 816 Ad
2145 748 2595 817 definitionem

355 862 793 946 parochiatae,
829 866 1100 948 parochi
1136 874 1206 933 et
1248 866 1569 952 parochiae
1600 865 2052 933 deveniemus.

1409 1122 1528 1199 §L

353 1338 597 1391 undenam
613 1339 903 1392 desumenda
919 1341 982 1392 ait
999 1352 1108 1391 vera
1124 1353 1311 1403 norma,
1331 1341 1392 1391 ad
1413 1339 1783 1403 dignoscendam
1802 1347 1853 1392 ct
1872 1338 2271 1391 determinanda
2296 1339 2596 1403 peremimus

1341 1437 1611 1487 essentiam.
1880 1452 1933 1491 .ι·

453 1668 520 1728 1⁰
546 1664 854 1746 Quoeuam
885 1664 969 1731 sit
995 1664 1411 1748 parochiatus
1436 1665 1737 1742 essentia,
1776 1662 1847 1729 id
1882 1670 2006 1741 est,
2048 1681 2345 1749 qum
2380 1681 2593 1730 essen-

354 1779 601 1844 tialiter
645 1779 1068 1864 requirantur
1110 1787 1187 1845 ut
1218 1780 1365 1864 quis
1405 1798 1563 1845 vere
1595 1780 1681 1844 sit
1711 1778 2055 1862 parochus,
2085 1778 2331 1845 deduci
2362 1779 2593 1864 nequit

355 1911 440 1958 ex
464 1892 610 1977 jure
641 1893 940 1958 naturali.
976 1892 1167 1958 Ratio
1208 1899 1309 1959 est
1341 1893 1496 1978 quia
1543 1892 1986 1976 parochorum
2031 1893 2351 1959 institutio
2384 1892 2593 1959 nulla-

354 2015 548 2072 tenus
577 2005 661 2072 ad
700 2007 916 2090 legem
962 2008 1329 2073 naturalem
1366 2008 1679 2092 pertinet.
1716 2008 1877 2073 Nam
1906 2026 1986 2073 eo
2026 2007 2365 2075 dumtaxat
2398 2027 2591 2075 sensu

355 2123 714 2207 excogitari
748 2129 969 2207 posset
1013 2122 1330 2206 parochos
1366 2142 1506 2189 esse
1545 2121 1630 2189 de
1661 2123 1811 2208 jure
1836 2123 2140 2202 naturali,
2184 2122 2362 2208 quod
2385 2125 2590 2206 posita

355 2237 641 2304 Ecclesia
679 2246 879 2321 prout
915 2238 1094 2303 illam
1134 2238 1426 2305 Christus
1461 2239 1818 2317 constituit,
1882 2240 2247 2305 necessario
2274 2256 2588 2324 sequere-

352 2360 469 2417 tur
495 2352 934 2420 exercendam
962 2371 1103 2419 esse
1136 2371 1359 2418 curam
1408 2353 1791 2431 animarum,
1835 2360 1906 2418 et
1940 2352 2106 2419 hanc
2142 2370 2365 2420 curam
2405 2372 2592 2419 exer-

353 2469 490 2533 ceri
529 2486 664 2533 non
716 2486 905 2552 posse
936 2468 1059 2533 nisi
1104 2466 1411 2535 adhibitis
1440 2467 1776 2553 parochis;
1815 2486 2036 2552 porro,
2068 2470 2201 2536 ,etsi
2233 2489 2317 2536 ex
2372 2489 2590 2537 essen-

355 2583 494 2648 tiali
524 2583 826 2649 Ecclesiae
857 2585 1319 2650 constitutione
1358 2601 1594 2650 revera
1625 2590 1938 2667 sequatur
1982 2583 2415 2651 exercendam
2444 2604 2591 2654 esse

349 2699 759 2783 spiritualem
780 2701 1138 2766 animarum
1164 2719 1412 2779 curam,
1441 2717 1851 2784 nequaquam
1872 2708 2091 2766 tumen
2116 2703 2416 2787 sequitur
2443 2721 2589 2768 eam

351 2833 481 2898 per
499 2815 814 2899 parochos
840 2831 984 2881 esse
1019 2814 1489 2899 exercendam3
1519 2813 1640 2881 sed
1682 2814 1983 2898 possibile
2030 2818 2396 2900 concipitur
2424 2817 2591 2884 illud

351 2949 526 2996 curoe
579 2932 962 2998 exercitium
1006 2950 1129 3015 per
1178 2933 1489 3016 ipsosmet
1532 2931 1906 3014 Episcopus,
1944 2929 2237 2997 adhibito
2266 2930 2391 2996 sibi
2418 2949 2594 3015 pres-

353 3048 739 3133 byterorum
795 3055 1106 3132 tanquam
1151 3047 1544 3114 vicariorum
1588 3045 1850 3123 auxilio,
1889 3045 2048 3129 quin
2091 3047 2262 3110 ullus
2290 3045 2592 3112 institua-

351 3173 470 3230 tur
489 3161 835 3248 parochus.
871 3164 955 3228 Et
1001 3181 1132 3228 non
1169 3169 1426 3228 tantum
1471 3160 1543 3226 id
1592 3160 1893 3244 possibile
1927 3160 2315 3244 concipitur,
2355 3161 2475 3228 sed
2500 3161 2587 3228 de

347 3281 533 3348 facto
587 3281 679 3347 ita
711 3280 1039 3363 prioribus
1074 3279 1374 3345 Ecclesiae
1421 3277 1676 3343 saeculis
1722 3276 1853 3342 fnit
1882 3279 2243 3355 actitatum,
2278 3285 2358 3343 ut
2391 3295 2590 3361 supra

355 3396 702 3482 pmbatum
725 3404 849 3463 est.
883 3395 1072 3462 Unde
1105 3414 1255 3462 cum
1280 3393 1389 3480 jus
1415 3393 1719 3458 naturale
1748 3409 2159 3476 nequaquam
2192 3390 2591 3459 determinet

349 3513 749 3579 necessarios
795 3531 938 3578 esse
980 3512 1318 3596 parochos,
1356 3530 1393 3576 a
1435 3509 1696 3577 fortiori
1740 3526 1870 3573 non
1920 3507 2317 3574 determinat
2365 3510 2589 3592 quales

273 3624 278 3629 ’
355 3647 500 3695 esse
528 3627 837 3709 debeant,
882 3646 998 3695 seu
1036 3645 1331 3716 quaenam
1373 3627 1502 3692 sint
1547 3624 1633 3692 ad
1678 3621 2205 3691 constituendum
2232 3624 2587 3708 parochum

355 3748 740 3812 necessaria.

447 3866 517 3928 2⁰
547 3862 771 3949 Neque
794 3861 1225 3929 determinari
1252 3865 1471 3944 potest
1505 3856 1787 3924 essentia
1820 3854 2237 3940 parochiatus
2266 3875 2352 3921 ex
2398 3875 2590 3923 evan-

358 3980 551 4066 gelio,
585 3997 705 4047 seu
747 3999 830 4045 ex
874 3978 1023 4063 jure
1073 3976 1295 4044 divino
1328 3974 1633 4059 positivo.
1670 3974 1830 4037 Nam
1856 3970 2246 4055 figmentum
2274 3970 2363 4039 de
2400 3991 2590 4056 paro-

361 4098 498 4163 chis
525 4117 561 4162 a
589 4096 843 4162 Christo
870 4096 1009 4180 ipso
1043 4093 1375 4170 institutis,
1422 4098 1492 4156 et
1518 4089 1604 4156 de
1632 4087 1811 4153 bulla
1839 4085 2269 4170 parochorum
2304 4088 2372 4151 in
2398 4106 2592 4155 evan-

361 4214 533 4298 gelio
582 4217 909 4291 contenta,
959 4227 1160 4293 supra
1211 4207 1646 4292 explosimus3
1688 4211 1760 4268 et
1810 4200 2228 4286 probavimus
2266 4203 2590 4287 parochos

359 4347 504 4397 esse
525 4329 1141 4402 institutionismere
1170 4323 1648 4402 ecclesiasticae,
1678 4318 1859 4390 etad
1878 4318 2263 4388 mutabilem
2291 4318 2588 4387 nomae

360 4445 761 4530 disciplinam
783 4443 1193 4529 pertinentis.
