3146 4973
566 331 692 395 604
1243 347 1618 396 ‘suenrus
1666 348 1750 394 m:
1796 347 2121 395 mnocno.

576 498 608 535 α
646 475 1022 542 constitutio
1071 475 1182 540 vel
1227 480 1544 540 statutum
1587 472 1981 553 intercedat,
2041 492 2169 558 quo
2218 473 2490 557 privatae
2542 473 2801 539 familiae

567 614 598 651 «
635 592 767 656 suis
803 591 1170 676 sumptibus
1201 591 1565 671 ecclesiam,
1608 610 1755 657 cum
1789 590 2181 673 oportuerit,
2227 588 2528 668 reficere,
2563 591 2670 656 vel
2711 589 2804 655 di·

571 730 604 766 «
639 715 855 771 rutam
900 726 1127 771 rursus
1175 707 1462 771 excitare
1507 714 1880 782 teneantur,
1936 713 2093 770 tunc
2149 704 2366 771 eidem
2408 713 2655 771 statuto
2692 725 2806 789 pa-

572 847 603 882 «
636 823 918 888 rendum
970 831 1092 888 est.
1138 826 1208 887 3⁰
1245 824 1306 886 Si
1351 824 1492 888 loco
1533 824 1782 899 statuti,
1813 829 2004 887 vetus
2051 841 2125 886 ac
2176 829 2356 886 certa
2401 821 2809 887 consuetudo

570 962 600 997 «
642 937 973 1016 afferatur,
1018 938 1101 1003 ob
1141 957 1332 1022 quam
1383 939 1625 1022 privati
1669 938 1862 1022 aliqui
1892 939 2069 1002 cives
2110 920 2425 1020 expensas
2453 937 2670 1002 facere
2710 957 2810 1002 co·

573 1075 604 1112 ι(
641 1060 897 1136 gantur,
934 1060 1089 1118 tune
1126 1072 1201 1116 ea
1241 1051 1649 1119 consuetudo
1700 1054 1828 1117 vim
1875 1053 2037 1136 legis
2089 1052 2331 1117 habere
2370 1059 2484 1117 aut
2523 1054 2805 1119 retinere

572 1191 603 1226 «
643 1166 866 1232 debet.
912 1169 982 1231 4⁰
1014 1169 1075 1232 Si
1108 1187 1319 1252 neque
1364 1174 1681 1233 statutum
1728 1186 1941 1252 neque
1985 1167 2117 1232 ulla
2160 1166 2570 1233 consuetudo
2607 1169 2799 1233 inter-

572 1306 603 1341 «
641 1285 879 1360 veniat,
915 1292 1059 1348 tum
1087 1284 1410 1368 parochus
1433 1286 1570 1367 ipse
1602 1282 1917 1348 faciendis
1950 1283 2250 1366 expensis
2278 1281 2659 1367 subjicitur3
2692 1285 2803 1367 qui

574 1419 605 1459 α
637 1406 857 1464 tamen
884 1399 1060 1465 haud
1092 1399 1356 1464 fructus
1394 1419 1475 1464 ex
1501 1401 1888 1482 patrimonio
1927 1418 2044 1466 suo
2081 1398 2451 1477 desumere,
2498 1399 2618 1463 sed
2657 1399 2802 1464 illos

567 1536 599 1573 α
634 1514 746 1597 qui
772 1514 892 1578 sibi
922 1534 1005 1579 ex
1029 1514 1348 1581 beneficio
1377 1522 1748 1598 supersunt,
1775 1515 2037 1580 omnino
2066 1514 2291 1579 debet.
2329 1515 2429 1579 Sic
2456 1516 2628 1579 enim
2656 1533 2797 1579 san-

571 1651 604 1689 «
642 1631 818 1694 citur
845 1631 1253 1711 apertissime
1289 1649 1369 1695 ex
1406 1631 1619 1713 capite
1647 1633 1722 1693 de
1753 1634 1889 1707 His,
1923 1634 1998 1693 de
2026 1634 2312 1693 Ecclesiis
2341 1632 2795 1708 (edificandis...

571 1767 606 1803 «
637 1746 1075 1828 Perspectum
1110 1752 1210 1811 est
1250 1747 1577 1826 omnibuS,
1610 1746 1675 1809 in
1705 1754 1841 1812 tres
1868 1754 2094 1829 partes
2116 1746 2422 1811 distribui
2450 1754 2804 1830 proventus

572 1882 604 1922 «
642 1861 1115 1927 ecclesiasticos
1169 1881 1206 1926 a
1258 1861 1407 1947 jure
1468 1862 1798 1946 pontificio
1845 1884 1857 1927 :
1909 1860 2111 1945 prima
2159 1861 2479 1928 beneficio
2539 1880 2801 1927 conser-

578 1998 610 2037 «ι
650 1975 889 2054 vando,
926 1976 1132 2042 altera
1173 1975 1479 2060 juvandis
1520 1977 1761 2060 egenis,
1805 1979 2002 2042 tertia
2040 1977 2485 2043 restaurandae
2519 1976 2799 2041 ecclesiae

581 2112 614 2152 a
652 2091 988 2156 tribuitur.
1034 2096 1114 2155 Et
1141 2098 1418 2173 quamvis
1450 2092 1680 2177 (inquit
1710 2089 2010 2175 Peekius)
2049 2095 2403 2155 distributio
2430 2094 2545 2154 illa
2573 2097 2810 2171 miqui

575 2226 607 2265 «
626 2210 796 2287 juris
829 2213 893 2268 in
930 2210 1208 2269 omnibus
1234 2226 1354 2269 non
1389 2214 1681 2285 servetur,
1732 2210 1892 2269 illud
1931 2214 2129 2269 tamen
2160 2215 2219 2269 et
2249 2212 2388 2288 jure
2413 2215 2471 2269 et
2502 2214 2809 2269 coament-

576 2341 610 2380 α
641 2323 783 2383 dine
803 2331 1100 2404 receptum
1134 2331 1244 2399 est,
1280 2331 1350 2385 ut
1379 2324 1486 2385 hoc
1523 2344 1672 2387 onus
1717 2328 1783 2386 in
1824 2326 2139 2404 praedietis
2167 2324 2532 2401 redditibm,
2566 2340 2697 2383 eum
2718 2342 2810 2384 se-

576 2461 606 2497 «
641 2445 884 2519 quatur,
914 2445 1018 2521 qui
1051 2460 1250 2504 eor-um
1281 2460 1477 2520 usum,
1517 2444 1894 2522 fruitionem,
1926 2445 2362 2522 perceptionem
2401 2446 2459 2502 et
2490 2442 2810 2502 commodi-

573 2575 608 2615 «
645 2562 826 2618 tatem
856 2557 1054 2619 habet.
1089 2557 1206 2621 Hic
1242 2556 1376 2622 duo
1406 2556 1917 2639 superaddenda
1952 2555 2263 2621 videntur
2306 2579 2319 2619 :
2361 2574 2595 2638 nempe
2636 2556 2810 2619 inter

575 2693 607 2728 α
647 2691 724 2736 ea
776 2690 918 2755 quae
966 2673 1249 2755 parocho
1300 2681 1686 2755 supersunt,
1722 2691 2128 2756 nequaquam
2172 2669 2619 2736 admiscendas
2665 2690 2803 2735 esse

575 2808 610 2847 α
646 2806 961 2870 expensas
994 2805 1137 2871 quae
1179 2787 1346 2851 fiunt.
1373 2805 1497 2871 pro
1528 2786 1780 2852 alendis
1813 2788 2325 2870 consanguinem,
2378 2794 2491 2850 aut
2524 2804 2645 2869 pro
2670 2804 2804 2850 ser-

575 2924 608 2961 «
647 2901 856 2967 vanda
894 2903 1155 2986 generis
1197 2903 1296 2967 sui
1338 2902 1711 2969 conditione
1760 2927 1772 2968 :
1819 2924 1896 2969 ea
1940 2903 2145 2968 solum
2185 2900 2584 2966 numeranda
2630 2907 2797 2974 sunt,

577 3040 609 3077 «
646 3037 788 3102 quae
830 3020 915 3085 ad
959 3021 1310 3102 parochum
1369 3022 1581 3102 ipsum
1630 3020 2127 3086 sustentandum
2167 3020 2529 3084 necessaria
2558 3017 2804 3083 ducun-

574 3157 609 3195 «
643 3142 836 3199 tur...
874 3135 1048 3201 Illud
1092 3154 1350 3220 quoque
1402 3134 1803 3202 monendum
1850 3143 1970 3212 est,
2024 3153 2152 3200 non
2189 3136 2397 3199 solum
2427 3133 2796 3217 parochum,

576 3272 609 3310 κ
643 3248 762 3316 sed
790 3256 1060 3315 eaeteros
1088 3252 1309 3330 etiam,
1338 3252 1449 3335 qui
1477 3252 1820 3333 pensiones
1847 3270 1928 3314 ex
1957 3251 2066 3314 illa
2090 3248 2393 3332 parochia
2420 3248 2795 3331 suscipiunt,

575 3386 609 3426 α
648 3385 726 3431 ea
757 3366 901 3450 lege
941 3365 1190 3441 teneri,
1227 3373 1300 3430 ut
1338 3374 1593 3449 partem
1640 3385 1820 3430 suam
1858 3366 2270 3448 impertiant,
2310 3383 2459 3428 cum
2494 3361 2804 3445 templum

579 3504 611 3541 «
646 3480 1083 3562 reparandum
1114 3488 1295 3545 est...
1338 3484 1405 3545 5⁰
1443 3483 1504 3545 Si
1551 3481 1874 3564 parochus
1920 3481 2457 3545 sustentationem
2505 3496 2684 3543 suam
2728 3496 2806 3540 ex

581 3620 614 3657 «
647 3595 967 3661 beneficio
1002 3597 1210 3659 solum
1250 3597 1592 3677 percipiat,
1632 3614 1845 3678 neque
1881 3596 2007 3659 sint
2035 3595 2150 3660 ulli
2188 3596 2301 3678 qui
2331 3595 2670 3677 pensiones
2696 3599 2810 3655 aut

582 3733 613 3770 «
649 3709 1040 3775 beneficium
1092 3710 1362 3792 simplex
1409 3729 1488 3774 ex
1544 3729 1658 3773 sua
1700 3710 2002 3793 parochia
2036 3709 2476 3784 desumenteS,
2517 3725 2813 3772 necessa-

583 3849 616 3888 «
648 3827 806 3890 riam
862 3843 980 3907 pro
1027 3826 1327 3908 expensis
1374 3826 1717 3907 pecuniam
1764 3824 2221 3909 suppeditent,
2265 3832 2424 3889 tunc
2472 3825 2523 3887 si
2577 3822 2813 3888 eadem

582 3965 614 4003 «
654 3941 955 4025 parochia
997 3939 1522 4025 juspatronatum
1565 3939 1949 4026 adjunctum
1995 3941 2254 4017 habeat,
2293 3939 2631 4005 concilium
2672 3939 2812 4002 Tri-

582 4081 615 4119 «
653 4058 996 4124 dentinum
1030 4057 1359 4124 faciendas
1386 4077 1423 4122 a
1454 4058 1746 4140 patronis
1788 4076 2105 4141 expensas
2136 4057 2456 4122 decernit.
2500 4077 2532 4116 υ
2581 4056 2816 4141 (Bene-

577 4173 790 4241 dictus
833 4175 1003 4251 XIV,
1048 4176 1199 4239 inst.
1262 4177 1408 4250 100,
1466 4194 1531 4237 n.
1590 4178 1630 4239 9
1672 4181 1739 4238 et
1791 4171 1957 4257 seq.)
2017 4171 2212 4238 Addit
2237 4181 2456 4237 autem
2508 4169 2814 4237 laudatus

579 4290 910 4365 Pontifex,
945 4289 1400 4355 deficientibus
1439 4288 1801 4371 praedietiS,
1842 4286 2280 4355 restaurandae
2318 4287 2605 4351 ecclesiae
2647 4303 2816 4348 onus

581 4407 822 4490 populo
846 4404 1249 4469 incumbere.
1289 4405 1369 4468 Et
1396 4403 1683 4481 tandem,
1718 4405 1771 4468 si
1804 4404 2099 4487 praedieti
2137 4421 2361 4468 omnes
2386 4400 2815 4467 necessariam
