3146 4973
549 331 680 392 220
1226 343 1604 392 moruus
1648 344 1738 390 nu
1781 341 2109 391 pnocno.

640 491 675 530 α
708 471 884 547 Duo,
937 469 1168 554 inquit,
1206 467 1678 536 consideranda
1720 476 1874 534 sunt
1917 491 1931 533 ε
1972 467 2277 552 primum,
2316 464 2497 552 quod
2529 467 2785 533 concilii

551 606 585 645 α
620 581 982 648 Tridentini
1028 580 1377 649 decretum
1430 585 1516 670 (in
1548 582 1728 650 dicto
1769 583 1982 667 capite
2013 586 2115 660 13,
2152 600 2312 647 sess.
2352 579 2460 666 24)
2492 582 2787 666 loquitur

552 719 586 761 «
622 698 708 764 (le
745 698 820 763 iis
860 698 1040 776 locis,
1077 696 1192 763 ubi
1222 699 1508 764 ecclesioe
1566 706 1786 765 certos
1831 716 1961 763 non
2005 697 2246 764 habent
2294 698 2481 774 fineS,
2521 705 2589 762 et
2628 716 2784 763 cura

554 833 587 872 «
632 812 898 877 confuse
954 832 1031 877 ac
1083 814 1452 897 promiscue
1504 813 2025 892 administratur,
2072 823 2149 879 ut
2197 811 2490 879 advertit
2538 810 2788 877 ibidem

552 951 585 988 a
628 927 1107 992 Bellarminus„
1124 978 1139 991 .
1162 935 1229 992 et
1250 928 1560 995 Barbosa.
1577 978 1590 993 .
1606 978 1620 991 .
1638 951 1652 993 ε
1673 927 2056 1005 secundum,
2076 927 2256 1021 quod
2284 927 2634 994 concilium
2654 946 2785 992 non

552 1064 584 1102 «
621 1044 889 1125 praecise
915 1049 1128 1108 arctat
1164 1043 1521 1128 Episcopos
1551 1043 1636 1109 ad
1663 1045 2136 1109 institutionem
2162 1044 2467 1128 perpetui
2490 1042 2779 1126 parochi,

551 1178 585 1217 «
627 1155 793 1224 adeo
840 1158 1107 1242 quidem
1152 1165 1224 1223 ut
1264 1177 1395 1223 non
1433 1158 1685 1242 possint
1729 1162 1855 1221 alio
1884 1163 2125 1222 utiliori
2170 1162 2345 1222 modo
2393 1157 2775 1241 providere.

550 1293 583 1330 «
625 1272 944 1356 Loquitur
994 1273 1163 1337 enim
1201 1273 1594 1338 alternative
1649 1272 1716 1335 in
1764 1273 1902 1337 haec
1944 1272 2181 1348 verba,
2217 1281 2326 1336 aut
2370 1275 2496 1336 alio
2542 1275 2786 1336 utiliori

550 1408 582 1445 «ι
625 1390 795 1450 modo
815 1386 1208 1470 provideant
1238 1408 1252 1451 ε
1285 1406 1406 1470 per
1427 1405 1622 1472 quam
1645 1388 2095 1452 alternativam
2121 1395 2230 1451 aut
2259 1386 2376 1452 (lat
2397 1386 2782 1453 electionem

551 1522 585 1560 ι(
619 1500 977 1585 Episcopis.
1003 1503 1085 1567 Et
1113 1500 1475 1567 notandum
1512 1501 1692 1586 quod
1722 1503 2067 1567 concilium
2100 1500 2391 1568 admittit
2420 1501 2567 1567 dari
2595 1520 2781 1585 posse

552 1638 585 1674 «
617 1616 945 1682 utiliorem
970 1616 1234 1682 modum
1274 1616 1689 1700 providendi.

640 1752 673 1791 «
704 1733 873 1813 Quin
901 1734 1031 1796 imo
1058 1731 1235 1798 idem
1265 1741 1561 1797 sanctum
1596 1731 1938 1798 concilium
1975 1731 2058 1818 (c.
2094 1741 2156 1810 7,
2191 1751 2348 1798 sess.
2393 1742 2455 1812 7,
2503 1736 2577 1797 de
2619 1732 2778 1817 Res.)

568 1868 601 1907 α
633 1846 970 1931 injungens
994 1847 1343 1931 EpiscopiS,
1378 1854 1452 1911 ut
1481 1848 1550 1911 in
1580 1847 1947 1911 visitatione
1997 1847 2418 1913 ecclesiarum
2455 1848 2784 1913 unitarum

550 1983 583 2021 «
618 1959 1017 2045 provideant
1039 2011 1055 2039 ,
1109 1969 1185 2025 ut
1238 1982 1395 2027 cura
1452 1964 1811 2026 animarum
1861 1961 2282 2029 laudabiliter
2339 1972 2735 2029 exerceatur
2756 2011 2772 2042 ,

551 2099 583 2138 «
627 2079 835 2143 utitur
859 2078 957 2143 his
982 2079 1218 2157 verbis,
1239 2100 1355 2161 per
1390 2082 1632 2143 idoneos
1661 2085 1943 2156 vicarios,
1973 2085 2158 2142 etiam
2179 2088 2503 2161 perpetuos
2530 2100 2550 2141 .·
2583 2084 2653 2144 et
2687 2080 2782 2144 sic

552 2211 586 2249 α
620 2188 1048 2272 ponderando
1102 2189 1455 2258 dictionem
1516 2197 1723 2268 etiam,
1780 2209 1923 2276 quae
1970 2190 2276 2273 exprimit
2313 2209 2534 2256 casum
2579 2191 2783 2274 magis

551 2329 584 2368 α
616 2306 1080 2384 dubitabilem,
1126 2314 1196 2372 et
1247 2308 1537 2389 implicat
1602 2308 1818 2371 minus
1866 2305 2331 2384 dubitabilem,
2371 2305 2659 2371 admittit
2715 2308 2782 2370 in

549 2444 582 2483 α
622 2422 840 2505 specie
867 2420 1133 2486 modum
1161 2420 1524 2506 deputandi
1548 2422 1826 2488 vicarios
1848 2422 2229 2488 amovibiles
2257 2441 2395 2489 esse
2421 2421 2773 2486 utiliorem.

551 2559 585 2595 «
625 2533 816 2617 Quod
842 2535 1207 2613 confirmat,
1240 2533 1398 2600 dum
1426 2537 1651 2600 statim
1676 2534 1864 2601 addit
1893 2557 1907 2600 ε
1939 2537 2059 2601 nisi
2085 2537 2241 2622 ipsis
2270 2534 2633 2602 Ordiuariis
2656 2553 2780 2619 pro

551 2673 583 2711 α
624 2652 794 2716 bono
821 2651 1242 2716 ecclesiarum
1269 2651 1585 2734 regimine
1612 2651 1804 2714 aliter
1840 2648 2155 2732 expedire
2183 2651 2536 2716 videbitur.
2567 2652 2780 2717 Dictio

551 2788 584 2825 α
615 2767 810 2832 etiam
837 2772 960 2830 πίει·
992 2768 1262 2849 ponitur
1290 2767 1638 2849 exceptive
1673 2786 1711 2830 a
1742 2767 2038 2850 proxima
2077 2765 2522 2851 dispositione.
2557 2767 2774 2844 Unde,

553 2905 585 2943 «
613 2902 762 2947 cum
798 2885 864 2946 in
902 2884 1093 2948 Sacra
1122 2883 1635 2966 congregatione
1676 2882 1940 2949 Concilii
1976 2890 2406 2968 quaereretur,
2445 2902 2528 2948 an
2557 2884 2779 2950 vicarii

546 3020 578 3058 «
613 3001 916 3083 perpetui
957 2997 1402 3064 constituendi
1436 3006 1658 3064 essent
1696 2999 1765 3062 in
1793 2997 2301 3076 cathedralibus,
2338 2999 2776 3083 collegiatisve

550 3138 583 3174 «
618 3114 908 3181 ecclesiis
936 3133 1160 3180 curam
1202 3115 1559 3180 animarum
1599 3113 2012 3193 habentibus,
2046 3132 2240 3198 quam
2277 3132 2500 3179 curam
2530 3123 2782 3198 tempo·

551 3254 583 3291 «
622 3230 773 3297 rarii
819 3231 1333 3314 mercenariique
1399 3229 1717 3312 capellani
1776 3236 2263 3294 consueverunt
2293 3226 2768 3305 administrare,

550 3367 584 3406 α
619 3344 956 3430 respondit
983 3345 1434 3429 congregatio,
1462 3345 1622 3409 nihil
1657 3343 1949 3427 generali
1977 3343 2121 3427 lege
2154 3342 2573 3409 sanciendum
2601 3363 2768 3421 esse,

548 3482 583 3522 α
616 3461 735 3527 sed
783 3461 1049 3546 singulis
1085 3461 1448 3545 quibusque
1477 3460 1756 3538 casibus»,
1787 3459 1902 3524 ubi
1934 3478 2003 3524 se
2026 3459 2331 3538 offerunt,
2352 3465 2551 3542 prout
2574 3462 2775 3544 magis

551 3600 585 3637 α
619 3577 937 3661 expedire
1004 3576 1341 3642 videbitur
1397 3571 1952 3658 prospiciendum.
2029 3572 2387 3658 Traditque
2445 3575 2775 3639 Navarrus

550 3715 583 3753 α
629 3693 917 3777 (consilio
941 3697 1006 3769 9,
1042 3696 1116 3755 de
1144 3695 1517 3768 Proebendis,
1555 3710 1624 3755 n.
1659 3687 1720 3774 7)
1749 3688 1928 3774 quod
1964 3688 2234 3755 arbitrio
2272 3688 2773 3755 ordinariorum

548 3830 582 3869 α
623 3805 894 3873 videtur
921 3808 1254 3884 relictum,
1298 3828 1380 3873 an
1425 3814 1731 3892 oporteat
1774 3824 2020 3888 ponere
2065 3806 2340 3870 vicarios
2377 3813 2767 3888 perpetuoS,

551 3946 582 3985 α
624 3943 753 3991 non
780 3924 1078 3990 obstante
1110 3925 1450 4010 privilegio
1483 3921 1778 4008 ponendi
1808 3922 2238 4005 temporales;
2272 3921 2424 4005 quia
2448 3918 2518 3984 id
2544 3927 2775 3986 sonant

550 4064 583 4101 «
616 4041 725 4106 illa
757 4042 981 4120 verba,
1011 4063 1120 4123 per
1155 4048 1414 4105 vicarios
1435 4049 1781 4126 perpetuos,
1822 4047 1877 4102 si
1902 4060 2016 4122 pro
2063 4042 2209 4102 bono
2259 4043 2547 4119 reqimine
2579 4040 2644 4100 id
2678 4041 2772 4098 υἰ-

549 4179 582 4218 «
623 4160 885 4222 debitur.
933 4159 1094 4223 Item
1117 4205 1133 4233 ,
1179 4156 1357 4242 quod
1402 4158 1454 4222 si
1504 4157 1755 4242 praefati
1808 4154 2141 4221 Ordinarii
2177 4154 2342 4219 male
2402 4153 2540 4218 sine
2595 4151 2772 4238 justa

546 4294 579 4334 a
621 4291 810 4338 causa
844 4271 914 4338 id
944 4273 1448 4350 arbitrarentur,
1489 4281 1709 4357 potest
1739 4272 2053 4357 appellari
2093 4271 2174 4336 ab
2212 4270 2338 4347 εἰς,
2384 4289 2465 4334 ex
2499 4288 2581 4334 eo
2620 4269 2770 4353 quia

547 4413 580 4452 a
621 4389 890 4455 verbum
924 4393 1246 4468 videbitur,
1281 4390 1622 4455 arbitrium
1670 4389 1821 4456 boni
1871 4389 1995 4454 viri
2046 4387 2412 4472 regulatum
2464 4384 2759 4460 denotat,
