3146 4973
476 290 603 352 392
1155 306 1529 355 TnAcrArus
1579 309 1664 355 nn
1711 308 2035 356 rAuocflo.

1512 576 1657 638 vll.

475 793 839 858 snbjiciuntur
855 795 1001 858 juris
1042 799 1215 845 textus
1254 801 1299 845 οι
1348 796 1461 844 alia
1488 796 1832 857 documenta,
1864 797 1937 846 ad
1963 796 2339 847 illustrandam
2380 796 2713 860 quaestioncm

1496 889 1705 938 idonea.

567 1121 618 1183 1.
678 1121 925 1200 Triplex
965 1121 1398 1198 dis-linquenda
1451 1122 1875 1183 concubinatus
1911 1126 2149 1201 species.
2205 1155 2290 1166 --
2332 1118 2553 1183 Solent
2600 1137 2715 1182 au-

475 1241 689 1298 ctores
715 1232 1219 1298 concubinatum
1250 1233 1654 1316 distinguere
1685 1234 1751 1297 in
1775 1237 2088 1313 occultum,
2115 1241 2440 1312 notorium,
2471 1239 2540 1298 et
2569 1253 2716 1313 pene

475 1349 792 1409 occultum.
823 1345 979 1425 Quae
1016 1343 1345 1409 distinctio
1382 1345 1465 1410 ab
1494 1347 1635 1428 ipso
1666 1345 1815 1430 jure
1861 1346 2245 1425 desumitur,
2294 1346 2600 1412 videlicet
2631 1365 2712 1410 ex

477 1462 688 1543 capite
726 1465 933 1523 Vestra
967 1460 1054 1544 (7,
1088 1464 1161 1523 de
1194 1463 1654 1525 Cohabitatione
1676 1466 2026 1526 clericorum
2053 1473 2111 1526 et
2138 1467 2498 1547 mulierum).

566 1579 664 1642 De
697 1574 1135 1640 concubinatu
1168 1580 1427 1655 occulto,
1467 1596 1585 1642 seu
1628 1578 1738 1660 qui
1771 1580 2141 1661 ignoratur,
2185 1580 2365 1644 nulla
2414 1586 2718 1644 movetur

480 1692 943 1757 controversia.
979 1692 1215 1775 Nequit
1246 1692 1491 1757 scilicet
1535 1694 1917 1774 privationis
1958 1714 2151 1777 poena
2175 1715 2294 1778 per
2324 1695 2712 1760 sententiam

476 1808 710 1893 judicis
740 1808 971 1891 plecti,
1014 1825 1159 1870 cum
1196 1805 1401 1890 judex
1452 1806 1534 1872 de
1592 1809 1865 1873 occultis
1903 1808 2281 1893 judicialem
2329 1810 2714 1874 senteutiam

483 1924 660 1988 ferre
712 1927 1038 2006 nequeat:
1075 1920 1335 1986 aliunde
1383 1941 1503 1987 uec
1545 1922 1795 1988 inducit
1829 1925 2261 2006 privationem
2314 1927 2454 2008 ipso
2497 1924 2669 1988 facto
2695 1971 2711 1999 ‚

485 2060 635 2104 cum
675 2039 741 2103 id
792 2039 1019 2104 nullibi
1055 2039 1119 2102 in
1148 2037 1296 2122 jure
1344 2047 1608 2103 cautum
1638 2041 1721 2105 sit
1757 2062 1770 2105 :
1809 2040 1986 2105 unde
2022 2041 2232 2106 solent
2261 2041 2565 2107 doctores
2610 2039 2723 2104 ad·

486 2162 737 2231 notare,
777 2154 1107 2219 occultum
1153 2154 1655 2220 concubinatum
1702 2156 1979 2241 relinqui
2013 2155 2263 2239 judicio
2292 2157 2414 2221 Dei
2441 2155 2717 2240 punien-

490 2271 670 2336 dum.

578 2386 1076 2463 concubinatus»,
1121 2390 1285 2452 sicut
1334 2395 1401 2452 et
1450 2386 1793 2472 quodlibet
1825 2386 2004 2453 aliud
2045 2390 2314 2466 crimen,
2361 2387 2718 2471 dupliciter

491 2511 759 2569 notorius
806 2524 945 2568 esse
991 2512 1209 2586 potest
1240 2527 1252 2568 ε
1282 2506 1672 2570 notorietate
1708 2503 1873 2588 juris
1900 2553 1915 2580 ‚
1964 2512 2032 2570 et
2094 2504 2483 2570 notorietate
2536 2503 2719 2568 facti.

496 2620 800 2685 Notorius
840 2627 940 2683 est
990 2620 1380 2684 notorietate
1407 2618 1591 2703 juris,
1640 2619 1900 2702 quando
1935 2639 2088 2686 reus
2128 2621 2193 2684 in
2222 2618 2468 2705 judicio
2512 2620 2727 2685 couvi-

496 2743 640 2799 ctus
665 2734 811 2810 fuit,
854 2735 957 2798 vel
990 2734 1345 2798 confessus.
1379 2735 1682 2799 Notorius
1715 2742 1817 2799 est
1846 2736 2240 2802 notorietate
2266 2735 2441 2811 facti,
2465 2731 2726 2818 quando

498 2851 583 2915 ita
622 2849 922 2933 publicus
975 2856 1075 2912 est
1124 2856 1192 2913 et
1238 2848 1476 2931 populo
1509 2856 1733 2927 notuS,
1771 2857 1844 2916 ut
1889 2852 2062 2917 nulla
2098 2851 2299 2935 possit
2335 2850 2731 2934 tergiversa-

497 2966 672 3029 tione
705 2964 921 3028 celari.

586 3078 1063 3145 concubinatus
1086 3101 1238 3163 pene
1267 3083 1531 3143 occultus
1570 3078 1831 3158 dicitur,
1867 3081 2125 3167 quando
2173 3100 2301 3146 non
2344 3082 2535 3163 plene
2577 3099 2731 3144 con·

500 3204 631 3263 stat
678 3196 762 3262 de
805 3196 1242 3263 fornicationis
1285 3197 1557 3275 actibuS‚
1601 3197 1716 3264 sed
1761 3218 1840 3265 ex
1892 3198 2118 3264 validis
2161 3197 2409 3262 indiciis
2459 3198 2501 3260 ii
2548 3204 2732 3261 actus

504 3317 740 3382 merito
770 3321 1270 3397 praesumuntur.
1308 3313 1384 3378 Id
1412 3322 1633 3379 autem
1664 3316 1882 3380 locum
1913 3314 2133 3390 babet,
2162 3312 2424 3397 quando
2454 3312 2733 3378 clericus

505 3452 653 3497 cum
693 3431 963 3495 muliero
995 3437 1295 3511 suspecta
1325 3430 1652 3495 cohabitat
1689 3438 1802 3495 aut
1843 3432 2228 3515 frequenter
2280 3436 2726 3495 conversatur.

506 3549 585 3614 Et
614 3546 718 3609 hic
743 3565 929 3609 casus
958 3544 1094 3608 fere
1133 3544 1304 3609 solus
1335 3551 1433 3609 est
1472 3546 1799 3626 practicus
1818 3594 1832 3622 ,
1878 3546 2196 3631 siquidem
2227 3546 2546 3610 rarissime
2589 3563 2736 3607 con-

508 3664 719 3745 tingit,
766 3669 840 3725 ut
884 3661 1077 3742 plene
1123 3660 1386 3743 probari
1420 3662 1665 3743 possint
1703 3663 2143 3730 fornicationis
2186 3668 2389 3727 actus,
2428 3662 2739 3743 Compre-

507 3773 705 3841 hendi
737 3781 955 3838 autem
987 3774 1157 3839 hunc
1186 3793 1402 3838 casum
1431 3775 1898 3841 concubinatus
1916 3798 2067 3859 pene
2101 3778 2339 3851 occulti,
2369 3793 2483 3839 seu
2523 3791 2742 3856 suspe-

506 3900 627 3957 ctae
658 3890 1213 3975 frequentatiouiS,
1249 3890 1371 3955 sub
1413 3889 1684 3958 decreto
1715 3892 2095 3959 Tridentino
2126 3893 2303 3978 (sess,
2355 3893 2462 3965 25,
2500 3909 2556 3953 c.
2603 3887 2734 3971 14),

512 4009 782 4075 dubium
817 4029 945 4074 non
974 4016 1095 4084 est,
1138 4016 1203 4073 ut
1244 4028 1389 4073 mox
1415 4030 1498 4076 ex
1533 4011 1674 4092 ipso
1696 4013 1884 4073 textu
1924 4006 2202 4092 patebit.

604 4127 685 4189 11.
725 4127 1136 4207 Subje'ciuntur
1201 4127 1335 4187 duce
1387 4128 1712 4187 decretales
1779 4126 2116 4187 Alexandri
2175 4127 2299 4199 ΙΙΙ,
2337 4146 2468 4206 quae
2497 4131 2744 4207 potissi·

511 4261 671 4303 mum
702 4243 967 4321 pandere
997 4244 1279 4302 videntur
1311 4247 1421 4322 jus
1460 4261 1785 4317 commune,
1829 4248 1968 4304 ante
2006 4243 2422 4304 Tridentinam
2453 4245 2744 4322 synodum

508 4364 734 4440 viqens.
769 4392 855 4403 —-
902 4357 1085 4422 Prior
1138 4362 1235 4419 est
1280 4357 1528 4422 tenoris
1577 4355 2046 4440 hujuscemodi.
2095 4377 2128 4415 «
2160 4354 2540 4421 mandamus
2577 4375 2744 4440 qua-
