3146 4973
508 348 633 410 266
1194 357 1568 405 macutus
1615 357 1704 403 οε
1750 356 2075 404 emeno.

502 509 670 552 novoe
704 490 1004 572 parochiae
1045 486 1572 549 adscribendorum
1603 503 1624 543 .·
1656 484 1758 544 ubi
1795 489 1855 545 et
1885 488 2130 564 quinam
2167 490 2249 548 sil
2287 488 2392 547 ille
2433 505 2736 549 nanterus.

504 642 592 653 —
629 606 769 671 Non
800 622 985 686 posse
1022 619 1255 668 novam
1289 598 1661 683 parochiam
1689 598 1853 681 erigi
1883 597 2131 684 absque
2159 600 2499 666 sufficienti
2545 621 2742 685 paro-

502 722 874 788 chianorum
908 737 1205 796 numero,
1242 724 1428 782 extra
1467 717 1977 781 controversiam
2004 724 2106 781 est
2141 739 2154 781 :
2189 726 2420 784 atvero
2451 721 2743 803 quisnam

501 838 585 903 sit
624 838 729 902 ille
760 835 1078 901 sufficiens
1122 851 1455 909 numerus,
1508 850 1638 896 non
1670 850 1800 895 una
1839 831 1963 897 fuit
2007 831 2352 899 doctorum
2390 837 2737 901 sententia.

508 976 539 1012 «
576 952 1031 1035 Principaliter
1070 950 1181 1034 (ait
1206 951 1564 1033 FagnanuS,
1601 966 1667 1011 n.
1704 950 1810 1027 28,
1848 949 1915 1010 in
1947 956 2142 1032 caput
2191 954 2284 1013 Ad
2326 954 2733 1030 audientiam,

507 1091 538 1128 κ
573 1072 647 1131 de
670 1070 955 1131 Ecclesiis
982 1061 1230 1149 oedific.)
1260 1064 1345 1130 ad
1371 1065 1770 1129 erectionem
1794 1081 1978 1128 novae
2003 1065 2320 1148 parochiae
2351 1068 2736 1150 requiritur,

506 1209 530 1241 α
575 1191 648 1248 ut
678 1184 746 1249 in
775 1182 882 1247 illa
918 1189 1105 1265 parte
1137 1182 1454 1265 parochiae
1485 1182 1764 1265 antiquae
1798 1180 1910 1245 uhi
1940 1200 2107 1247 nova
2144 1182 2448 1266 parochia
2482 1191 2583 1248 est
2618 1185 2744 1249 eri·

505 1314 535 1358 <c
573 1298 819 1383 genda,
860 1299 941 1362 sit
976 1302 1353 1381 competens
1390 1306 1706 1361 numerus
1749 1296 2313 1379 parochianorum.
2351 1297 2434 1362 Et
2477 1298 2743 1383 quidem

504 1434 536 1474 α
576 1416 739 1480 Rota
800 1413 1162 1500 (decisione
1222 1415 1373 1491 380,
1418 1433 1482 1477 n.
1530 1417 1569 1477 8
1607 1416 1680 1477 et
1717 1413 1826 1489 29,
1886 1414 2090 1495 partis
2146 1414 2206 1491 5,
2254 1414 2737 1499 recentiorum)

504 1548 535 1587 «
576 1527 840 1593 videtur
868 1533 1122 1605 tenere,
1157 1526 1237 1592 ad
1268 1516 1391 1593 hoc
1422 1544 1552 1592 non
1582 1525 1878 1591 sufficere
1916 1534 2197 1611 quatuor
2229 1526 2454 1594 domos
2485 1536 2552 1594 et
2583 1529 2744 1596 duo·

504 1656 536 1703 ‹'‹
572 1644 785 1708 decim
847 1644 1092 1709 animas
1146 1652 1327 1727 aptas
1386 1642 1469 1708 ad
1525 1645 2046 1709 communionem
2087 1645 2247 1731 (per
2299 1650 2500 1728 caput
2557 1648 2733 1723 Unio,

503 1780 533 1819 α
564 1776 778 1826 causae
815 1761 918 1838 10,
968 1760 1339 1844 quaestionis
1372 1757 1465 1842 3).
1503 1758 1630 1823 Sed
1660 1765 1842 1824 certe
1887 1759 1996 1824 ille
2042 1766 2264 1825 textus
2300 1763 2500 1845 magis
2531 1761 2743 1827 innuit

503 1901 533 1934 «
570 1884 645 1941 ut
678 1874 993 1941 sufficiant
1021 1875 1250 1940 decem
1284 1876 1511 1939 animae
1550 1894 1563 1939 t
1600 1876 1690 1940 ait
1721 1875 1893 1940 enim
1930 1896 1943 1938 ε
1981 1878 2249 1938 Ecclesia
2276 1896 2406 1957 quoe
2434 1879 2517 1940 acl
2547 1879 2743 1940 decem

503 2004 534 2051 ὰ
572 1994 847 2055 habuerit
882 1997 1183 2072 mancipia
1186 2040 1207 2070 ,
1242 2010 1420 2073 super
1443 2010 1505 2052 se
1531 1993 1747 2055 habeat
1778 1993 2140 2054 sacerdotem
2177 2013 2196 2053 .·
2230 2010 2360 2072 quoe
2383 2012 2522 2055 vero
2545 1998 2742 2067 minus

502 2130 533 2166 «
570 2111 769 2170 decem
804 2113 1108 2189 mancipia
1129 2097 1424 2186 habuerit,
1457 2111 1601 2169 aliis
1625 2113 2024 2189 conjunqatur
2056 2110 2337 2172 ecclesii-5.
2366 2109 2447 2173 Et
2471 2110 2736 2192 merit03

504 2246 533 2282 «
569 2225 717 2308 qnia
742 2223 976 2289 decem
1017 2221 1264 2286 faciunt
1302 2221 1590 2306 plebem,
1619 2229 1693 2287 ut
1717 2224 1808 2287 ait
1833 2223 1922 2288 ihi
1946 2223 2177 2306 glossa.
2209 2224 2378 2289 Item
2401 2224 2741 2289 concilium

503 2360 533 2398 «
568 2339 1043 2417 Tridentinum,
1083 2336 1259 2403 dicto
1289 2334 1503 2420 capite
1533 2339 1598 2416 4,
1636 2340 1932 2405 sessionis
1963 2341 2073 2418 21,
2108 2340 2374 2405 videtur
2401 2342 2739 2426 reqnirere

503 2480 533 2514 υ
572 2464 647 2521 ut
681 2466 848 2522 nova
891 2454 1194 2542 parochia
1231 2452 1471 2522 habeat
1511 2457 1848 2539 populum,
1883 2463 1958 2520 ut
1994 2458 2175 2540 patet
2210 2457 2299 2523 ibi
2337 2479 2351 2524 ε
2387 2462 2740 2541 compellere

503 2597 535 2630 «
562 2582 757 2655 possit
788 2578 1095 2656 populum.
1126 2575 1207 2639 At
1232 2573 1465 2638 decem
1495 2571 1786 2637 homines
1814 2571 2128 2656 populum
2161 2573 2406 2640 faciunt
2434 2575 2530 2660 (ut
2557 2583 2740 2642 notat

504 2709 533 2748 «
571 2681 796 2772 gio-ssa.
815 2738 857 2751 ..
890 2695 957 2754 et
980 2688 1304 2753 Bartolus.
1323 2737 1335 2751 .
1352 2685 1425 2771 .).
1456 2689 1733 2770 Insuper
1756 2685 2054 2766 adverte,
2082 2697 2167 2754 ne
2191 2688 2557 2774 ‘decipiaris
2589 2693 2742 2775 qnia

503 2821 532 2863 t(
571 2795 727 2869 dum
758 2804 921 2869 Rota
949 2804 1033 2869 ad
1060 2805 1183 2869 hoc
1213 2806 1489 2890 requirit
1517 2791 1941 2869 sufficientem
1969 2823 2317 2870 numerum
2339 2808 2696 2871 animarum
2716 2856 2731 2885 ,

501 2942 531 2979 a
570 2935 710 3005 quae
743 2921 870 2986 sint
908 2929 1074 3004 aptae
1109 2913 1195 2985 ad
1218 2921 1741 2986 'communionem
1765 2968 1780 2997 ,
1825 2919 1962 2983 haec
1994 2915 2292 3003 aptitudo
2323 2939 2448 2985 non
2497 2929 2595 2986 est
2626 2943 2738 2987 ne-

496 3057 527 3095 «
564 3037 871 3120 cessaria3
902 3038 1055 3122 quia
1085 3051 1272 3100 usum
1305 3036 1571 3100 rationis
1600 3034 1934 3112 habe'nteS,
1967 3035 2224 3100 tametsi
2253 3043 2382 3100 uon
2425 3037 2553 3100 sint
2600 3039 2734 3119 apti

498 3178 528 3210 «
565 3150 646 3217 ad
686 3152 1232 3230 communionem,
1277 3157 1592 3217 tenentur
1631 3155 1850 3216 tamen
1889 3149 2090 3216 semel
2123 3152 2191 3215 in
2228 3165 2396 3215 anno
2435 3151 2733 3217 confiteri

496 3291 527 3329 «
566 3271 828 3354 proprio
860 3265 1214 3347 sacerdoti,
1249 3269 1318 3334 et
1349 3269 1603 3334 missam
1644 3266 1871 3334 audire
1906 3266 2244 3333 dominicis
2281 3275 2348 3332 et
2379 3268 2562 3333 festis
2596 3267 2735 3334 die-

497 3393 528 3445 «
564 3383 724 3471 bus;
764 3388 986 3472 eisque
1016 3386 1161 3453 dari
1188 3375 1393 3451 ‘debet
1428 3403 1612 3451 sacra
1655 3385 1875 3449 unctio
1911 3406 1924 3449 :
1958 3381 2319 3467 baptismus
2347 3404 2505 3452 vero
2535 3387 2730 3451 etiam

496 3523 529 3562 «
564 3502 877 3586 parvulis,
940 3495 1109 3586 Ergo
1139 3504 1190 3567 si
1222 3501 1542 3585 parochiae
1581 3501 1807 3566 incolae
1839 3500 1925 3567 ad
1954 3501 2292 3567 ecclesiam
2327 3501 2466 3568 sine
2501 3515 2732 3584 magna

497 3637 527 3677 «
566 3613 946 3682 difficultate
994 3615 1079 3681 ad
1124 3609 1495 3700 hujusmodi
1538 3625 1944 3682 sacramenta
1995 3616 2367 3701 recipienda
2401 3624 2472 3683 et
2511 3611 2731 3682 divina

495 3757 525 3792 «
563 3719 889 3799 audienda
934 3731 1247 3798 accedere
1300 3739 1661 3817 nequeant,
1715 3735 1853 3799 sive
1899 3735 2026 3799 sint
2075 3733 2162 3800 ad
2215 3735 2728 3799 communionem

495 3873 526 3908 «
565 3843 739 3933 apti,
784 3849 924 3914 sive
972 3867 1139 3926 non,
1184 3843 1706 3914 'succurrendum
1755 3856 1854 3914 est
1898 3850 1995 3914 eis
2041 3845 2331 3914 remedio
2379 3846 2572 3933 hujus
2619 3867 2730 3912 ca-

497 3985 527 4020 «
566 3961 733 4044 pitis.
776 3984 808 4020 )›

581 4077 994 4143 Commnnior
1042 4074 1305 4143 videtur
1338 4078 1556 4160 opinio
1602 4081 1743 4162 quae
1792 4078 2069 4162 requirit.
2103 4075 2331 4143 saltem
2370 4075 2598 4142 decem
2633 4077 2728 4140 fa·

491 4193 714 4259 miliaS.
752 4191 957 4275 Quam
1001 4194 1368 4276 opinionem
1429 4194 1517 4258 sic
1555 4195 1820 4277 exponit
1867 4181 2220 4259 Leureni‘ns
2267 4192 2520 4279 (Forum
2559 4195 2728 4255 be'ne-

489 4312 711 4389 ficiale,
754 4318 940 4392 parte
978 4314 1034 4388 l,
1071 4331 1134 4395 q.
1184 4309 1328 4395 160)
1367 4332 1379 4375 :
1422 4334 1451 4370 «
1490 4309 1587 4375 Ad
1625 4311 1833 4375 minus
1868 4310 2101 4376 decem
2140 4311 2395 4374 familiis
2426 4316 2723 4373 constare

493 4453 523 4489 «
563 4427 879 4496 debet....
916 4428 997 4496 Et
1030 4427 1189 4499 iicet
1232 4425 1557 4494 Corradus
1593 4425 1769 4498 dicat
1807 4426 2103 4497 sufficere
2145 4425 2379 4495 decem
2420 4444 2724 4512 personas
