3146 4973
1291 428 1453 479 raas
1493 428 1724 477 rrum.
2530 417 2616 484 29

386 548 668 616 eruditis
689 552 947 617 omniuo
968 559 1375 636 compertum
1389 603 1404 619 .
1423 553 1555 619 Nec
1572 552 1787 620 minus
1808 560 2062 620 certum
2084 560 2208 635 est,
2230 555 2618 624 constitutos

384 674 616 750 postea
644 667 787 734 ruri
811 666 1010 734 fuisse
1029 667 1478 754 presbyteros,
1500 669 1723 755 eisque
1751 670 2137 755 assignatam
2164 689 2349 737 suam
2378 673 2615 757 cuique

386 783 862 866 regiunculam,
906 782 1095 869 cujus
1116 802 1339 851 curam
1376 785 1780 869 spiritualem
1806 792 2070 871 ageret3
2105 794 2304 872 atque
2333 806 2417 854 ex
2454 793 2615 852 tunc

386 894 761 983 hujusmodi
789 898 1221 982 regiunculas,
1256 918 1376 966 seu
1405 899 1636 984 plebes
1667 900 1734 965 in
1759 900 1854 969 eis
1878 900 2401 984 comprehensas,
2424 920 2620 986 paro-

385 1012 681 1080 chiarum
722 1015 981 1082 nomine
1028 1035 1153 1081 usu
1207 1016 1484 1083 venisse.
1537 1017 1747 1082 Porro
1786 1036 1869 1084 ex
1921 1034 2053 1104 quo
2096 1018 2439 1102 posteriori
2490 1018 2616 1084 hoc

384 1148 582 1196 sensu
611 1132 915 1217 usurpari
957 1133 1156 1217 coepit
1206 1152 1334 1199 vox
1378 1135 1690 1216 parochia,
1737 1151 1946 1218 usque
1997 1132 2085 1199 ad
2125 1152 2365 1200 anuum
2416 1136 2608 1212 1000,

382 1263 716 1331 nunquam
762 1246 1095 1331 reperitur
1147 1245 1436 1314 adhibita
1480 1246 1568 1313 ad
1612 1246 2044 1332 designandas
2079 1248 2247 1315 ullas
2279 1249 2618 1315 civitatum

384 1361 858 1445 episcopalium
873 1360 1231 1445 parochias,
1263 1362 1383 1429 sed
1414 1362 1749 1431 exclusive
1781 1364 2000 1451 (etiam
2029 1362 2293 1450 quando
2322 1363 2616 1431 absolute

376 1476 669 1563 ponitur)
715 1479 1055 1564 parochias
1100 1481 1352 1546 rurales
1384 1479 1684 1565 designat
1707 1478 1831 1568 (1);
1871 1481 1963 1549 ita
2004 1488 2084 1547 ut
2107 1483 2414 1564 parochia
2437 1479 2614 1547 idem

378 1595 642 1661 omnino
670 1596 800 1660 sint
820 1614 896 1661 ac
916 1598 1223 1679 parochia·
1253 1600 1509 1675 rurales,
1557 1615 1676 1662 seu
1708 1604 1897 1663 extra
1925 1596 2258 1664 civitatem
2284 1597 2616 1681 episcopa·

375 1708 505 1774 lem
536 1711 789 1793 positae.
826 1709 906 1776 Id
941 1731 980 1777 a
1015 1728 1085 1776 se
1120 1719 1551 1796 compertum,
1591 1711 1957 1795 pervolutis
1998 1729 2246 1777 summa
2281 1710 2614 1796 diligentia

376 1826 839 1906 monumentis,
891 1833 1174 1893 testatur
1213 1829 1452 1896 Marius
1500 1829 1746 1913 Lupus.
1802 1826 1986 1894 Idem
2015 1834 2326 1914 tanquam
2360 1834 2613 1894 certum

376 1941 583 2009 tradit
609 1941 985 2009 Sirmondus
1029 1965 1044 2009 ε
1082 1950 1457 2027 Quamquam
1493 1964 1640 2009 usus
1687 1947 1969 2025 inolevit,
2017 1952 2089 2010 ut
2121 1945 2422 2027 parochiae
2456 1962 2618 2008 mne

374 2060 523 2121 alioe
568 2063 697 2121 sint
735 2059 1003 2138 urbanae,
1043 2062 1187 2123 alioe
1223 2066 1487 2139 νικήσω,
1523 2061 1712 2123 aliter
1753 2062 1899 2123 olim
1943 2079 2042 2123 res
2085 2080 2149 2122 se
2183 2062 2436 2140 bobum·
2473 2078 2618 2123 nam

375 2179 745 2238 rusticarum
779 2180 1089 2257 proprium
1120 2177 1190 2237 id
1214 2194 1429 2239 nomen
1462 2183 1618 2252 erat,
1655 2177 1900 2256 ideoque
1920 2175 2244 2257 parochias
2267 2177 2618 2240 civitatum

375 2291 769 2371 opponebant.
810 2288 921 2375 (De
948 2292 1176 2369 Asimo,
1216 2307 1362 2372 cap.
1398 2292 1459 2368 5,
1497 2295 1662 2355 tom.
1690 2290 1729 2353 4
1758 2287 2086 2373 operum.)

466 2404 601 2470 Res
655 2410 841 2488 patet
898 2404 967 2469 in
1020 2423 1264 2471 canone
1322 2406 1403 2469 15
1456 2400 1714 2470 concilii
1763 2404 2211 2482 Atrei-nensis,
2277 2405 2425 2470 anni
2485 2407 2613 2471 535

382 2520 587 2607 (apud
603 2520 846 2599 Labbe,
869 2526 1048 2588 tomo
1064 2522 1102 2585 4
1114 2571 1130 2599 ‚
1153 2521 1450 2587 columna
1478 2524 1503 2586 1
1519 2523 1672 2600 806,
1686 2518 1845 2586 edit.
1867 2521 2130 2585 Parisiis
2151 2523 2174 2584 1
2190 2523 2272 2587 67
2286 2524 2308 2586 1
2323 2519 2373 2606 ):
2392 2526 2464 2588 Si
2479 2529 2615 2603 quis

376 2655 461 2699 ex
486 2639 858 2720 presbyteris
876 2644 984 2701 aut
1010 2640 1307 2717 diaconis,
1351 2642 1456 2718 qm·
1491 2656 1678 2718 neque
1707 2642 1776 2700 in
1803 2641 2073 2716 civitate,
2121 2656 2308 2718 neque
2341 2644 2409 2701 in
2426 2657 2616 2719 paro-

376 2753 537 2816 chiis
585 2759 902 2817 canonieus
943 2773 1070 2817 esse
1111 2756 1506 2834 diqnoseitur.
1522 2800 1537 2817 .
1552 2800 1567 2815 .
1597 2750 1696 2817 Ibi
1722 2752 1897 2817 clare
1929 2750 2248 2835 parochiae
2273 2769 2616 2835 opponun-

376 2875 496 2934 tur
532 2867 824 2953 civitati3
852 2867 1032 2954 quod
1053 2885 1322 2953 prorsus
1340 2867 1655 2933 absonum
1686 2866 1880 2945 foret,
1913 2868 1968 2932 si
1994 2867 2391 2933 exstitissent
2424 2883 2616 2950 paro-

378 2981 542 3047 chiae
575 2981 643 3045 in
687 2982 953 3048 civitate
986 2982 1357 3066 episcopali,
1403 2987 1473 3048 et
1501 2983 1555 3046 si
1584 2999 1708 3066 per
1737 2981 2191 3065 parochiarum
2219 2981 2614 3048 vocabulum

378 3096 565 3164 aliud
588 3096 864 3180 intelligi
882 3097 1199 3181 potuisset
1222 3113 1414 3183 quam
1436 3095 1754 3182 parochiae
1775 3095 2048 3173 rurales,
2078 3102 2265 3162 extra
2282 3095 2612 3161 civitatem

378 3213 766 3280 existentes,

471 3329 644 3394 Item
691 3326 1032 3393 concilium
1077 3327 1442 3412 Agathense
1517 3327 1672 3392 anni
1751 3328 1879 3392 506
1903 3373 1920 3405 ,
1992 3343 2237 3391 canone
2279 3327 2355 3390 21
2416 3325 2615 3412 (apud

380 3434 631 3514 Labbe‚
687 3442 869 3503 tomo
912 3435 978 3514 4,
1019 3435 1317 3500 columna
1369 3436 1581 3512 1386,
1641 3431 1802 3499 edit.
1847 3431 2107 3499 Parisiis
2151 3429 2384 3517 1671),
2438 3439 2617 3515 post-

380 3570 582 3637 quam
618 3553 910 3635 permisit
958 3552 1134 3617 viros
1170 3549 1421 3617 nobiles
1465 3558 1650 3616 extra
1701 3549 2034 3615 civitatem
2077 3547 2510 3633 episcopalem
2547 3549 2615 3612 in

380 3668 517 3732 suis
543 3666 719 3733 villis
743 3666 1031 3732 oratoria
1057 3664 1325 3745 habere,
1361 3664 1584 3750 ibique
1623 3665 1831 3729 missae
1865 3664 2186 3741 assistere,
2215 3681 2300 3729 ne
2345 3667 2616 3746 cogatur

383 3800 617 3848 eorum
652 3780 895 3848 familia
917 3799 1067 3846 cum
1087 3780 1286 3845 nimia
1312 3777 1779 3863 defatigatione
1805 3777 1989 3845 adire
2017 3776 2352 3862 parochias
2386 3783 2454 3841 in
2488 3783 2618 3859 qui-

384 3898 495 3960 bus
536 3899 843 3978 leqitimus
888 3903 980 3960 est
1024 3898 1343 3960 ordinatus
1391 3901 1732 3972 conventus,
1774 3891 1858 3958 ab
1912 3891 2037 3958 hoc
2088 3890 2347 3959 indulto
2376 3893 2617 3975 excipit

383 4012 750 4096 praecipuas
770 4012 920 4077 anni
944 4011 1337 4077 festivitates
1364 4009 1487 4076 hoc
1511 4008 1708 4075 modo
1742 4030 1758 4074 τ
1785 4009 2021 4074 Pascha
2051 4029 2215 4088 vero,
2253 4010 2473 4073 Natate
2494 4012 2618 4072 Do-

385 4133 562 4207 mini,
601 4128 1032 4213 Epiphamhm,
1069 4130 1504 4207 Anemonem,
1539 4133 1602 4190 et
1639 4131 1694 4189 εἰ
1717 4131 1823 4207 qui
1847 4129 2109 4189 maximi
2133 4127 2264 4189 dies
2290 4130 2360 4188 in
2381 4126 2620 4204 festivo·-

461 4398 533 4462 (l)
569 4395 865 4462 Excipiendae
889 4403 1068 4449 tantum
1096 4395 1349 4450 divisiones
1375 4413 1459 4464 per
1486 4397 1648 4450 titulos
1675 4398 1833 4448 Romae
1861 4396 2009 4459 sactae,
2033 4408 2151 4462 quas
2176 4395 2502 4460 parochiarum
2530 4407 2617 4444 uo-

393 4495 517 4544 mine
543 4501 800 4544 memorant
825 4494 970 4557 aliqui
997 4493 1233 4545 inferioris
1250 4495 1335 4544 aevi
1362 4495 1634 4558 scriptores.
