3146 4973
703 375 831 437 228
1379 387 1759 436 raam-uus
1804 388 1893 436 ns
1936 386 2266 436 maocuo.

653 539 666 551 ·
703 536 738 573 a
770 511 1000 579 affecte
1048 528 1168 596 par
1211 512 1273 577 le
1325 508 1504 578 droit
1548 515 1588 577 a
1625 529 1716 577 un
1750 513 1936 588 titre,
1984 510 2144 575 mais
2193 509 2305 593 qni
2344 517 2447 575 est
2477 509 2687 577 confle
2719 528 2838 594 par
2869 511 2933 576 le

703 648 736 686 «
775 627 1116 710 superieur
1144 630 1183 692 a
1215 646 1346 692 nne
1377 629 1667 692 certaine
1693 644 2059 710 personne3
2108 624 2280 690 celui
2307 623 2470 691 dont
2495 624 2828 692 l'etendue
2865 635 2937 692 et

704 763 737 802 α
765 741 828 806 la
859 740 1065 809 duree
1106 739 1490 826 dependent
1515 740 1602 805 de
1635 740 1697 805 la
1725 741 1991 807 volonte
2025 738 2110 806 de
2141 738 2315 805 celui
2349 739 2461 823 qui
2489 739 2554 805 le
2584 740 2876 807 confere.
2894 762 2930 802 »

791 859 859 920 2⁰
904 858 1153 923 Iterum
1197 855 1620 939 distinguitur
1659 854 2027 939 jurisdictio
2060 858 2186 935 fori
2218 861 2461 918 externi
2504 873 2621 920 seu
2668 857 2935 940 proprie

697 971 893 1052 dicta,
939 979 1007 1038 et
1031 976 1157 1053 fori
1182 977 1410 1035 interni
1439 990 1557 1036 seu
1584 970 2052 1054 poenitentialis
2098 991 2112 1035 :
2155 989 2430 1055 quarum
2462 970 2932 1037 denominatio·

691 1107 852 1154 num
879 1105 1107 1154 sensus
1138 1088 1297 1153 satis
1333 1107 1417 1153 ex
1446 1094 1645 1154 antea
1678 1085 1872 1151 dictis
1899 1093 2112 1169 patet.

782 1207 881 1270 De
921 1202 1221 1286 parochis
1259 1220 1418 1286 ergo
1449 1200 1959 1285 expendendum
2000 1201 2181 1267 venit
2219 1194 2444 1266 utrum
2496 1203 2755 1268 externi
2797 1202 2929 1267 fori

685 1317 1205 1403 jurisdictionem
1241 1316 1545 1394 habeant,
1583 1336 1667 1382 an
1711 1334 1867 1383 vero
1911 1314 2257 1382 dumtaxat
2294 1317 2563 1396 interni,
2598 1326 2673 1384 et
2710 1338 2793 1383 an
2829 1337 2932 1385 or-

687 1432 1005 1499 dinariam
1037 1431 1146 1499 vel
1183 1431 1587 1516 delegatam.

775 1550 1173 1614 Pnoposnm
1197 1549 1283 1612 1⁸.
1313 1584 1403 1595 —
1424 1549 1720 1611 Parochis
1740 1552 2023 1627 competit
2054 1553 2282 1610 interni
2320 1550 2647 1610 dumtaaeat
2668 1550 2797 1627 fori
2823 1553 2927 1629 ju-

685 1666 985 1727 risdictio.
1014 1700 1106 1712 —
1126 1664 1189 1726 1⁰
1209 1663 1373 1745 Ipsis
1391 1677 1525 1727 non
1547 1669 1924 1746 competere
1950 1661 2078 1727 fori
2100 1662 2358 1728 externi
2372 1660 2917 1746 jurisdictionem,

684 1797 881 1863 supra
911 1778 1054 1844 fuse
1082 1778 1526 1862 probavimus.
1585 1782 1654 1843 2⁰
1700 1778 1893 1860 Quod
1941 1786 2165 1844 autem
2207 1777 2335 1843 fori
2384 1779 2625 1844 interni
2657 1777 2925 1862 jurisdi-

684 1897 900 1960 ctione
949 1894 1260 1979 polleant,
1299 1894 1620 1975 probatur
1655 1901 1855 1974 primo
1889 1914 1973 1961 ex
1998 1897 2137 1977 ipsa
2169 1893 2586 1977 parochiatus
2616 1896 2918 1973 essentia,

685 2027 801 2075 seu
848 2029 933 2075 ex
980 2016 1214 2074 natura
1255 2009 1638 2091 parochialis
1670 2007 1862 2074 officii
1908 2031 1923 2075 :
1962 2027 2113 2075 nam
2145 2028 2345 2093 supra
2383 2007 2805 2092 probavimus
2834 2009 2923 2076 ad

685 2125 1031 2191 essentiam
1086 2122 1502 2209 parochiatus
1550 2125 1908 2207 pertinere,
1963 2131 2040 2188 ut
2084 2125 2168 2189 sit
2219 2125 2482 2203 officium
2524 2129 2924 2188 ministrandi

683 2246 1093 2318 sacramenta;
1130 2257 1286 2321 ergo
1328 2239 1740 2322 parochiatus
1788 2246 1922 2317 est,
1967 2245 2037 2304 et
2076 2238 2344 2324 quidem
2391 2241 2753 2323 praecipue,
2793 2239 2923 2303 offl-

686 2357 857 2418 cium
914 2353 1321 2419 ministrandi
1368 2353 1771 2436 poenitentiae
1834 2359 2337 2419 sacramentum.
2403 2353 2533 2419 Sed
2597 2362 2921 2438 repugnat

685 2470 898 2534 teneri
970 2489 1054 2533 ex
1139 2466 1344 2535 officio
1408 2466 1765 2551 parochum
1835 2467 1921 2535 ad
1986 2468 2358 2555 hujusmodi
2419 2467 2918 2535 ministrandum

683 2592 1163 2650 sacramentum
1189 2631 1205 2660 ,
1271 2584 1389 2648 nisi
1464 2584 1595 2648 fori
1681 2585 2149 2667 poenitentialis
2235 2585 2746 2670 jurisdictionem
2806 2586 2923 2650 ha·

685 2697 873 2783 beat3
945 2715 1101 2782 ergo
1180 2700 1304 2765 hoc
1372 2700 1510 2782 ipso
1582 2697 1762 2784 quod
1836 2701 1979 2784 quis
2053 2701 2470 2765 constituitur
2543 2700 2869 2784 parochus
2893 2748 2912 2779 ,

681 2814 1049 2878 necessario
1074 2821 1146 2878 et
1169 2813 1694 2896 inseparabiliter
1736 2814 1798 2877 ei
1834 2813 2176 2879 confertur
2217 2813 2437 2902 (modo
2462 2823 2683 2881 tamen
2713 2833 2917 2897 capax

682 3063 902 3126 capax.
951 3044 1112 3109 Nam
1157 3044 1214 3107 si
1261 3045 1702 3109 constituatur
1738 3042 2060 3126 parochus
2090 3043 2382 3110 nondum
2418 3044 2745 3123 sacerdos,
2786 3065 2917 3111 non

684 3161 929 3241 poterit
970 3157 1235 3244 quidem
1267 3157 1484 3225 valide
1513 3160 1583 3222 in
1622 3158 1768 3226 foro
1798 3158 2231 3242 poenitentiali
2265 3159 2637 3244 absolvere3
2690 3159 2812 3226 sed
2847 3157 2920 3226 id

685 3275 1017 3358 continget
1067 3281 1319 3339 tantum
1369 3282 1645 3357 propter
1679 3274 1959 3339 abicem.
2014 3273 2423 3359 Caeteroquin
2479 3276 2599 3340 nisi
2626 3275 2919 3342 obmret

683 3388 1067 3466 inhabilitas,
1101 3390 1167 3454 vi
1196 3390 1395 3454 solius
1426 3387 1621 3454 officii
1659 3387 2182 3473 jurisdictionem
2212 3387 2513 3455 haberet.
2557 3390 2641 3456 Bt
2679 3408 2916 3457 revera

686 3523 766 3568 eo
785 3505 926 3587 ipso
960 3511 1289 3568 momento
1326 3521 1456 3588 quo
1491 3503 1640 3568 talis
1667 3504 1991 3586 parochus
2026 3502 2369 3570 ordinatus
2400 3512 2503 3570 est
2531 3504 2908 3589 presbyter,

682 3616 1105 3703 parochianos
1129 3636 1280 3683 suos
1315 3616 1661 3683 absolvere
1688 3626 1932 3702 potest,
1959 3620 2117 3704 quin
2148 3620 2282 3686 ulla
2308 3638 2480 3686 nova
2501 3619 2779 3686 facultas
2793 3623 2915 3704 ipsi

683 3732 1083 3798 conferatur.
1134 3732 1464 3799 Probatur
1506 3736 1762 3798 secundo
1791 3753 1874 3799 ex
1905 3735 2230 3799 communi
2274 3732 2619 3801 doctorum
2655 3742 2917 3800 senten-

681 3851 795 3925 tia,
853 3845 1277 3912 dissentiente
1319 3847 1536 3931 nullo;
1594 3855 1664 3913 et
1716 3867 1800 3914 ex
1836 3848 2137 3915 Ecclesiae
2189 3851 2542 3916 universali
2591 3851 2800 3934 praxi,
2845 3847 2918 3916 id

682 3970 987 4048 tanquam
1017 3969 1273 4028 certum
1303 3971 1740 4047 supponente.
1788 3965 1865 4027 In
1917 3981 2048 4048 quo
2099 3962 2474 4031 evolvendo
2516 3965 2690 4051 (cum
2726 3972 2917 4031 extra

679 4080 1189 4145 controversiam
1221 4076 1328 4162 sit)
1369 4076 1618 4144 diutius
1644 4080 1977 4145 immorari
2011 4098 2573 4163 supervacaneum
2605 4080 2803 4148 foret.

769 4197 1166 4262 Pnoposmo
1211 4195 1324 4259 Π·.
1360 4231 1452 4243 -
1470 4197 1779 4258 Praedicta
1814 4197 2211 4274 parvolam-mn
2235 4200 2593 4278 jurisdictio
2628 4205 2721 4260 est
2746 4199 2918 4261 ordi-

675 4319 879 4376 naria.
913 4346 1008 4360 -—-
1028 4312 1191 4376 Nam
1220 4307 1551 4375 ordinaria
1582 4317 1684 4374 est
1712 4309 1819 4374 illa
1852 4308 2237 4393 jurisdictio,
2276 4330 2420 4396 quae
2451 4312 2644 4379 titulo
2674 4331 2797 4378 seu
2824 4311 2919 4376 of·

677 4428 825 4497 ficio
863 4426 1160 4502 inhaeret,
1209 4431 1279 4490 et
1319 4425 1383 4490 vi
1430 4424 1598 4509 juris
1632 4426 1993 4491 communis
2030 4426 2221 4493 simul
2252 4445 2403 4493 cum
2430 4428 2625 4494 titulo
2655 4426 2919 4494 confer-
