3146 4973
540 348 669 410 412
1215 361 1592 409 Tamarus
1638 362 1725 408 ns
1770 359 2097 409 rnocno.

543 510 574 546 «
613 488 816 570 possit
845 489 1146 553 exerceri
1193 505 1303 567 per
1342 491 1600 550 vicarios
1646 488 2017 566 αιηουίῠὶἰοε,
2068 494 2145 552 ut
2189 488 2406 554 tenuit
2450 488 2771 572 glossa...,

544 626 576 663 «
612 602 936 680 Abbas...,
976 603 1287 680 Imola...,
1345 603 1619 680 Rota...,
1656 609 1806 686 post
1848 601 2220 681 Rebuffum,
2264 604 2582 681 Garoiam‚
2625 604 2783 671 Azo-

543 742 576 777 «
617 718 811 792 rium,
845 718 1274 794 Hostiensem,
1310 715 1790 794 Ancharannm,
1836 723 1903 781 et
1940 716 2125 795 alios,
2173 717 2239 782 in
2268 721 2598 801 praeterita
2639 718 2781 803 (de-

544 860 574 894 «
618 832 877 918 cisione)
923 834 1307 899 cumulatos.

632 973 664 1008 «
700 949 951 1031 Quibus
983 967 1136 1014 sane
1178 968 1301 1015 nec
1345 956 1569 1014 textus
1620 949 1685 1012 in
1724 951 1935 1031 capite
1970 952 2179 1028 Unico,
2214 954 2290 1013 cle
2320 955 2626 1033 cappellis
2657 974 2783 1017 mo-

545 1088 575 1124 «
611 1066 932 1129 nachorem
951 1115 970 1143 ‚
1031 1083 1150 1130 nec
1222 1071 1448 1131 textus
1506 1065 1756 1130 concilii
1816 1063 2174 1130 Tridentini
2234 1065 2321 1150 (in
2386 1066 2598 1149 capite
2670 1071 2777 1145 13,

549 1206 582 1242 α
618 1200 774 1248 sess.
810 1179 945 1264 24),
985 1200 1105 1266 pro
1149 1181 1591 1265 perpetuitate
1631 1187 2016 1247 curatorum
2046 1180 2338 1259 adducti,
2379 1193 2772 1267 repugnant.

543 1322 572 1358 α
618 1299 779 1364 Nam
828 1294 1045 1381 quoad
1100 1302 1353 1361 textum
1408 1297 1473 1359 in
1525 1298 1740 1379 capite
1776 1301 1983 1376 Unico,
2022 1296 2334 1361 satisfacit
2370 1296 2616 1365 decisio
2661 1301 2783 1365 Ca-

545 1438 575 1474 «
616 1414 765 1479 valli
793 1415 947 1490 350,
973 1432 1042 1476 n.
1071 1414 1137 1488 4,
1172 1417 1241 1477 et
1270 1413 1425 1488 389,
1471 1431 1537 1475 n.
1571 1416 1637 1476 3.
1668 1410 1766 1476 Ad
1795 1419 2052 1478 textum
2092 1431 2251 1478 vero
2289 1414 2541 1479 concilii
2588 1416 2780 1498 plene

542 1552 573 1587 «
608 1526 784 1593 dicta
810 1525 1094 1592 secunda
1140 1525 1386 1591 decisio
1423 1527 1476 1612 (5
1514 1531 1697 1590 Circa
1739 1526 2111 1610 secundum),
2151 1547 2301 1592 cum
2351 1529 2651 1611 pluribus
2685 1550 2785 1595 se·

550 1665 581 1700 «
615 1641 969 1726 quentibus
994 1662 1009 1724 3
1045 1658 1188 1725 quae
1212 1640 1667 1723 responsiones
1690 1639 2030 1706 brevitatis
2055 1661 2249 1707 causa
2281 1643 2699 1709 omittuntur.

636 1780 665 1814 «
707 1755 1077 1821 Praesertim
1111 1773 1260 1820 cum
1296 1753 1491 1821 hodie
1526 1756 1737 1820 curati
1761 1755 2241 1841 (HispalenSes)‚
2285 1758 2483 1823 tacite
2505 1758 2782 1824 admissa

546 1895 576 1930 «
614 1869 1024 1937 conclusione
1052 1871 1223 1935 circa
1251 1869 1811 1948 amovibilitatem,
1846 1869 1934 1936 ad
1969 1869 2102 1937 duo
2132 1873 2537 1955 potissimum
2564 1893 2783 1939 recur-

545 2010 577 2047 «
621 2006 771 2053 rere
809 1985 1028 2053 denuo
1056 1985 1440 2051 viderentur
1486 2009 1499 2050 ε
1533 2005 1769 2070 nempe
1801 1986 1886 2053 ad
1913 1987 2102 2065 illud,
2144 1988 2326 2073 quod
2356 1991 2630 2055 remotio
2657 1991 2783 2056 sal-

546 2126 577 2160 «
616 2110 747 2168 tem
789 2101 936 2167 fieri
980 2121 1105 2168 non
1156 2102 1361 2185 possit
1406 2108 1536 2166 sine
1576 2122 1788 2181 causa;
1818 2103 2017 2167 innixi
2048 2103 2455 2186 potissimum
2489 2103 2783 2172 declara-

546 2243 576 2278 «
618 2219 794 2284 tione
828 2219 1035 2283 Sacrae
1066 2217 1597 2301 congregationis
1647 2217 1918 2284 Concilii
1968 2219 2056 2304 (in
2103 2239 2231 2284 una
2268 2226 2646 2286 1⁴'errariemi
2694 2221 2783 2287 de

546 2358 577 2396 «
620 2354 787 2400 anno
838 2331 1062 2417 1629),
1115 2351 1310 2418 quam
1347 2333 1546 2399 solam
1596 2333 1790 2399 hodie
1822 2334 1908 2400 de
1945 2354 2117 2400 novo
2169 2334 2531 2403 afferebant
2566 2360 2580 2402 ε
2625 2337 2783 2404 alte·

547 2478 574 2509 α
614 2469 783 2529 rum,
814 2449 994 2536 quod
1028 2450 1096 2515 in
1125 2450 1430 2534 praesenti
1463 2468 1613 2516 casu
1654 2452 1932 2518 remotio
1962 2451 2137 2518 sacta
2173 2453 2377 2519 fuerit
2406 2475 2485 2517 ex
2510 2457 2647 2519 odio
2674 2454 2783 2520 vel

549 2591 579 2627 «
622 2565 1065 2650 indignatione
1106 2588 1119 2629 ε
1163 2565 1281 2631 sed
1319 2573 1627 2630 neutrum
1668 2566 1966 2632 relevare
2007 2568 2213 2632 visum
2250 2575 2374 2633 est.

635 2709 665 2742 ιι
708 2686 962 2750 Etenim
993 2681 1173 2769 quod
1207 2682 1432 2749 vicarii
1469 2683 1853 2749 amovibiles
1900 2685 1967 2748 in
1994 2685 2235 2749 curatis
2288 2687 2614 2750 removeri
2643 2705 2784 2768 pos-

547 2825 576 2859 «
612 2802 741 2865 sint
776 2798 859 2865 ad
884 2807 1139 2877 nutum,
1169 2800 1366 2865 etiam
1400 2804 1617 2881 absque
1633 2820 1837 2879 cau-sa,
1874 2800 2220 2865 firmarunt
2243 2800 2505 2866 Domini
2524 2801 2591 2865 in
2622 2819 2783 2885 prae·

546 2938 576 2974 «
617 2916 812 2980 terita
843 2914 1260 2981 decisione...
1290 2913 1741 3000 Proedictaque
1770 2915 2093 2981 conclusio
2135 2915 2440 2982 roborata
2468 2916 2616 2994 fuit,
2653 2937 2782 2982 non

546 3053 576 3088 «
619 3032 822 3096 solum
880 3029 1261 3109 rationibnS,
1298 3030 1536 3116 quihus
1588 3050 1760 3095 nunc
1812 3029 1967 3096 nihil
2019 3048 2140 3114 pro
2172 3037 2357 3113 parte
2401 3039 2779 3097 curatorum

545 3170 574 3205 α
622 3146 1133 3232 (Hispalensium)
1169 3147 1629 3231 respondetur,
1665 3146 1783 3213 sed
1813 3148 2009 3212 etiam
2053 3140 2441 3212 auctoritate
2476 3145 2771 3231 ejusdem

543 3288 573 3322 «
609 3265 816 3329 Sacroe
866 3264 1398 3348 congregationis
1428 3263 1719 3339 Concilii,
1756 3264 1823 3327 in
1846 3283 1972 3327 una
2024 3267 2372 3326 civitatensi
2418 3261 2623 3327 relata
2654 3280 2772 3344 per

545 3404 575 3441 «
615 3381 911 3447 Gai-ciam
954 3381 1166 3467 (parte
1208 3385 1265 3457 l,
1297 3399 1354 3445 c.
1380 3384 1444 3457 2,
1482 3382 1593 3457 94,
1636 3387 1701 3443 in
1730 3377 1990 3464 addit.);
2024 3380 2092 3444 in
2122 3397 2250 3464 qua
2280 3396 2585 3463 expresse
2622 3397 2774 3444 cen-

543 3520 572 3556 «
608 3497 758 3575 suit,
798 3496 1096 3572 vicarios»,
1159 3515 1197 3559 a
1238 3496 1526 3578 capitulo
1582 3494 1666 3560 ad
1726 3494 2109 3560 exercitium
2171 3514 2342 3560 curae
2388 3492 2761 3577 deputatos,

544 3636 575 3672 «
611 3611 937 3678 removeri
973 3629 1161 3693 posse
1207 3615 1292 3673 ad
1331 3618 1544 3674 nutum
1592 3611 1793 3693 ipsius
1822 3609 2113 3694 capituli,
2161 3610 2243 3675 ab
2268 3607 2599 3676 ordinario
2635 3630 2772 3673 vero

544 3751 575 3786 «
611 3727 733 3791 nisi
788 3746 872 3792 ex
916 3745 1134 3791 causa.
1178 3725 1619 3791 Ponderando
1668 3727 1866 3809 igitur
1895 3727 2173 3792 verbum
2225 3730 2309 3790 ad
2354 3735 2590 3804 nutum,
2627 3745 2769 3810 quae

544 3865 575 3900 «
612 3842 883 3906 liberam
927 3840 1326 3907 voluntatem
1365 3842 1698 3925 importat,
1745 3848 1814 3906 et
1860 3840 2208 3906 dictionem
2266 3861 2426 3918 vere,
2485 3858 2627 3925 quae
2674 3848 2775 3905 est

542 3982 573 4017 «
618 3956 1063 4035 adversativa,
1109 3959 1472 4024 necessario
1517 3959 1762 4035 innuit,
1810 3957 2164 4039 capitulum
2210 3956 2536 4040 deputans
2590 3975 2773 4041 posse

543 4098 573 4134 «
614 4094 955 4142 removere
979 4082 1108 4139 sine
1138 4095 1343 4138 causa.

633 4215 664 4251 «
707 4193 847 4257 Non
884 4191 1105 4257 obstat
1153 4199 1372 4258 autem
1406 4191 1676 4276 allegata
1709 4193 1920 4257 Sacrae
1951 4189 2478 4275 Congregationis
2506 4189 2769 4254 Concilii

545 4331 575 4367 «
619 4305 975 4373 declaratio
1026 4306 1089 4369 in
1137 4305 1308 4373 dicta
1358 4313 1759 4372 Fert-ariensi.
1799 4309 1957 4373 Nam
2015 4308 2174 4373 licet
2215 4309 2281 4372 in
2328 4326 2405 4372 ea
2446 4308 2771 4371 censuerit

542 4449 572 4484 «
611 4423 1021 4507 cappellanus
1061 4423 1440 4504 amovibiles
1477 4425 1807 4491 removeri
1848 4443 1976 4489 non
2023 4442 2210 4507 posse
2250 4429 2377 4488 sine
2413 4442 2614 4495 causa,
2646 4440 2773 4486 non
