3146 4973
540 359 665 420 438
1214 369 1586 417 raam-arus
1635 369 1721 416 m:
1766 369 2089 418 panocuo.

545 524 572 556 t<
607 496 983 562 rochialium
1026 496 1281 561 noviter
1325 501 1717 572 erectarum,
1766 494 1910 577 cogi
1952 494 2151 578 possit
2197 496 2474 577 populus
2523 513 2597 560 ea
2635 496 2785 560 suh

541 637 574 674 «
608 615 993 687 ministrare,
1054 629 1195 695 quae
1238 609 1556 674 sufficiant
1596 609 1681 675 ad
1722 612 1921 675 vitam
1976 610 2300 677 dictorum
2347 609 2784 677 sacerdotum

544 748 576 786 α
612 722 1120 790 sustentandam.
1167 749 1198 782 »
1254 723 1577 788 Caeterum
1637 723 1724 787 ita
1776 721 2067 787 decisum
2125 724 2326 788 fuisse
2377 725 2439 786 in
2484 723 2787 806 quadam

539 860 728 906 causa
751 843 1042 904 Theatma
1061 840 1271 904 refert
1303 841 1640 922 Fagnanus
1668 839 1752 924 (in
1777 845 1971 920 caput
1991 843 2064 902 cle
2084 841 2427 902 Hector-ibus
2446 841 2509 914 3,
2545 842 2619 902 de
2638 841 2792 902 Cres

539 966 661 1020 rico
699 965 1046 1039 oeyrotante,
1102 977 1166 1019 n.
1212 954 1341 1038 13).
1398 957 1478 1019 Et
1516 975 1657 1022 esse
1687 974 2099 1021 communem
2136 953 2479 1019 doctorum
2520 963 2794 1019 senten-

541 1074 713 1148 tiam,
739 1071 889 1136 vide
923 1069 1099 1154 apud
1136 1071 1530 1146 Ferrarium,
1566 1072 1710 1136 loco
1744 1072 1963 1135 citato.

630 1191 704 1249 V.
754 1186 944 1269 Quod
998 1195 1218 1251 autem
1262 1184 1345 1251 ad
1389 1187 1779 1268 Episcopum
1828 1190 2156 1270 pertineat
2187 1187 2581 1271 coadjutoris
2618 1208 2794 1251 con-

537 1325 764 1387 gruam
795 1315 1037 1380 taxare,
1076 1313 1262 1369 extra
1292 1322 1551 1368 omnem
1578 1306 2087 1369 controversiam
2113 1312 2233 1369 est.

629 1424 738 1486 VI.
771 1422 867 1486 Ab
907 1441 983 1484 ea
1023 1421 1347 1485 taxatione
1395 1439 1524 1483 non
1563 1421 1805 1501 poterit
1846 1422 2178 1504 appellare
2213 1420 2428 1506 quoad
2464 1422 2789 1487 effectum

537 1539 989 1618 suspensivum
1023 1536 1345 1618 parochus
1383 1537 1515 1612 ille,
1557 1536 1662 1599 eui
1698 1534 1893 1602 datur
1931 1536 2275 1620 coadjutor
2304 1547 2552 1619 propter
2592 1545 2798 1619 impe-

542 1658 773 1714 ritiam.
830 1651 1159 1734 Siquidem
1194 1652 1254 1712 in
1294 1649 1565 1715 decreto
1618 1650 1998 1716 Tridentino
2043 1652 2220 1736 (sess.
2260 1656 2329 1715 21
2353 1700 2367 1729 ,
2406 1672 2465 1715 c.
2504 1651 2567 1733 6)
2604 1650 2796 1716 hune

540 1787 759 1833 casum
791 1768 1205 1849 respiciente,
1256 1769 1606 1850 apponitur
1639 1767 1945 1843 clausula,
1990 1789 2349 1849 quacumque
2378 1772 2799 1850 appellatione

543 1891 767 1946 remota
806 1904 826 1944 .·
866 1883 1102 1966 quibus
1153 1882 1369 1947 verbis
1407 1883 1661 1948 tollitur
1702 1884 2075 1966 appellatio,
2114 1902 2241 1948 non
2275 1883 2539 1968 quidem
2578 1882 2798 1948 devo-

543 1999 769 2075 lutiva,
809 1997 924 2063 sed
956 1999 1353 2080 suspensiva,
1395 2003 1466 2060 ut
1498 1997 1651 2061 alibi
1674 1997 1973 2062 diximus.

637 2115 775 2178 vn.
813 2112 1088 2193 Quando
1130 2121 1353 2178 antem
1396 2114 1480 2178 ob
1511 2114 1663 2178 alias
1699 2133 1925 2179 causas
1962 2117 2298 2180 canonicas
2345 2116 2540 2180 datur
2589 2115 2799 2179 coad-

543 2231 747 2315 jutor,
807 2249 932 2292 non
994 2231 1329 2312 reperitur
1377 2232 1669 2315 apposita
1720 2231 1827 2295 illa
1881 2232 2189 2295 clausula.
2247 2230 2433 2296 Unde
2484 2229 2788 2306 videtur,

554 2362 734 2427 posse
771 2352 929 2407 tunc
961 2343 1310 2425 parochum
1354 2345 1573 2430 quoad
1622 2354 1972 2430 utrumque
2026 2346 2329 2411 effectum
2379 2346 2711 2430 appellare
2752 2368 2796 2410 a

551 2462 872 2527 taxatione
921 2478 1243 2544 congruae,
1279 2461 1645 2547 coadjutori
1689 2465 2043 2544 assignatae,
2074 2465 2123 2526 si
2171 2464 2303 2527 haec
2346 2465 2640 2547 pinguior
2678 2463 2789 2539 sit,

557 2587 622 2642 et
656 2579 775 2660 ipsi
804 2579 950 2661 plus
977 2598 1161 2664 aequo
1193 2578 1602 2661 praejudicet.

1464 2864 1729 2927 CAPUT
1775 2867 1875 2927 vl.

648 3134 812 3190 QUID
851 3134 1088 3191 Possm
1129 3135 1210 3179 ET
1244 3135 1334 3181 AD
1369 3134 1533 3193 QUID
1573 3124 1919 3179 TENEATUR
1959 3132 2340 3180 GOADJUTOR
2390 3124 2697 3179 Panocffl.

661 3380 711 3442 Ι.
762 3381 924 3444 Cum
970 3379 1119 3444 ideo
1158 3378 1521 3462 deputetur
1558 3382 1900 3466 coadjutor
1944 3391 2013 3448 ut
2055 3381 2335 3465 parocho
2376 3383 2441 3445 in
2476 3381 2802 3449 obeundis

567 3494 796 3559 muniis
843 3494 1323 3576 parochialibus
1368 3499 1675 3579 supplere
1722 3499 1953 3581 possit,
1992 3518 2075 3563 ex
2124 3500 2295 3563 facto
2346 3498 2485 3580 ipso
2523 3498 2799 3581 deputa-

567 3610 777 3685 tioniS,
809 3607 1133 3672 censenda
1173 3616 1273 3673 est
1315 3609 1545 3675 collata
1583 3613 1705 3694 ipsi
1741 3611 2103 3696 jurisdictio
2140 3613 2268 3678 fori
2308 3614 2792 3697 poenitentialis

565 3728 729 3788 Item
768 3723 1090 3788 censenda
1138 3733 1233 3790 est
1275 3725 1443 3790 faeta
1487 3726 1579 3791 illi
1619 3727 1974 3811 delegatio,
2011 3738 2083 3794 ut
2128 3728 2336 3795 valide
2376 3730 2800 3795 matrimoniis

563 3844 861 3905 assistere
897 3843 1118 3924 possit.

655 3960 734 4022 11.
778 3958 839 4021 Si
881 3959 1200 4041 parochus
1232 3965 1498 4026 omuino
1547 3960 1844 4026 inhabilis
1889 3964 2167 4027 evaserit
2212 3963 2420 4047 (verbi
2471 3964 2697 4045 gratia,
2744 3966 2796 4027 si

567 4094 749 4139 usum
787 4076 1051 4139 rationis
1095 4074 1429 4159 amiserit),
1473 4075 1553 4141 ad
1602 4076 2045 4160 coadjutorem
2094 4078 2379 4159 pertinet
2431 4077 2795 4160 parochiam

564 4208 816 4275 regere,
855 4192 1126 4275 perinde
1152 4213 1223 4256 ac
1260 4194 1311 4257 si
1341 4195 1480 4275 ipse
1507 4193 1829 4276 parochus
1855 4201 2049 4259 esset.

651 4308 764 4371 llI.
802 4308 1038 4392 Nequit
1063 4308 1404 4391 coadjutor
1442 4328 1518 4373 ea
1555 4311 1769 4373 munia
1794 4309 2002 4387 obire,
2031 4328 2171 4392 quae
2205 4308 2552 4391 coadjutus
2582 4318 2796 4391 potest

563 4430 626 4485 et
657 4423 794 4485 vult
816 4442 936 4503 per
971 4423 1273 4504 seipsum
1314 4421 1608 4505 explere.
