3146 4973
1221 400 1379 450 raas
1424 402 1651 449 rama,
2464 389 2549 451 45

404 525 522 590 His
541 526 937 608 praenotatis,
975 524 1163 591 facile
1197 534 1297 592 est
1328 524 1770 593 determinare
1822 524 2010 610 cujus
2053 533 2302 593 naturoe
2347 526 2551 594 fuerit

312 638 731 722 septuaginta
781 634 1063 705 duorum
1116 635 1586 721 discipulorum
1638 638 1975 716 institutio,
2008 645 2078 704 et
2131 638 2288 724 quid
2337 638 2423 706 de
2474 659 2552 706 ea

313 758 627 838 tanquam
657 761 915 820 certum
943 757 1143 820 asseri
1174 762 1394 840 queat.

414 872 481 933 1⁰
520 870 671 935 Fuit
719 877 903 937 certe
950 890 1029 937 ea
1068 871 1392 937 institutio
1428 870 1671 949 divina,
1716 867 2034 956 siquidem
2072 869 2366 937 Christus
2412 872 2553 955 ipse

317 983 676 1070 discipulos
701 986 849 1052 illos
879 985 1243 1072 designavit
1274 995 1343 1053 et
1370 987 1563 1052 misit.

410 1103 482 1165 2⁰
534 1101 625 1165 Ea
662 1101 982 1168 institutio
1012 1120 1145 1166 non
1188 1101 1316 1166 fuit
1343 1106 1687 1185 perpetua,
1737 1099 1857 1167 sed
1885 1102 2311 1186 temporaria3
2351 1101 2441 1168 ita
2479 1108 2553 1167 ut

318 1219 540 1284 missio
566 1220 786 1304 potius
815 1238 1009 1306 quam
1050 1219 1370 1285 institutio
1398 1218 1678 1285 dicenda
1702 1220 1805 1285 sit.
1853 1220 1995 1287 Non
2041 1221 2216 1286 enim
2245 1219 2557 1286 dicuntur

318 1335 501 1400 missi
530 1333 618 1400 ad
646 1334 847 1414 aliud,
895 1354 1090 1421 quam
1141 1341 1217 1399 ut
1258 1335 1723 1400 annuntiarent
1765 1335 1836 1398 in
1872 1335 2241 1400 civitatibus
2298 1342 2370 1401 et
2417 1334 2556 1401 aliis

318 1450 481 1517 locis
507 1447 760 1530 Judeae,
796 1469 928 1536 quo
965 1451 1257 1516 Christus
1309 1456 1636 1519 venturus
1668 1458 1830 1528 erat,
1868 1450 2236 1534 proximum
2272 1449 2415 1536 ejus
2449 1469 2556 1515 ac-

322 1585 616 1649 cessum3
655 1572 851 1652 atque
903 1574 980 1632 ut
1017 1564 1106 1631 ibi
1145 1564 1465 1643 dicerent,
1508 1566 2033 1651 appropinquare
2083 1584 2356 1649 regnum
2399 1567 2546 1632 Dei.

322 1681 713 1749 Praedicatio
727 1688 948 1749 autem
972 1682 1205 1748 Christi
1228 1699 1352 1766 per
1375 1683 1583 1748 varias
1600 1681 1827 1748 sudem
1853 1682 2148 1748 civitates
2162 1683 2558 1768 temporaria

325 1798 483 1883 fuit3
522 1800 680 1865 item
726 1807 1208 1883 amr-opimare
1269 1819 1515 1881 requiem
1554 1803 1670 1862 Dei
1689 1818 1821 1864 non
1849 1800 2067 1883 potuit
2097 1797 2251 1878 dici,
2288 1801 2410 1868 nisi
2437 1819 2559 1886 per

323 1915 592 2001 aliquod
644 1922 938 2001 tempus;
989 1913 1307 2001 siquidem
1351 1914 1619 1999 expleto
1662 1934 1788 1999 per
1839 1921 2118 1981 mortem
2164 1920 2233 1981 et
2270 1935 2559 1983 resurre-

321 2033 608 2098 ctionem
638 2032 875 2098 Christi
904 2031 1375 2117 redemptionis
1403 2050 1627 2116 opere‚
1644 2039 1715 2098 et
1736 2032 2089 2099 constituta
2111 2032 2408 2100 Ecclesioe
2430 2032 2560 2100 for·

326 2166 454 2227 ma,
491 2147 845 2214 stabilitum
880 2147 943 2213 in
970 2148 1167 2214 terris
1194 2148 1323 2213 fuit
1349 2166 1627 2231 regnum
1664 2145 1847 2225 illud,
1896 2146 2072 2231 quod
2100 2146 2363 2233 jamjam
2404 2150 2562 2215 vici-

324 2284 483 2331 num
507 2271 578 2330 et
614 2265 956 2329 imminens
980 2262 1336 2349 praedicare
1367 2263 1744 2330 debuerunt
1775 2266 1858 2328 72
1902 2261 2220 2347 discipuli.
2254 2261 2447 2330 Unde
2485 2284 2561 2331 ea

322 2382 549 2449 missio
578 2382 780 2466 magis
816 2379 1180 2447 accedebat
1209 2379 1292 2446 ad
1340 2389 1639 2447 naturam
1673 2378 1867 2457 illius,
1903 2398 2099 2466 quam
2129 2380 2563 2465 expleverunt

327 2498 701 2584 Prophetae,
739 2505 808 2563 et
838 2499 1201 2582 praesertim
1224 2499 1504 2564 Joannes
1537 2497 1863 2583 Baptista3
1891 2497 2306 2566 referebatur
2327 2516 2560 2582 nempe

327 2614 550 2682 adhuc
572 2613 659 2680 ad
686 2613 1012 2680 Christum
1042 2619 1418 2680 venturum.

420 2733 493 2796 3⁰
512 2731 645 2795 Per
659 2727 1032 2814 hujusmodi
1058 2729 1425 2794 missionem
1456 2729 1539 2793 72
1565 2727 1833 2794 minime
1855 2728 2190 2795 constituti
2213 2737 2366 2795 sunt
2389 2748 2564 2815 pres-

328 2847 589 2933 byteri3
647 2844 965 2930 siquidem
1022 2843 1523 2929 presbyteratus
1577 2849 1968 2929 potestatem
2039 2845 2225 2924 nulli,
2263 2865 2388 2912 nec
2442 2847 2565 2929 ipsi

329 2965 532 3032 etiam
570 2962 880 3047 Apostoli,
915 2970 1069 3028 ante
1118 2979 1368 3027 coenam
1408 2961 1812 3025 Dominicam
1864 2969 2303 3046 acceperunt:
2351 2963 2421 3027 in
2456 2964 2566 3030 illa

329 3085 558 3147 autem
611 3096 799 3144 coena
864 3096 996 3143 non
1055 3075 1333 3142 adfuere
1397 3079 1479 3141 72
1527 3074 1849 3160 discipuli.
1905 3077 2078 3161 Ergo
2119 3079 2200 3142 72
2236 3075 2559 3161 discipuli,

324 3194 635 3283 quamvis
675 3193 763 3259 ad
802 3190 1183 3277 praedictam
1224 3192 1685 3275 temporariam
1733 3191 2105 3257 missionem
2156 3191 2453 3271 adhibiti,
2499 3195 2567 3259 in

323 3317 516 3380 statu
566 3309 777 3377 laicali
826 3307 1239 3374 nihilominus
1286 3313 1765 3374 remanserunt.
1798 3307 1862 3371 Si
1909 3315 2129 3373 autem
2184 3306 2570 3375 admittatur

326 3430 591 3513 aliquos
620 3446 702 3493 ex
729 3425 886 3509 ipsis
910 3431 1136 3508 postea
1163 3424 1247 3490 ab
1292 3422 1612 3507 Apostolis
1640 3420 1978 3490 ordinatos
2004 3422 2202 3489 fuisse
2235 3421 2561 3502 diaconos,

328 3545 546 3628 magis
587 3541 802 3608 adhuc
848 3546 1032 3624 patet
1086 3558 1200 3605 eos
1239 3538 1612 3604 nullatenus
1655 3538 2081 3624 presbyteros
2130 3545 2320 3606 antea
2369 3549 2439 3607 et
2488 3561 2569 3607 ex

328 3660 747 3726 institutione
791 3655 1028 3721 Christi
1049 3654 1361 3720 extitisse.

427 3776 570 3841 Jam
615 3792 776 3840 vero
801 3773 895 3838 sic
924 3768 1356 3837 determinata
1385 3766 1471 3834 de
1505 3772 1589 3834 72
1622 3766 1954 3853 discipulis
1972 3769 2250 3853 genuina
2281 3773 2565 3853 notione,

335 3891 605 3958 omnino
660 3888 985 3954 evincitur
1039 3902 1154 3951 eos
1195 3902 1317 3949 nec
1362 3881 1678 3968 parochos
1728 3881 1949 3962 fuisse,
1987 3903 2110 3950 nec
2142 3886 2572 3969 parochorum

336 4016 579 4093 typum
605 4004 900 4088 gessisse.

434 4118 830 4187 Paroehialis
859 4116 1033 4184 enim
1070 4113 1258 4183 officii
1310 4116 1614 4193 essentia,
1652 4114 1944 4180 consistit
1987 4116 2050 4180 in
2102 4119 2436 4184 commissa
2466 4119 2580 4185 ali-

343 4237 533 4323 cujus
571 4233 781 4321 plebis
812 4232 1132 4317 spirituali
1164 4250 1343 4309 cura,
1371 4250 1493 4316 per
1520 4229 2088 4297 catechisationem
2124 4239 2194 4296 et
2224 4251 2580 4300 sacramen-

346 4363 569 4421 torum
630 4348 1256 4419 administrationem
1313 4345 1711 4424 exercenda,
1768 4346 1911 4412 loco
1966 4347 2267 4433 Episcopi
2328 4356 2398 4414 et
2457 4350 2580 4415 sub

350 4471 550 4557 ipsius
581 4465 1000 4536 auctoritate.
1026 4460 1409 4547 Huiusmodi
1436 4469 1655 4528 autem
1687 4479 1845 4527 eura
1867 4478 2090 4528 secum
2113 4462 2313 4528 infert
2351 4483 2366 4528 ε
2406 4467 2470 4527 1⁰
2493 4463 2581 4531 ad
