3146 4973
577 367 704 429 138
1247 374 1626 425 munros
1671 377 1760 425 nn
1802 375 2136 426 maocno.

651 499 996 584 'Praecipua
1055 498 1496 564 recensuimus
1545 496 1958 565 documenta
2017 514 2159 584 quae
2218 519 2257 566 a
2300 499 2683 585 parochiatis
2736 505 2805 570 ia

569 612 1123 685 medium-adunci
1145 608 1400 698 solent3
1430 632 1554 681 nec
1577 622 1771 699 putet
1801 616 2013 682 lector
2044 614 2310 702 aliquod
2342 617 2568 684 forsan
2588 616 2807 687 adhuc

568 746 908 818 superesse
933 731 1155 815 magni
1173 728 1421 795 valoris
1451 738 1527 795 et
1571 728 1907 814 ponderis,
1949 729 2128 816 quod
2158 749 2276 797 nos
2312 732 2562 817 fugerit
2594 755 2609 800 ε
2642 735 2807 802 istud

567 851 737 917 enim
760 864 889 915 non
907 848 1271 930 ignorasset
1296 864 1420 911 nee
1441 847 1961 930 praetermisisset
1982 846 2458 927 nomae-sinuo,
2484 851 2621 935 qui,
2650 852 2807 919 licet

567 966 909 1050 utriusque
937 962 1253 1046 opinionis
1281 968 1607 1028 momenta
1636 961 1943 1028 videatur
1975 980 2160 1047 oequa
2188 962 2376 1028 lance
2404 963 2799 1047 ponderare,

572 1078 926 1165 diligenter
957 1086 1180 1144 ‘tamen
1213 1075 1533 1161 quidquid
1565 1078 1782 1161 potuit
1808 1078 1875 1142 in
1894 1080 2170 1162 gratiam
2199 1078 2631 1162 parochorum
2661 1100 2806 1148 con·

567 1197 785 1280 gessit,
833 1201 902 1260 et
943 1199 1171 1276 aperte
1214 1188 1475 1257 admisit
1513 1210 1651 1271 eoa,
1707 1210 1829 1275 per
1866 1192 2131 1278 aliquod
2171 1162 2403 1259 saltem
2444 1197 2804 1280 priscorum

563 1312 948 1378 saeculorum
1003 1314 1287 1374 tractum
1303 1356 1319 1385 ,
1366 1326 1524 1374 vera
1569 1309 2177 1375 excommunicandi
2228 1317 2553 1394 potestate
2605 1312 2804 1378 (uisse

568 1428 829 1512 potitos.
871 1426 1005 1491 Nec
1043 1424 1438 1509 caetcmqum
1484 1423 1662 1490 aliud
1706 1424 1894 1491 nobis
1936 1425 2225 1491 occurrit
2254 1431 2490 1492 notatu
2530 1426 2804 1511 dignum

565 1561 603 1608 a
638 1544 673 1607 J
679 1542 981 1619 nvenino,
1017 1536 1466 1623 'Van-Espenio
1506 1547 1578 1603 et
1612 1538 1983 1625 hujusmodi
2024 1540 2165 1605 aliis
2202 1541 2579 1607 auctoribus
2609 1542 2798 1627 obje-

565 1664 767 1723 ctum.
812 1654 1004 1722 Unde
1036 1655 1128 1720 sic
1167 1652 1564 1720 concludere
1605 1654 1800 1720 liceat
1837 1676 1851 1721 :
1883 1653 2043 1720 dum
2084 1654 2466 1739 parochiatae
2510 1655 2802 1723 fidenter

564 1776 862 1839 ane-erunt
881 1820 897 1849 ,
953 1788 1153 1855 penes
1197 1774 1458 1835 curatos
1505 1769 1663 1835 olim
1710 1770 1908 1835 fuisse
1962 1769 2565 1838 excommunicandi
2611 1778 2799 1856 pota-

565 1893 821 1964 statem‚
855 1884 1053 1970 idque
1089 1864 1278 1951 extra
1304 1904 1493 1950 omne
1517 1883 1804 1951 -dtrhium
1834 1885 1981 1952 fieri
2004 1906 2093 1952 ex
2120 1889 2563 1954 monumentis
2590 1887 2802 1953 ecole-

561 2001 851 2079 siasticiS,
895 2020 1015 2086 pro
1059 1999 1219 2067 falna
1264 2001 1523 2068 omnino
1565 2000 1869 2067 habenda
1902 2008 2008 2068 est
2052 2020 2281 2070 eorum
2326 2010 2651 2089 perpetuo
2698 2022 2803 2069 re·

561 2132 833 2181 currens
873 2112 1230 2182 affirmatio.

1589 2343 1621 2416 5
1680 2339 1770 2403 -1·1.

831 2575 1022 2626 fulsum
1049 2583 1125 2626 est
1151 2576 1579 2627 excommunicandi
1605 2583 1882 2640 potestatem
1911 2577 1968 2626 ud
1996 2578 2232 2639 parochos
2259 2579 2514 2641 pertinere.

649 2811 740 2880 Ea
771 2814 944 2880 enim
980 2819 1268 2898 potestas
1296 2812 1597 2896 parochis
1628 2819 2031 2897 competeret
2050 2861 2066 2891 ,
2108 2813 2214 2879 vel
2243 2831 2326 2878 ex
2355 2812 2505 2898 jure
2541 2811 2787 2892 divino,

559 2930 666 2995 vel
697 2947 778 2996 ex
806 2927 953 3014 jure
986 2930 1424 2996 ecclesiastico
1461 2950 1475 2994 ε
1509 2929 1696 3013 atqui
1726 2936 2037 2994 neutrum
2066 2926 2198 2994 dici
2231 2935 2470 3012 potest.

648 3047 704 3112 1.
745 3046 886 3112 Non
933 3051 1204 3129 possunt
1265 3043 1530 3129 parochi
1580 3044 1745 3109 hanc
1791 3044 2290 3127 praerogativam
2352 3045 2473 3109 sibi
2519 3063 2602 3110 ex
2644 3042 2795 3127 iure

560 3161 783 3228 divino
800 3159 1158 3227 vindicare.
1183 3160 1444 3244 Duplici
1465 3161 1637 3225 enim
1662 3158 2007 3226 dumtaxat
2030 3177 2225 3225 sensu
2244 3158 2554 3225 contendi
2575 3166 2799 3243 posset

559 3275 936 3363 praedictam
963 3284 1358 3361 potestatem
1387 3275 1691 3361 parochis
1716 3295 1755 3341 c
1781 3274 1945 3360 juris
1973 3274 2176 3341 divini
2200 3275 2384 3341 fonte
2414 3274 2744 3340 derivasse
2775 3297 2790 3339 :

561 3396 669 3461 vel
685 3412 924 3479 nempe
948 3396 1098 3479 quia
1123 3413 1266 3460 eam
1292 3393 1586 3459 Christus
1613 3394 1750 3476 ipse
1776 3391 2131 3476 parochiali
2156 3391 2410 3457 muneri
2434 3391 2789 3476 alligasset3

561 3511 669 3575 vel
699 3511 869 3595 quia,
903 3510 1060 3575 licet
1087 3509 1246 3574 nihil
1273 3505 1398 3573 hac
1419 3507 1504 3574 de
1529 3527 1603 3572 re
1633 3507 1941 3573 statuerit
1969 3507 2262 3573 Christus
2292 3507 2626 3585 Dominae,
2666 3504 2795 3571 offi-

563 3627 735 3691 cium
761 3633 981 3690 tamen
1011 3623 1277 3707 parochi
1303 3624 1448 3690 talis
1485 3621 1874 3689 conditionis
1903 3630 2097 3703 esset,
2134 3641 2280 3709 quae
2319 3624 2681 3708 postularet
2710 3642 2793 3689 ex

557 3741 704 3827 jure
737 3740 1020 3805 naturali
1051 3738 1250 3827 (quod
1275 3745 1342 3805 et
1369 3740 1584 3823 ipsum
1622 3736 1915 3804 divinum
1945 3737 2066 3823 est)
2099 3739 2221 3805 sihi
2257 3738 2515 3804 annecti
2544 3755 2797 3804 excom·

559 3854 932 3922 municandi
967 3863 1384 3939 potestatem.
1421 3857 1630 3923 Porro
1667 3863 1948 3940 utraque
1990 3855 2370 3941 hypothesis
2398 3871 2669 3938 prorsus
2694 3862 2800 3920 est

561 3970 933 4057 rejicienda.
973 3972 1055 4036 Et
1090 3971 1354 4057 quidem
1385 3993 1423 4038 a
1455 3970 1708 4038 Christo
1742 3973 1883 4055 ipso
1920 3989 2051 4036 non
2078 3971 2292 4054 potuit
2329 3969 2623 4055 parochis
2652 3987 2801 4036 con—

563 4088 725 4154 ferri
768 4087 1038 4171 praefata
1085 4088 1383 4167 facultaS,
1437 4089 1493 4154 si
1541 4087 1834 4156 Christus
1879 4107 1965 4154 ne
2010 4089 2184 4172 ipsos
2232 4089 2428 4153 etiam
2480 4085 2801 4171 parochos

561 4205 873 4288 instituit3
909 4205 1090 4289 prius
1117 4213 1218 4271 est
1243 4208 1414 4271 enim
1444 4226 1480 4271 a
1513 4205 1767 4272 Christo
1792 4205 2047 4272 institui
2090 4201 2423 4288 parochos»,
2460 4221 2656 4288 quam
2684 4221 2803 4268 eos

563 4319 810 4386 institui
838 4338 985 4386 oum
1015 4319 1253 4387 talibus
1275 4321 1745 4406 praerogativis,
1778 4328 1853 4386 ut
1876 4327 2062 4405 patet
2086 4343 2103 4387 t
2131 4321 2201 4385 in
2226 4318 2549 4404 superiori
2578 4326 2801 4384 autem

566 4435 851 4503 sectione
887 4437 1238 4521 probatum
1275 4436 1401 4502 fuit
1438 4438 1864 4521 parochorum
1901 4436 2377 4504 institutionem
2410 4436 2677 4500 minime
2715 4433 2803 4500 ad
