3146 4973
1250 425 1403 472 mns
1447 425 1733 485 omnm.
2487 410 2611 474 453

385 558 455 620 3⁰
485 552 804 637 Supponit
834 551 986 616 olim
1017 558 1167 616 ante
1199 548 1643 616 Tridentinam
1678 549 2000 635 synodum
2030 553 2454 616 necessariam
2489 570 2617 617 uon

384 671 605 746 fuisse,
638 666 856 753 quoad
890 666 1208 751 ejusmodi
1240 667 1535 744 tricarim,
1569 666 1869 750 Episcopi
1897 664 2466 751 approbationem3
2502 667 2616 734 sed

385 787 582 852 fuisse
626 784 779 849 satis
826 781 1004 867 quod
1058 783 1196 848 noti
1240 790 1459 848 essent
1512 782 1796 865 parocho
1844 802 1957 850 eos
1996 785 2370 860 assumenti,
2423 793 2494 849 et
2533 783 2618 850 de

384 917 615 968 eorum
643 895 1050 964 ordinatione
1085 903 1411 964 constaret
1454 921 1466 961 :
1505 896 1694 962 addit
1724 905 1966 974 autem,
1998 905 2146 980 post
2167 896 2618 965 'tridentinum

388 1013 734 1080 concilium
778 1014 1040 1078 omnino
1082 1015 1511 1079 necessariam
1549 1031 1692 1078 esse
1725 1011 1966 1078 dictam
1999 1013 2083 1078 ab
2124 1012 2471 1080 Ordinatio
2507 1034 2624 1099 ap·

388 1123 865 1207 probationem.
917 1121 991 1184 4⁰
1046 1119 1280 1199 Quoad
1324 1118 1489 1185 duas
1543 1120 1934 1185 vicariorum
1980 1121 2235 1203 species
2274 1119 2466 1197 dicit,
2511 1140 2622 1188 eos

388 1257 530 1305 esse
563 1239 939 1321 deputandos
982 1235 1064 1300 ab
1099 1235 1241 1318 ipso
1272 1236 1593 1319 Episcopo
1631 1258 1645 1300 :
1681 1254 1917 1318 nempe
1956 1234 2174 1320 quoad
2227 1237 2505 1301 vicarios
2535 1236 2620 1302 de

389 1355 625 1441 quibus
644 1353 860 1436 agitur
895 1351 1195 1417 sessionis
1226 1359 1260 1417 7
1291 1353 1503 1434 capite
1530 1359 1593 1428 7,
1629 1359 1699 1417 et
1733 1353 2032 1418 sessionis
2058 1354 2130 1416 21
2170 1352 2382 1436 capite
2421 1356 2461 1417 6
2486 1355 2624 1417 Tri-

390 1469 671 1535 dentinae
712 1465 968 1551 synodi.
1014 1467 1222 1532 Porro
1256 1467 1321 1530 in
1354 1467 1565 1549 capite
1599 1475 1632 1531 7
1664 1467 1965 1531 sessionis
2004 1475 2037 1532 7
2075 1467 2295 1550 agitur
2339 1466 2424 1532 de
2453 1468 2624 1532 vica-

392 1584 501 1649 riis
549 1583 792 1649 curatis
840 1580 1290 1665 parochiarum
1344 1581 1533 1646 alicui
1595 1581 1880 1664 capitulo
1926 1581 2034 1646 vel
2081 1583 2470 1647 monasterio
2521 1602 2626 1647 an·

395 1717 744 1781 nexarum3
782 1715 987 1780 penes
1038 1714 1203 1780 quos
1239 1715 1476 1779 nempe
1525 1695 1772 1762 residet
1814 1704 1957 1761 tota
2005 1698 2275 1763 actualis
2326 1716 2502 1763 cura.
2549 1699 2621 1763 In

395 1815 605 1896 capite
635 1832 796 1879 vero
832 1816 874 1879 6
903 1813 1200 1878 sessionis
1219 1816 1292 1877 21
1329 1815 1547 1896 agitur
1573 1811 1657 1878 de
1688 1814 1943 1878 vicariis
1965 1832 2082 1878 seu
2111 1811 2618 1898 coadjutoribus,

396 1928 509 2010 qui
538 1923 780 1990 dantur
824 1924 1107 2009 parocho
1141 1924 1225 1989 ob
1256 1925 1427 1990 illius
1474 1925 1813 1989 inscitiam.
1866 1926 1933 1988 5⁰
1972 1925 2133 1989 Cum
2173 1926 2625 1990 necessitatem

391 2040 584 2125 hujus
608 2038 1046 2122 deputationis
1084 2039 1436 2121 restringat
1475 2037 1560 2102 ad
1592 2038 1758 2104 duos
1788 2038 1929 2104 illos
1962 2057 2169 2115 casus,
2214 2038 2432 2123 quoad
2469 2040 2628 2107 alios

394 2158 667 2222 vicarios
694 2156 1090 2239 temporales
1120 2163 1344 2239 aperte
1378 2157 1706 2238 supponit,
1734 2173 1921 2239 posse
1946 2175 2059 2222 eos
2087 2175 2124 2220 a
2153 2155 2468 2238 parochiS,
2497 2177 2623 2222 non

393 2279 641 2336 tantum
685 2270 833 2354 eligi
855 2278 925 2335 et
945 2271 1203 2349 assumi,
1247 2269 1367 2335 sed
1400 2278 1469 2335 et
1505 2268 1843 2353 deputari;
1889 2272 2443 2355 necessariamque
2484 2290 2623 2338 esse

394 2395 647 2452 tantum
681 2406 761 2452 ex
805 2392 992 2470 parte
1023 2388 1322 2470 Episcopi
1359 2387 1918 2470 approbationem.
1968 2389 2039 2451 6⁰
2075 2386 2337 2451 Dictum
2372 2386 2479 2473 jus
2515 2406 2626 2470 pa·

393 2502 742 2571 rochorum
799 2522 956 2569 suos
1002 2502 1369 2568 assumendi
1416 2504 1814 2587 temporales
1864 2503 2135 2567 vicarios
2191 2505 2280 2567 sic
2328 2504 2562 2569 limitat
2606 2527 2619 2569 z

389 2623 709 2684 dummodo
753 2626 957 2683 tamen
984 2625 1279 2683 statutum
1310 2621 1597 2700 synodale
1627 2622 1723 2681 vel
1737 2621 2112 2700 provinciale
2140 2640 2260 2683 mm
2291 2623 2583 2702 impediat
2598 2644 2625 2698 ,-

391 2746 462 2802 et
505 2736 672 2802 hanc
703 2736 1154 2802 limitationem
1183 2734 1417 2800 fundat
1455 2733 1776 2817 capitibus
1817 2737 1896 2799 15
1935 2742 2002 2801 et
2046 2737 2125 2801 16
2164 2736 2538 2819 quaestionis
2589 2741 2610 2801 1

391 2869 597 2917 causoe
633 2858 696 2915 7.
723 2851 967 2915 Verum
994 2851 1057 2914 in
1086 2848 1183 2913 his
1211 2849 1499 2914 textibus
1524 2850 1816 2915 Toletani
1843 2850 2072 2915 Patres
2109 2857 2406 2915 statuunt
2438 2848 2626 2915 dum·

392 2975 574 3033 taxat
601 2974 676 3031 ut
700 2965 1082 3031 sacrificium
1114 2966 1341 3044 missae,
1379 2964 1643 3051 quando
1679 2965 2019 3031 celebrans
2049 2965 2296 3032 viribus
2335 2965 2628 3033 destitui-

392 3098 522 3167 tur,
587 3109 709 3174 per
744 3089 941 3153 alium
987 3086 1396 3153 sacerdotem
1441 3087 1820 3170 perficiatur
1855 3109 1868 3152 ε
1903 3086 2080 3173 quod
2120 3086 2206 3153 ad
2238 3096 2626 3170 praesentem

392 3205 814 3289 quaestionem
852 3203 1011 3268 nihil
1051 3202 1228 3268 facit.
1274 3202 1407 3267 Nec
1446 3201 1602 3267 mihi
1648 3200 1911 3267 videtur
1943 3203 2242 3269 limitatio
2295 3202 2431 3268 hoec
2476 3223 2625 3268 con-

395 3317 665 3385 cordare
702 3338 889 3402 posse
922 3337 1067 3383 cum
1096 3320 1295 3383 citato
1321 3319 1532 3400 capite
1558 3319 1594 3382 4
1626 3318 1922 3383 sessionis
1950 3319 2059 3383 21.
2091 3319 2273 3394 Nam,
2297 3336 2380 3383 ex
2409 3316 2618 3393 dictis,

394 3440 613 3501 textus
652 3436 761 3503 ille
801 3433 1096 3519 parochis
1141 3432 1377 3499 tribuit
1427 3432 1532 3519 jus
1577 3434 1847 3499 vicarios
1883 3452 2034 3498 suos
2069 3434 2192 3499 sibi
2227 3431 2619 3498 assumendi.

395 3547 585 3630 Quod
613 3557 833 3616 autem
868 3550 1014 3633 lege
1051 3549 1406 3614 universali
1444 3550 1743 3615 Ecclesiae
1790 3556 2110 3615 statutum
2152 3547 2299 3626 fuit,
2333 3547 2470 3613 tolli
2512 3567 2622 3612 ne-

393 3666 534 3747 quit
571 3682 690 3746 per
724 3665 1056 3748 synodalia
1090 3673 1206 3730 aut
1239 3665 1650 3747 provincialia
1688 3666 1882 3732 etiam
1922 3670 2186 3730 statuta.

1406 3937 1435 4008 5
1484 3932 1603 3993 111.

396 4158 631 4211 Quatenus
659 4156 820 4205 vicarii
860 4157 1170 4219 parochorum
1198 4154 1439 4216 adjutores
1478 4154 1684 4202 amoveri
1725 4153 1908 4215 possint
1935 4167 1963 4200 a
1991 4155 2228 4215 parochis,
2277 4163 2323 4201 et
2359 4153 2472 4215 quid
2503 4154 2625 4211 ‚iuris

662 4250 801 4301 hodie
828 4251 874 4300 in
908 4250 1059 4299 Gallia
1082 4250 1233 4312 quoad
1262 4250 1622 4299 nominationem
1662 4256 1707 4297 et
1741 4250 2019 4297 amotionem
2052 4247 2355 4305 (remissive).

489 4481 584 4547 Ad
624 4481 866 4547 calcem
922 4487 1239 4544 tractatus
1282 4480 1593 4562 reperieS,
1645 4478 1768 4544 sub
1807 4478 1999 4543 titulo
2051 4478 2408 4557 Appendicis
2443 4478 2497 4539 1.
2536 4473 2632 4536 di·-
