3146 4973
620 365 753 432 706
1628 378 1853 424 mum.

750 548 880 610 giam
899 544 1157 597 decisivum
1212 576 2691 595 .......................

618 634 813 683 CAPUT
847 632 975 681 xvt.
1011 632 1080 678 De
1106 631 1213 690 jure
1239 630 1549 689 parochorum
1577 631 1732 693 quoad
1761 633 2002 693 regulares
2030 630 2255 680 nonnulla
2282 629 2587 678 adnotantur.
2636 667 2651 680 .
2684 669 2692 677 .

621 718 818 767 CAPUT
847 717 1000 764 xvii.
1026 717 1094 762 De
1113 715 1220 774 jure
1245 717 1555 775 parochorum
1580 716 1734 778 quoad
1762 717 1893 765 varia
1921 717 2142 778 superius
2168 727 2262 762 non
2296 715 2527 762 recensita
2568 750 2583 762 .
2637 751 2650 762 .
2683 753 2693 762 .

626 801 834 854 PARS
862 799 1186 869 QmN'rA.
1218 798 1289 847 Ad
1308 799 1421 861 quid
1451 808 1662 849 teneatur
1688 802 1944 862 parochus,
1963 814 2045 849 seu
2076 799 2134 847 de
2160 800 2312 860 ipsius
2337 799 2486 847 officio
2513 807 2559 847 et
2586 799 2703 846 obli-

684 887 951 949 gationibus
985 919 1255 934 .....
1305 871 1310 874 ’
1309 918 2669 935 .....................

619 972 814 1021 CAPUT
851 972 891 1018 Ι.
924 971 993 1017 De
1030 968 1283 1017 emittenda
1315 982 1344 1015 a
1369 970 1591 1030 parochis
1616 970 1907 1031 professione
1947 968 2077 1029 fidei,
2106 976 2152 1016 et
2188 966 2462 1030 spondenda
2489 969 2702 1016 Romano

684 1054 897 1104 Pontifici
922 1053 1189 1102 obedientia
1217 1079 2588 1103 .....................
2631 1093 2638 1099 .
2679 1091 2688 1100 .

684 1140 903 1199 Quaestt‘o
936 1141 1007 1186 1⁸.
1043 1139 1116 1186 An
1144 1143 1388 1185 tencantur
1411 1138 1607 1197 parochi
1637 1137 1976 1199 professionem
2001 1135 2108 1185 fidei
2139 1137 2368 1195 emittere,
2399 1145 2445 1184 et
2470 1137 2701 1185 obedien-

651 1245 661 1257 ·
750 1224 862 1271 tiam
881 1224 1095 1271 Romano
1127 1220 1337 1269 Pontifici
1364 1221 1556 1280 iuraret
1579 1256 2694 1272 ..................

682 1307 898 1366 Quaestio
924 1308 1000 1356 2⁸.
1029 1307 1241 1364 Quanam
1267 1304 1469 1353 formula
1505 1305 1731 1353 utendum
1762 1306 1859 1354 sit?
1885 1339 2689 1356 .............

682 1392 903 1450 Quaestio
925 1393 1001 1439 3⁸.
1042 1391 1253 1446 Qualiter
1288 1388 1464 1449 obliget
1486 1388 1809 1437 'tridentinum
1829 1388 1888 1436 de
1925 1389 2154 1450 ejusmodi
2184 1388 2475 1451 professione
2502 1397 2549 1436 et
2569 1389 2705 1449 jura-

742 1484 897 1523 mento
938 1477 1251 1536 praeceptum?
1280 1496 2687 1524 ......................

679 1552 901 1619 Quoestt‘o
929 1562 1001 1606 4⁸.
1035 1560 1108 1606 An
1135 1558 1287 1618 possit
1309 1557 1391 1605 illa
1413 1555 1520 1604 fidei
1546 1556 1783 1618 professio
1816 1570 1899 1618 per
1924 1565 2280 1618 procuratorem
2312 1557 2449 1604 fieri?
2503 1591 2518 1606 .
2568 1591 2584 1606 .
2636 1595 2650 1606 .
2684 1594 2694 1604 .

679 1644 898 1704 Quoeaett'o
923 1645 996 1691 5⁸.
1030 1644 1290 1698 Quamnam
1306 1655 1492 1704 poenam
1512 1642 1724 1690 incurrat
1739 1643 2000 1702 parochus,
2028 1641 2204 1691 dictam
2234 1640 2342 1689 fidei
2365 1640 2702 1703 professionem

743 1729 986 1784 omittens!
1014 1758 2692 1777 ..........................

680 1813 908 1875 Quoestt'o
935 1812 1008 1860 6⁸.
1041 1810 1159 1866 Quis
1185 1808 1453 1860 condonare
1480 1809 1633 1871 possit
1658 1811 1863 1870 parocho
1894 1810 2078 1858 fructus
2105 1811 2308 1860 amissos
2331 1813 2392 1859 ob
2423 1823 2514 1859 non
2539 1811 2703 1859 factam

744 1896 902 1944 debito
933 1904 1141 1956 tempore
1166 1894 1274 1942 fidei
1301 1893 1637 1956 professionem
1686 1927 2692 1946 ................

680 1980 899 2040 Quaestio
930 1983 1002 2028 7⁸.
1037 1981 1108 2028 An
1134 1979 1369 2039 parochus
1411 1977 1494 2039 qui
1535 1990 1628 2026 non
1674 1976 1783 2025 fecit
1817 1977 1998 2026 fructus
2044 1991 2159 2026 suos
2182 2016 2196 2039 ,
2235 1981 2299 2027 ob
2326 1980 2549 2027 omissam
2593 1979 2702 2027 fidei

746 2063 1106 2127 professionem.
1141 2062 1507 2114 teneanturillos
1529 2061 1781 2109 restituere
1808 2069 1913 2109 ante
1936 2063 2214 2112 sententiam
2241 2064 2654 2112 declaratoriam2.
2684 2103 2693 2114 .

676 2148 896 2209 Quaestio
923 2148 997 2194 8⁸.
1029 2146 1115 2194 Cui
1136 2146 1410 2206 assignandi
1437 2155 1483 2194 et
1501 2144 1774 2207 applicandi
1795 2145 1977 2195 fmctus
1999 2147 2164 2195 amissi
2193 2149 2258 2196 ob
2282 2162 2374 2197 non
2398 2148 2563 2196 Factam
2593 2147 2703 2195 fidei

740 2231 1079 2294 professionem
1108 2233 1128 2278 ’.θ
1156 2263 2692 2282 ........................

683 2315 913 2378 Quaestt'o
941 2315 1015 2363 9¹.
1039 2315 1116 2362 Aa
1137 2313 1462 2364 'tridentinum
1483 2321 1767 2376 proeceptum
1792 2314 1853 2362 de
1876 2314 2131 2364 emittenda
2159 2316 2273 2365 fidei
2297 2317 2588 2379 professione
2615 2316 2706 2365 ad-

740 2401 941 2461 stringat
963 2399 1103 2450 etiam
1121 2399 1353 2459 parochos
1372 2397 1431 2446 ad
1457 2407 1623 2448 nutum
1645 2399 1955 2448 amovihilest
2016 2435 2699 2452 ...........

678 2484 897 2543 Quaests'o
929 2485 1032 2533 10⁸.
1078 2483 1151 2531 An
1179 2480 1306 2531 dicta
1342 2483 1566 2545 obligatio
1610 2469 1951 2545 professionem
1996 2482 2107 2533 fidei
2146 2485 2389 2535 emittendi
2417 2486 2515 2534 tolli
2552 2488 2707 2547 possit

739 2581 825 2630 per
858 2568 1140 2631 contrariam
1169 2567 1586 2617 consuetudinem?
1626 2603 2698 2622 .................

681 2653 906 2712 Quaestto
935 2654 1039 2699 111⁸.
1068 2650 1195 2708 Quid
1211 2651 1582 2701 concludendum
1601 2651 1814 2700 videatur
1833 2652 1984 2714 quoad
2000 2655 2235 2714 parochos
2254 2667 2414 2702 earnm
2436 2655 2703 2715 regionum,

741 2738 789 2785 in
814 2737 987 2798 quibus
1016 2749 1108 2783 non
1128 2736 1252 2795 viget
1275 2734 1409 2784 dictae
1435 2735 1747 2798 professionis
1777 2736 1885 2784 fidei
1912 2741 2054 2786 usus?
2099 2774 2696 2788 ..........

607 2820 804 2870 CAPUT
829 2820 893 2866 11.
920 2820 986 2883 De
1002 2818 1285 2878 obligatione
1313 2819 1570 2880 residendi,
1596 2834 1689 2881 qua
1714 2821 2075 2881 obstringuntur
2092 2824 2308 2882 parochi.
2360 2860 2373 2872 .
2682 2860 2692 2872 .

672 2901 699 2971 ζ
726 2904 765 2951 1.
807 2901 1128 2953 Receascntur
1150 2904 1374 2964 praecipui
1391 2905 1516 2964 juris
1542 2912 1716 2965 textus,
1746 2913 1794 2953 et
1822 2902 2052 2955 nonnultae
2080 2906 2329 2955 Sacrorum
2358 2907 2704 2969 congregatio-

741 3000 853 3035 num
882 2985 1238 3047 declarationes,
1268 3001 1389 3036 onus
1415 2987 1655 3037 residendi
1691 2991 2006 3049 parochorum
2055 2998 2319 3051 spectantes
2348 3027 2695 3041 ......

614 3080 623 3088 ·
673 3071 697 3134 ς
725 3072 790 3120 ΙΙ.
831 3072 903 3119 An
948 3079 994 3119 et
1046 3084 1138 3133 quo
1175 3072 1280 3132 jure
1318 3074 1530 3133 parochi,
1561 3081 1609 3122 et
1640 3074 1721 3122 alii
1749 3076 1922 3137 quibus
1953 3075 2180 3125 incumbit
2214 3078 2411 3126 actualis
2438 3077 2703 3126 animarum

746 3168 879 3216 cura,
908 3154 1116 3203 residere
1155 3163 1396 3205 teneantur
1431 3190 2697 3213 ....................

742 3239 1036 3301 Propositio
1067 3241 1127 3288 1⁸.
1168 3240 1446 3289 Residentiae
1478 3241 1583 3302 lege
1610 3243 1968 3303 obstringuntur
1994 3247 2186 3305 parochi
2215 3247 2405 3308 proprie
2431 3246 2543 3294 dicti
2563 3284 2577 3305 ,
2614 3247 2697 3308 qui

811 3338 975 3385 nempe
1015 3324 1287 3372 beneficium
1330 3326 1600 3384 parochiale
1637 3334 1914 3389 perpetuum
1959 3329 2186 3390 obtinent,
2217 3345 2323 3378 cum
2356 3331 2551 3379 actualis
2577 3343 2704 3378 curae

811 3422 986 3457 onere:
1015 3421 1106 3457 non
1135 3416 1289 3457 autem
1324 3411 1521 3469 parochi
1558 3412 1816 3474 improprie
1858 3412 1993 3473 dicti,
2019 3414 2100 3475 qui
2147 3413 2371 3463 dicuntur
2411 3416 2601 3476 parochi
2638 3416 2702 3463 in

811 3491 995 3542 habitu
1022 3528 2693 3550 ..........................

751 3575 1045 3638 propositio
1064 3577 1148 3625 11¹.
1175 3578 1294 3638 Lege
1312 3577 1548 3637 residendi
1566 3580 1927 3641 obstringuntur
1945 3582 2082 3631 etiam
2103 3584 2296 3644 parochi
2313 3583 2373 3631 ad
2392 3592 2555 3633 nutum
2573 3598 2704 3634 amo-

809 3661 977 3708 vibiles
1006 3695 2689 3719 ..........................

744 3742 1041 3807 propositio
1057 3745 1166 3792 111⁸.
1195 3747 1348 3808 Atque
1370 3747 1509 3799 etiam
1527 3749 1694 3798 vicarii
1712 3751 1880 3809 curati,
1911 3759 2002 3799 tam
2029 3752 2307 3811 temporales
2320 3764 2458 3813 qoam
2478 3753 2696 3813 perpetui

745 3827 1037 3893 propositio
1069 3831 1171 3878 lVfl.
1205 3831 1399 3886 Quando
1415 3834 1654 3894 parochus
1671 3833 1988 3894 coadjutorem
2003 3835 2163 3897 habet,
2180 3842 2273 3882 tam
2293 3835 2535 3895 coadjutor
2558 3850 2700 3898 quam

812 3904 1058 3976 coadjutus
1089 3914 1296 3963 residere
1324 3922 1507 3971 tenetur
1561 3952 2692 3972 ..................

742 3996 1036 4059 propositio
1057 3999 1136 4046 V2.
1154 4000 1343 4047 Certum
1363 4014 1454 4051 non
1473 4008 1547 4050 est
1563 4010 1753 4051 curatos
1774 4016 1829 4051 ex
1845 4003 1952 4063 jure
1968 4002 2126 4051 divino
2144 4003 2205 4051 ad
2224 4004 2525 4053 residendum
2546 4006 2696 4053 teneri

677 4080 706 4142 ς
730 4081 816 4130 111.
856 4082 1076 4138 Quaenam
1112 4083 1206 4130 sint
1233 4086 1486 4145 generatim
1507 4086 1649 4146 justae
1678 4100 1849 4140 causte.
1878 4089 1939 4135 ob
1962 4101 2082 4149 quas
2111 4090 2261 4137 curati
2284 4089 2407 4138 licite
2424 4103 2453 4137 a
2476 4092 2703 4150 parochia

609 4162 618 4170 ’
749 4176 836 4211 sua
861 4164 1027 4212 abesse
1052 4174 1254 4226 possunt
1293 4203 2693 4225 ......................

751 4245 1050 4309 Propositio
1078 4250 1142 4297 1⁸.
1182 4251 1275 4317 Lex
1304 4252 1541 4309 residendi
1567 4267 1662 4304 non
1690 4254 1755 4303 ita
1783 4255 2082 4317 intelligenda
2096 4262 2195 4317 est,
2218 4265 2269 4305 ut
2299 4267 2527 4320 nequeant
2555 4272 2702 4320 paro-

812 4324 908 4394 chi,
926 4332 1056 4393 justa
1074 4332 1404 4387 interveniente
1422 4351 1582 4399 causa,
1595 4346 1725 4389 extra
1747 4341 2019 4400 parochiam
2038 4341 2129 4403 iro,
2151 4350 2199 4390 et
2222 4342 2281 4390 ad
2302 4350 2485 4405 tempus
2501 4344 2689 4393 abesse.

742 4413 1036 4485 Proposfft’o
1064 4417 1149 4468 11⁸.
1191 4419 1251 4467 Ut
1279 4422 1512 4482 parochus
1533 4422 1897 4483 singulisaunis
1915 4437 2000 4486 per
2022 4425 2268 4489 bimestre,
2286 4429 2385 4478 sire
2403 4428 2700 4494 continuum,

2759 470 2855 524 eng.

2766 548 2852 594 52¹

2765 634 2860 679 522

2766 717 2861 764 52⁴

2764 886 2860 933 527

2763 1055 2857 1100 527

2770 1222 2863 1268 527

2769 1307 2864 1352 527

2764 1474 2865 1520 528

2771 1556 2872 1605 529

2771 1728 2872 1774 530

2775 1898 2876 1943 530

2771 2067 2873 2112 530
