3146 4973
1250 405 1408 456 rans
1453 406 1722 468 Qum'ra.
2472 399 2599 462 617

380 530 855 598 universalibus
880 531 1183 599 Ecclesiae
1205 532 1463 618 legibus
1490 551 1624 600 non
1650 533 2106 602 adversentur.
2139 536 2321 602 Hanc
2342 537 2608 621 parochi

382 648 465 715 ab
496 648 813 732 Episcopo
841 647 1351 734 dependentium
1384 649 1535 736 jura
1559 652 1821 719 omnino
1853 661 2250 737 supponunt,
2293 672 2442 720 cum
2463 656 2608 721 nul-

382 764 496 830 libi
530 771 792 830 cautum
836 766 920 829 sit
965 783 1157 849 posse
1205 766 1557 851 parochum
1604 766 1958 853 quidquam
1987 767 2206 854 quoad
2231 767 2358 835 hoc
2384 788 2605 855 agere,

382 881 709 947 renitente
740 885 854 945 aut
883 881 1074 947 aliter
1104 880 1493 967 disponente
1529 884 1871 968 Episcopo.

471 998 553 1062 Et
580 996 671 1063 sic
708 1003 890 1081 patet
921 997 1250 1083 quomodo
1279 999 1602 1082 parochiae
1629 999 2018 1084 temporalis
2043 999 2511 1070 administratio
2540 1013 2611 1070 et

382 1136 420 1180 a
448 1112 617 1181 Sede
647 1114 1038 1199 Apostoliea,
1076 1123 1147 1181 et
1176 1115 1259 1182 ab
1284 1117 1605 1201 Episcopo
1647 1124 1717 1183 et
1752 1134 1790 1181 a
1830 1117 2137 1201 parocho,
2183 1136 2305 1201 pro
2343 1127 2608 1185 actuum

382 1228 1045 1296 administrativorum
1077 1231 1396 1297 varietate
1437 1230 1815 1316 dependeat
1852 1253 1866 1297 ε
1905 1231 2277 1300 nullatenus
2311 1239 2531 1300 autem
2571 1253 2610 1299 a

381 1345 670 1412 saeculari
698 1351 1051 1428 potestate.

1426 1546 1458 1618 5
1508 1541 1624 1605 ΙΠ.

386 1736 458 1785 An
492 1744 539 1785 et
570 1734 800 1799 quomodo
823 1734 958 1783 laicis
985 1733 1119 1796 viris,
1149 1735 1229 1796 qui
1259 1732 1575 1784 matricularii
1606 1730 1956 1797 (marguilliers)
1986 1734 2135 1783 aliove
2161 1733 2347 1783 nomine
2374 1734 2611 1796 (licuntur,

680 1826 948 1890 temporalis
1000 1827 1233 1891 parochiae
1266 1826 1614 1876 administratio
1648 1825 1852 1888 legitime
1886 1826 2111 1877 committi
2145 1826 2308 1889 possit.

475 2027 679 2093 Laicis
726 2026 878 2093 viris
921 2026 1237 2092 committi
1268 2044 1456 2111 posse
1498 2025 1929 2108 temporalem
1978 2024 2301 2110 ejusmodi
2350 2025 2612 2092 admini-

390 2144 789 2220 strationem,
810 2142 1169 2208 dummodo
1198 2142 1283 2207 ab
1306 2141 1744 2207 ecclesiastica
1766 2141 2153 2207 auctoritate
2183 2139 2609 2224 deputentur,

390 2256 730 2342 eidemque
761 2258 1080 2322 rationem
1116 2254 1407 2322 reddere
1449 2255 1757 2332 debeant,
1798 2262 1994 2341 atque
2031 2256 2116 2322 ab
2156 2254 2389 2322 eadem
2425 2275 2617 2322 revo-

392 2373 525 2439 cari
544 2372 823 2448 valeant,
857 2388 1266 2456 nequaquam
1297 2371 1496 2436 sacris
1518 2370 1874 2436 canonibus
1901 2371 2314 2438 adversatur.
2361 2372 2614 2438 Etenim

393 2489 515 2557 hoc
541 2485 736 2554 modo
765 2489 1103 2553 constituti
1140 2484 1589 2565 matricularii,
1619 2507 1749 2554 non
1791 2506 1874 2553 ex
1905 2485 2054 2572 jure
2099 2486 2392 2572 proprio,
2434 2495 2550 2555 aut
2578 2509 2617 2555 a

392 2602 683 2670 saeculari
709 2608 1037 2687 potestate
1064 2610 1335 2687 accepto
1359 2601 1811 2668 administrant
1840 2599 2041 2688 (quod
2075 2610 2384 2687 tanquam
2414 2608 2620 2669 atten-

393 2725 601 2784 tatum
650 2735 909 2801 semper
955 2718 1239 2783 Ecclesia
1291 2714 1732 2801 reprobavit),
1779 2717 1898 2784 sed
1957 2717 2300 2785 dumtaxat
2354 2736 2444 2784 ex
2495 2718 2618 2785 sibi

397 2832 572 2898 facto
600 2831 683 2897 ab
732 2831 1166 2898 ecclesiastica
1223 2839 1547 2914 potestate
1598 2832 2048 2916 procuratorio
2082 2831 2415 2899 mandato.
2471 2833 2617 2914 Quo

397 2964 586 3013 sensu
608 2966 738 3015 non
760 2947 961 3031 magis
987 2953 1311 3030 repugnat
1337 2946 1404 3010 in
1426 2947 1920 3023 matriculariOS,
1936 2965 2053 3012 seu
2082 2947 2170 3013 ad
2189 2946 2618 3030 temporalem

397 3062 718 3149 parochiae
756 3061 1401 3138 administrationem,
1428 3060 1726 3127 adhiberi
1764 3060 1983 3139 laicos,
2012 3077 2207 3145 quam
2245 3059 2334 3126 ad
2367 3060 2611 3139 aeditui,

397 3180 720 3258 advocati,
768 3179 1066 3243 similisve
1126 3177 1413 3242 muneris
1476 3176 1875 3261 explendum
1923 3174 2223 3243 officium.
2285 3177 2497 3261 Atque
2550 3176 2619 3244 id

398 3297 659 3363 omnino
688 3294 997 3379 supponit
1041 3301 1110 3358 et
1162 3300 1415 3359 certum
1467 3291 1622 3358 facit
1673 3291 2051 3358 Tridentino
2098 3289 2409 3376 synoduS,
2462 3291 2621 3359 dum

402 3377 699 3478 sessionis
721 3413 803 3475 22
835 3410 1048 3492 capite
1091 3412 1132 3476 9
1170 3408 1265 3473 sic
1306 3407 1604 3474 decernit
1634 3429 1649 3473 ε
1679 3411 2241 3489 ‚amministretur-es,
2290 3417 2415 3474 tam
2442 3411 2621 3473 eoele-

402 3534 635 3592 siastioi
661 3546 841 3609 quam
868 3529 1034 3605 laici,
1072 3528 1316 3606 fabricoe
1355 3528 1622 3606 cujusvis
1662 3527 1938 3600 emtam,
1992 3528 2177 3588 stiam
2224 3526 2614 3604 cathedralis,

403 3644 740 3726 hospitaliS,
780 3644 1326 3721 confraternitatis,
1363 3643 1740 3723 eleemosynoe
1786 3645 2005 3704 montis
2048 3646 2322 3723 pietatis,
2360 3647 2422 3704 et
2479 3661 2622 3722 quo-

402 3779 780 3840 rumcumque
806 3765 1044 3842 piorum
1078 3759 1363 3836 locorum,
1394 3760 1655 3839 sinyulis
1689 3763 1868 3822 annis
1905 3764 2218 3822 teneantur
2253 3759 2500 3822 reddere
2521 3777 2625 3821 ra-

401 3883 622 3942 tionem
645 3879 1196 3939 administrationis
1227 3877 1678 3953 ordinario...,·
1721 3879 1847 3938 nisi
1891 3893 2056 3937 secus
2092 3875 2250 3952 forte
2278 3878 2345 3936 in
2372 3879 2620 3937 institu-

402 3999 560 4057 tiono
608 4000 667 4055 et
703 3995 1085 4056 ordinatione
1144 3994 1287 4054 talis
1332 3992 1588 4053 ecclesiae
1631 4009 1735 4053 seu
1779 3992 2024 4069 fabricae
2064 4008 2340 4070 expresse
2383 3996 2624 4058 cautum

402 4115 575 4173 esset.
606 4110 778 4188 Quod
810 4110 978 4185 si...,
1019 4125 1099 4169 ex
1132 4110 1555 4169 constitutione
1590 4106 1798 4185 aliqua
1828 4106 1962 4183 loci,
2000 4105 2146 4167 aliis
2172 4105 2256 4167 ad
2287 4106 2355 4167 id
2379 4106 2627 4185 deputa·

405 4231 486 4288 tis
516 4229 680 4286 ratio
713 4224 1018 4286 reddenda
1044 4228 1218 4301 esset,
1265 4228 1404 4285 tunc
1443 4240 1577 4284 cum
1628 4225 1708 4283 iis
1747 4220 2107 4284 adhibeatur
2147 4225 2332 4284 etiam
2362 4222 2625 4284 Ordina-

402 4346 538 4403 rius
554 4363 583 4418 ‚·
628 4345 685 4401 et
716 4321 1105 4418 aliter’factoe
1136 4338 1518 4401 liberationes
1543 4338 1729 4400 dictis
1756 4337 2350 4399 administratoribus
2384 4339 2629 4399 minime

402 4459 836 4536 suffraqentur.
