3146 4973
589 377 720 442 668
1265 393 1644 443 'ruscum-us
1680 394 1769 442 nn
1811 394 2137 444 Panocno.

584 524 745 593 dum
772 525 858 594 de
894 528 1146 594 eaeteris
1166 527 1449 594 civitatis
1482 527 1804 613 parochis.
1848 527 1939 594 Ac
1967 529 2242 613 proinde
2283 537 2385 597 tot
2421 531 2490 596 in
2522 531 2823 616 hospitali

583 642 831 728 degere
857 644 1180 712 deberent
1204 646 1493 730 parochi,
1522 654 1638 713 aut
1665 643 2098 731 parochorum
2120 647 2366 739 vicarii,
2390 654 2554 734 quot
2585 649 2680 714 ibi
2712 648 2822 717 de·

585 778 742 843 gere
786 759 998 827 solent
1043 762 1369 827 variarum
1404 760 1862 845 parochiarum
1898 760 2159 827 infirmi.
2199 760 2280 827 Id
2315 780 2498 841 vero,
2529 764 2704 830 sicut
2741 784 2821 831 ex

583 874 960 942 confusione
1002 876 1336 955 nocivum,
1392 883 1462 941 et
1506 877 1615 940 vix
1661 876 1729 940 in
1774 877 1961 962 praxi
2002 875 2310 961 possibile
2327 924 2344 953 ,
2382 878 2475 944 ita
2515 878 2818 962 parochis

583 1009 833 1056 summe
878 1009 1225 1057 onerosum
1277 991 1475 1058 foret.
1540 992 1705 1056 Hinc
1749 1010 1899 1057 cum
1934 992 2112 1057 nulla
2168 991 2569 1059 intervenire
2612 994 2821 1060 soleat

582 1088 1015 1191 parochorum
1047 1107 1391 1192 oppositio,
1437 1108 1684 1173 nullius
1726 1108 1997 1191 parochi
2021 1106 2128 1192 jus
2165 1106 2450 1190 laeditnr,
2483 1117 2553 1175 et
2577 1108 2822 1175 induci·

583 1230 695 1288 tur
738 1221 1085 1291 laudabilis
1131 1223 1570 1304 consuetudo,
1618 1226 1685 1289 vi
1732 1224 1919 1310 qu'us
1961 1225 2031 1288 in
2089 1232 2427 1308 posterum
2485 1225 2819 1309 hospitalis

584 1338 854 1404 cuilibet
882 1356 1002 1422 pro
1043 1344 1343 1423 tempore
1390 1340 1772 1424 cappellano
1811 1338 2403 1424 quasi-parochialis
2448 1339 2817 1426 jurisdictio

585 1460 938 1536 competat.

673 1569 898 1653 Excipi
926 1569 1102 1635 forte
1131 1575 1350 1654 posset
1392 1569 1666 1655 alicuius
1713 1570 1894 1655 parvi
1927 1569 2149 1655 oppidi
2204 1570 2544 1656 hospitale,
2581 1574 2649 1637 in
2689 1590 2815 1659 quo

585 1702 718 1748 non
742 1685 864 1749 nisi
887 1686 1074 1767 pauci
1095 1687 1289 1751 unius
1314 1685 1637 1769 parochiae
1668 1685 1909 1751 infirmi
1935 1686 2467 1763 admitterentur,
2499 1694 2570 1753 et
2597 1688 2666 1751 in
2689 1705 2815 1773 qno

585 1798 776 1865 facile
821 1809 1041 1884 posset
1088 1801 1409 1886 parochus
1444 1802 1740 1885 proxime
1773 1801 2045 1886 degens,
2092 1820 2214 1886 per
2252 1820 2323 1866 se
2362 1803 2469 1869 vel
2503 1803 2814 1869 vicarium

582 1934 794 1995 suum,
833 1918 1091 2001 aegrotis
1140 1926 1379 2003 praesto
1435 1936 1578 1984 esse
1625 1926 1697 1984 et
1748 1925 2152 1985 sacramenta
2195 1919 2590 1985 ministrare.
2638 1920 2815 1986 Tunc

583 2033 756 2098 enim
784 2033 1106 2118 ejusmodi
1137 2034 1469 2119 hospitalis
1515 2054 1553 2099 a
1596 2033 2048 2120 jurisdictione
2077 2034 2345 2118 parochi
2392 2034 2806 2111 substractio,

581 2155 813 2232 utpote
861 2148 1106 2235 jurium
1162 2151 1624 2236 parochialium
1684 2152 2091 2236 aliquatenus
2161 2150 2375 2218 laesiva
2396 2199 2412 2230 ,
2465 2150 2807 2218 videretur

581 2267 947 2350 oppugnari
970 2285 1181 2350 posse.

671 2383 742 2445 4⁰
770 2382 977 2449 Hodie
1010 2381 1077 2448 in
1111 2383 1318 2450 Gallia
1368 2384 1643 2452 dubium
1679 2404 1810 2451 non
1838 2393 1938 2451 est
1966 2382 2525 2450 xenodochiorum
2551 2385 2814 2469 cappel-

578 2497 740 2563 lanis
799 2508 1174 2584 competere
1223 2501 1464 2569 dictam
1515 2501 2166 2588 quasi-parochialem
2225 2500 2750 2587 jurisdictionem
2791 2523 2807 2567 ε

579 2621 724 2680 tum
754 2613 841 2680 ob
884 2617 1218 2699 praefatam
1259 2618 1830 2696 consuetudinem,
1862 2636 2006 2703 quoe
2034 2618 2169 2703 jam
2206 2637 2243 2683 a
2280 2617 2484 2684 multo
2516 2623 2812 2701 tempore

580 2730 876 2815 invaluit3
908 2741 1052 2799 tum
1087 2734 1282 2799 etiam
1322 2736 1575 2802 ratione
1612 2732 1896 2799 inductoe
1933 2753 1970 2798 a
2002 2732 2303 2817 gubernii
2339 2734 2460 2799 hac
2497 2732 2583 2799 de
2620 2753 2697 2799 re
2727 2733 2816 2799 le·

577 2850 765 2934 gibus
808 2850 1231 2916 necessitatis.
1285 2851 1542 2917 Etenim
1587 2851 1781 2916 solvit
1831 2848 2096 2934 quidem
2142 2850 2532 2934 gubernium
2563 2856 2814 2916 certam

580 2965 665 3032 ad
689 2966 1146 3051 cappellanum
1166 2964 1679 3032 sustentandum
1703 2966 2118 3050 pensionem:
2155 2973 2387 3031 atvero
2417 2985 2545 3031 non
2572 2965 2818 3031 sineret

579 3082 863 3166 singulos
910 3082 1313 3149 infirmorum
1362 3083 1679 3164 parochos
1699 3131 1714 3161 ,
1767 3100 2079 3148 eorumve
2129 3082 2398 3147 vicarios
2445 3082 2816 3165 promiscue

582 3217 809 3264 curam
839 3198 934 3265 ibi
961 3218 1298 3266 exercere.
1331 3198 1521 3265 Unde
1560 3217 1712 3264 cum
1742 3197 1914 3264 hisce
1952 3198 2251 3264 civilibus
2287 3197 2817 3283 dispositionibus

580 3313 1069 3400 praepediantur
1095 3315 1363 3399 parochi
1389 3335 1471 3381 ne
1517 3314 1796 3381 officium
1819 3333 2009 3381 suum
2041 3313 2261 3400 quoad
2297 3313 2728 3398 parochianos
2748 3316 2814 3379 in

581 3430 878 3515 hospitali
908 3429 1224 3515 degentes
1245 3430 1516 3514 explere
1550 3431 1834 3507 valeant,
1887 3429 2127 3514 injuste
2168 3438 2238 3495 et
2276 3429 2546 3495 nulliter
2576 3447 2815 3515 quere-

580 3555 832 3624 rentur,
859 3546 1037 3633 quod
1055 3549 1414 3631 Episcopus
1430 3547 1519 3613 ibi
1544 3546 1994 3631 cappellanum
2017 3544 2104 3611 ad
2127 3564 2350 3611 curam
2375 3544 2813 3611 exercendam

582 3660 885 3747 deputet.
924 3664 1007 3728 Et
1036 3665 1126 3730 sic
1152 3684 1281 3731 non
1329 3671 1584 3729 tantum
1611 3663 1680 3728 in
1709 3662 1949 3730 erectis
1969 3660 2360 3747 jamdudum
2389 3661 2817 3747 hospitalibus

584 3781 968 3865 acquisitum
1005 3788 1105 3846 est
1133 3781 1513 3865 cappellano
1542 3781 1608 3843 vi
1647 3776 2137 3846 consuetudinis
2184 3777 2430 3844 dictum
2473 3777 2581 3864 jus
2610 3781 2816 3865 quasi·

582 3896 975 3982 parochiale,
1018 3897 1136 3964 sed
1164 3905 1233 3964 et
1252 3898 1319 3962 in
1343 3893 1698 3981 erigendis,
1736 3896 1821 3962 ob
1866 3896 2054 3961 aliam
2098 3893 2294 3960 modo
2325 3895 2686 3980 expositam
2715 3914 2816 3961 ra·

450 4043 460 4054 ·
584 4016 850 4082 tionem.

675 4133 987 4214 Qusss‘rm
1036 4136 1126 4198 3⁸.
1164 4167 1253 4179 -
1281 4137 1360 4197 In
1392 4152 1507 4216 quo
1540 4139 1679 4210 stet,
1712 4151 1814 4194 seu
1835 4133 1920 4194 ad
1952 4149 2226 4212 quoenam
2241 4131 2607 4192 extendatur
2623 4132 2818 4193 dicto·

586 4269 724 4313 rum
751 4251 1237 4332 cappellanorum
1263 4249 1835 4331 mmai—parochialis
1852 4249 2227 4331 jurisdictio.
2263 4282 2354 4295 —
2392 4249 2454 4308 1⁰
2485 4243 2818 4329 Ejusmodi

589 4364 953 4448 cappellani
981 4383 1112 4429 non
1128 4364 1354 4430 stricte
1388 4362 1654 4448 parochi
1681 4361 1957 4430 vocandi
1975 4367 2149 4439 sunt,
2179 4359 2298 4427 sed
2325 4362 2770 4443 quast-parocho·
2791 4382 2813 4423 .-

590 4482 747 4546 item
779 4480 889 4545 illa
925 4477 1279 4562 hospitalia,
1306 4498 1433 4544 non
1456 4479 1796 4563 parochiae,
1827 4476 1947 4545 sed
1973 4478 2488 4562 quasi-parochiae.
2524 4499 2556 4536 a
2584 4476 2812 4557 Quam·
