3146 4973
565 374 690 437 180
1234 388 1611 437 ΤιιΑοΤΛτυε
1658 390 1746 438 ns
1790 389 2119 438 raaocno.

551 513 731 579 tunis
761 512 1365 579 commonitionibus
1399 513 1489 601 (id
1530 517 1703 581 enim
1739 515 1846 580 hic
1889 534 2012 600 per
2052 516 2293 579 verbum
2338 518 2453 579 Dei
2490 514 2792 598 intelligi-

553 628 686 715 tur)
720 629 1140 714 parochianos
1172 650 1321 696 suos
1356 631 1740 712 informare,
1772 651 2132 718 eorumque
2173 632 2508 718 spirituale
2547 631 2787 698 bonum

551 765 965 830 promovere.
995 748 1161 812 Item
1190 749 1304 832 qui
1338 766 1471 813 non
1502 755 1775 815 tenetur
1806 770 1887 815 ex
1918 747 2124 815 officio
2159 756 2570 815 sacramenta
2606 766 2791 832 paro-

552 863 792 929 chianis
827 864 1219 941 ministrare,
1249 883 1660 950 nequaquam
1697 865 2020 950 parochus
2052 863 2316 931 dicitur.

640 978 1022 1045 Confirmari
1067 986 1287 1045 autem
1324 988 1547 1064 posset
1586 981 1934 1059 conclusi0,
1979 988 2121 1047 tum
2167 1000 2249 1046 ex
2281 980 2607 1048 nonnullis
2650 981 2788 1045 aliis

548 1093 982 1174 documentis,
1008 1103 1150 1161 tum
1181 1096 1510 1180 praecipue
1546 1116 1631 1161 ex
1661 1097 1858 1163 variis
1881 1097 2315 1162 Romanarum
2347 1098 2787 1181 congregatio-

545 1231 701 1277 num
727 1211 1254 1289 resolutionibuS,
1287 1221 1356 1277 et
1390 1214 1871 1279 canonistarum
1904 1212 2115 1280 dictis.
2159 1213 2568 1297 Ubicumque
2611 1214 2781 1278 enim

547 1331 761 1413 agitur
788 1329 871 1396 de
903 1329 1334 1414 parochorum
1361 1328 1589 1407 officio,
1625 1331 1732 1395 vel
1760 1330 2166 1414 exprimitur,
2198 1330 2305 1396 vel
2334 1330 2646 1408 innuitur,
2678 1328 2784 1394 vel

545 1446 954 1530 supponitur,
990 1442 1436 1529 parochiatum
1475 1464 1617 1509 esse
1663 1446 1923 1525 officium
1960 1448 2242 1526 aliquod,
2283 1449 2366 1509 ad
2401 1465 2607 1508 curam
2649 1450 2785 1509 am·-

548 1580 806 1640 marum,
835 1579 948 1641 per
992 1562 1158 1623 verbi
1201 1562 1316 1623 Dei
1342 1567 1398 1621 et
1430 1566 1940 1622 sacramentorum
1968 1566 2475 1623 ministrationem
2506 1580 2785 1622 exerceri»

542 1678 708 1755 dam,
750 1681 1120 1738 institutum.
1151 1671 1202 1738 Α
1231 1673 1469 1757 quibus
1502 1672 1911 1740 adducendis
1942 1672 2373 1753 documentiS,
2418 1694 2566 1739 cum
2596 1673 2682 1740 de
2708 1695 2782 1738 re

547 1791 918 1857 nullatenus
947 1799 1370 1856 controversa
1420 1796 1671 1874 agatur,
1722 1790 2179 1857 abstinendum
2230 1789 2557 1856 duximus.
2610 1792 2780 1856 Dum

549 1928 707 1974 vero
756 1905 1030 1972 dicimus
1078 1906 1163 1972 ad
1215 1906 1586 1990 parochiale
1637 1905 1917 1972 officium
1975 1909 2412 1974 essentialiter
2446 1909 2781 1992 pertinere

547 2029 714 2088 verbi
745 2030 856 2089 Dei
903 2032 961 2088 et
1010 2032 1522 2088 sacramentorum
1554 2031 2086 2103 ministrationem,
2124 2027 2429 2092 intactam
2477 2027 2778 2111 relinqui-

546 2162 690 2207 mus
731 2143 1150 2227 quaestionem
1193 2141 1363 2207 infra
1406 2140 1862 2208 excutiendam
1883 2191 1899 2221 ‚
1943 2163 2023 2208 an
2072 2142 2195 2207 alia
2238 2144 2432 2208 etiam
2481 2141 2562 2208 ad
2600 2141 2775 2207 idem

546 2257 820 2324 officium
869 2258 1284 2341 pertineant3
1333 2256 1450 2323 sed
1502 2259 1850 2324 asserimus
1895 2257 2235 2325 dumtaxat
2289 2257 2359 2324 id
2410 2236 2640 2324 saltem
2692 2256 2775 2322 ad

547 2375 689 2459 ejus
726 2374 1067 2439 essentiam
1097 2375 1363 2456 requiri.

639 2496 1040 2556 corollarium
1076 2493 1249 2554 1.-
1276 2490 1447 2574 Ergo
1480 2491 1897 2574 parochiatus
1926 2511 2146 2558 secum
2177 2492 2381 2559 infert
2413 2493 2537 2559 fori
2571 2494 2777 2576 poeni-

550 2610 833 2675 tentialis
891 2606 1432 2693 jurisdictionem.
1487 2608 1650 2672 Nam
1684 2628 1831 2673 cum
1891 2610 1972 2673 sit
2018 2611 2449 2676 essentialiter
2502 2609 2775 2675 officium

548 2721 952 2791 ministrandi
996 2730 1422 2802 sacramenta,
1468 2732 1569 2789 est
1617 2724 1737 2790 hoc
1783 2725 1942 2809 ipso,
1990 2731 2059 2791 et
2105 2726 2455 2809 praecipue,
2499 2723 2774 2789 officium

547 2840 954 2908 ministrandi
1024 2840 1561 2906 sacramentalem
1620 2841 2134 2928 absolutionem3
2198 2862 2337 2929 quae
2391 2842 2776 2908 ministratio

539 2959 1056 3044 jurisdictionem
1092 2958 1218 3021 fori
1245 2959 1487 3022 interni
1516 2959 1880 3024 necessario
1910 2960 2130 3043 exigit.
2153 2957 2345 3024 Unde
2375 2959 2774 3025 constituere

547 3076 826 3161 aliquem
861 3073 1214 3157 parochum
1267 3081 1366 3138 est
1424 3073 1615 3138 simul
1669 3082 1738 3139 et
1780 3074 1902 3142 boc
1957 3076 2100 3158 ipso
2144 3077 2266 3159 ipsi
2313 3074 2614 3140 conferre
2647 3073 2773 3137 fori

547 3190 1010 3276 poenitentialis
1027 3186 1543 3273 jurisdictionem
1570 3211 1583 3253 :
1618 3188 1902 3273 alioquin
1929 3191 2101 3256 enim
2121 3191 2311 3255 simul
2341 3188 2774 3273 deputaretur

545 3320 614 3378 et
645 3330 780 3376 non
803 3306 1240 3390 deputaretur
1264 3303 1347 3369 ad
1367 3304 1791 3370 ministranda
1815 3315 2235 3382 sacramenta,
2264 3325 2380 3370 seu
2409 3306 2597 3371 simul
2628 3325 2772 3370 con·

543 3431 934 3495 stitueretur
975 3432 1044 3488 et
1087 3443 1216 3487 non
1255 3424 1770 3487 constitueretur
1816 3422 2156 3506 parochus.
2196 3424 2358 3489 Hinc
2386 3431 2640 3489 certum
2672 3430 2771 3489 est

542 3556 612 3613 et
640 3545 722 3611 ab
756 3542 1055 3609 omnibus
1087 3539 1466 3614 admissum,
1504 3540 1808 3624 parochis
1843 3562 1927 3606 ex
1967 3542 2108 3626 ipso
2151 3560 2378 3607 eorum
2409 3542 2614 3609 officio
2645 3539 2768 3605 fori

542 3660 1002 3747 poenitentialis
1028 3657 1544 3743 jurisdictionem
1577 3667 1977 3742 competere.

633 3780 1036 3844 Corollarium
1057 3778 1119 3839 2.
1145 3812 1234 3822 —
1258 3776 1430 3858 Ergo
1465 3774 1548 3840 de
1580 3772 1786 3842 officio
1818 3775 2170 3859 parochiali
2199 3787 2297 3843 est
2328 3777 2546 3863 aliquo
2574 3775 2769 3843 modo

539 3899 607 3984 ⁴iu
645 3892 1064 3980 parochianos
1098 3892 1464 3975 invigilare.
1498 3893 1658 3957 Nam
1704 3890 1787 3957 ad
1835 3891 2001 3957 illud
2032 3892 2307 3958 officium
2345 3893 2655 3977 pertinet,
2685 3911 2766 3956 cx

539 4013 764 4090 dictis,
817 4009 1247 4074 instructione
1279 4009 1582 4092 religiosa
1628 4016 1695 4074 et
1737 4009 2119 4092 opportunis
2160 4007 2769 4075 commonitionibus

531 4126 962 4214 „parochianos
991 4144 1244 4190 curare.
1306 4123 1435 4190 Sed
1483 4131 1857 4209 opportune
1898 4125 2326 4208 parochianos
2353 4141 2764 4192 commonere

537 4243 831 4330 nequibit
854 4240 1198 4325 parochuS‚
1234 4240 1356 4304 nisi
1380 4260 1492 4306 eos
1523 4246 1775 4319 noscat,
1809 4249 1877 4306 et
1910 4260 2040 4327 quo
2063 4261 2132 4307 se
2159 4240 2352 4306 modo
2383 4246 2616 4324 gerant
2651 4238 2766 4302 ob·

536 4366 794 4443 servet3
851 4356 935 4423 ad
972 4355 1170 4442 quod,
1228 4362 1304 4422 ut
1347 4362 1553 4439 patet,
1616 4356 1828 4442 aliqua
1867 4359 2229 4442 requiritur
2278 4354 2587 4440 vigilandi
2647 4374 2760 4420 seu

533 4474 917 4545 attendendi
952 4482 1018 4540 et
1059 4470 1439 4557 inspiciendi
1474 4472 1766 4557 impensa
1810 4492 2032 4557 opera.
