3146 4973
615 348 744 409 400
1289 359 1663 409 Tmen-rus
1712 361 1798 407 na
1844 360 2172 407 maomm.

616 488 901 552 fenstuel
936 486 1020 572 (in
1060 487 1161 550 tit.
1202 489 1265 562 2,
1314 484 1461 550 libri
1514 488 1550 549 3
1604 482 2056 561 decretalium,
2093 504 2158 547 n.
2204 483 2341 566 4o);
2394 484 2510 549 sed
2556 484 2641 550 de
2699 485 2845 569 ejus

613 602 1104 668 authenticitate
1144 599 1407 665 dubitat
1448 598 1660 686 (ibid.,
1703 620 1768 663 n.
1799 597 1934 681 42).
1979 600 2303 663 Doctrinae
2359 608 2578 666 autem
2628 620 2665 664 a
2705 601 2844 664 lau-

611 718 765 782 dato
805 716 1231 782 Reiffenstuel
1262 717 1434 780 circa
1470 716 1864 799 propositam
1909 715 2329 797 quaestionem
2375 715 2632 781 traditae
2678 736 2843 781 sum-

616 852 717 897 ma
750 831 888 896 haec
925 839 1025 896 est
1066 833 1291 918 (instit.
1324 835 1386 909 2,
1423 832 1467 896 l.
1505 834 1540 896 3
1581 829 1795 907 decr.,
1826 849 1891 894 n.
1925 830 2034 913 35)
2065 852 2078 892 :

714 953 775 1012 1⁰
816 952 962 1010 ,lure
1003 953 1271 1028 antiquo,
1314 946 1811 1012 concubinarius
1857 947 2152 1011 notorius
2213 965 2445 1012 revera
2494 967 2845 1032 suspensus

615 1073 779 1141 erat,
815 1082 945 1128 non
972 1070 1228 1127 tantum
1264 1067 1460 1144 quoad
1489 1083 1550 1124 se
1591 1062 1731 1146 (seu
1785 1062 2204 1143 suspensione
2243 1063 2595 1146 improprie
2633 1063 2834 1143 dicta,

615 1198 758 1262 quoe
787 1197 917 1242 non
961 1178 1217 1244 inducit
1245 1178 1799 1262 irregularitatem
1837 1178 1900 1240 in
1940 1176 2201 1254 clerico,
2252 1179 2303 1242 si
2339 1178 2679 1264 celebret),
2724 1178 2845 1244 sed

616 1296 809 1359 etiam
837 1298 1034 1376 quoad
1061 1298 1237 1373 alios,
1297 1295 1386 1357 ita
1424 1299 1495 1357 ut
1528 1301 1882 1376 peccarent
1914 1290 2254 1359 audientes
2291 1295 2545 1358 missam
2583 1295 2844 1378 aliaque

616 1409 820 1473 officia
849 1407 1169 1492 ejusmodi
1199 1408 1438 1484 clerici,
1478 1416 1547 1471 et
1582 1409 1722 1489 ipse
1749 1407 2299 1489 irregularitatem
2325 1409 2721 1475 celebrando
2746 1413 2847 1473 in-

617 1533 936 1590 curreret.

705 1644 773 1704 2ο
807 1642 961 1705 Post
1016 1639 1544 1706 constitutionem
1590 1641 1846 1704 Martini
1876 1642 1931 1706 V
1970 1645 2064 1705 Ad
2110 1645 2416 1718 evitanda,
2455 1642 2517 1705 in
2573 1642 2846 1707 concilio

617 1757 1087 1821 constantiensi
1116 1754 1379 1833 editam,
1424 1775 1549 1821 non
1602 1765 1914 1822 tenentur
1962 1757 2194 1823 fideles
2241 1758 2566 1824 abstinere
2607 1758 2689 1823 ab
2737 1778 2846 1823 au·

618 1870 862 1937 dienda
911 1872 1100 1936 missa
1139 1871 1600 1948 concubinarii,
1647 1875 1842 1936 etiam
1877 1876 2136 1950 notorii,
2191 1875 2309 1937 nisi
2352 1876 2723 1940 nominatim
2777 1883 2846 1938 et

617 1986 878 2068 publice
904 1986 1108 2051 fuerit
1140 1985 1582 2051 denuntiatus,
1606 1987 1746 2068 Qua
1782 1986 2202 2069 dispositione
2242 2006 2610 2071 praecavere
2643 1989 2845 2053 voluit

618 2101 835 2166 dictus
868 2101 1171 2167 Pontifex
1203 2102 1738 2166 conscientiarum
1773 2102 2224 2167 timoratarum
2249 2104 2609 2168 anxietates
2635 2111 2701 2168 et
2734 2122 2845 2185 pe-

621 2217 845 2282 ricula.

710 2338 782 2397 3⁰
803 2332 898 2397 An
927 2341 1141 2397 tamen
1170 2332 1667 2397 concubinarius
1699 2335 1988 2398 notorius
2017 2333 2208 2398 hodie
2239 2336 2320 2398 sit
2359 2334 2500 2416 ipso
2533 2332 2681 2417 jure
2709 2353 2847 2398 sus-

622 2468 880 2533 pensus,
918 2449 1336 2532 suspensione
1368 2450 1632 2532 proprie
1675 2447 1875 2528 dicta,
1914 2452 2002 2516 ita
2050 2458 2126 2516 ut
2174 2469 2407 2534 nempe
2452 2449 2848 2517 celebrando

622 2569 909 2631 incurrat
935 2566 1436 2647 irregularitem,
1459 2563 1851 2647 disputatur.
1887 2567 2016 2632 Pro
2044 2568 2372 2632 sententia
2399 2568 2700 2649 negativa
2722 2571 2849 2630 stat

622 2683 797 2745 inter
825 2681 980 2745 alios
1009 2682 1346 2762 Fagnanus
1371 2680 1460 2764 (in
1488 2686 1684 2761 caput
1717 2686 2070 2761 Quoesitum,
2103 2684 2178 2745 de
2199 2683 2654 2746 Cohabitatione
2682 2684 2849 2743 cleri-

622 2815 823 2857 corum
854 2803 912 2857 et
937 2797 1279 2870 mulierum,
1323 2813 1388 2856 n.
1426 2793 1559 2875 22).
1598 2793 1696 2859 Ad
1727 2794 2049 2877 objectam
2088 2804 2307 2861 autem
2337 2793 2845 2860 declarationem

624 2911 828 2974 Sacrae
883 2908 1409 2990 Congregationis
1465 2908 1751 2985 Concilii,
1783 2928 1980 2992 supra
2018 2910 2304 2985 citatam,
2344 2929 2485 2993 quae
2528 2909 2848 2973 contraria

622 3023 908 3100 videtur,
944 3023 1032 3087 sic
1070 3021 1428 3106 respondet
1462 3023 1882 3089 Reiffenstuel
1919 3024 2140 3108 (citato
2167 3025 2332 3100 1000,
2360 3044 2423 3087 n.
2466 3022 2571 3106 42)
2619 3046 2631 3087 :
2682 3047 2713 3083 (ι
2744 3022 2843 3087 Ad

625 3166 655 3201 «
699 3140 1205 3206 declarationem
1239 3141 1444 3205 Sacroe
1473 3139 2005 3222 congregationis
2043 3158 2169 3203 non
2202 3147 2461 3224 oportet
2497 3138 2850 3223 responde-

627 3282 658 3316 «
694 3276 789 3333 re,
817 3254 1027 3323 donec
1062 3255 1147 3321 de
1169 3254 1313 3339 ejus
1346 3257 1624 3320 veritate
1655 3262 1931 3331 constet,
1976 3263 2172 3338 atque
2203 3254 2516 3320 afferatur
2545 3256 2612 3318 in
2640 3255 2848 3320 forma

627 3398 658 3437 «
702 3375 1093 3441 authentica.
1127 3374 1217 3437 Eo
1268 3373 1652 3454 praesertim‚
1691 3372 1864 3454 quia,
1908 3379 1980 3435 ut
2008 3371 2111 3435 hic
2165 3372 2503 3455 allegatur,
2541 3371 2850 3454 probaret

627 3517 658 3553 «
699 3494 914 3566 etiam,
945 3487 1123 3572 quod
1147 3488 1369 3551 clerici
1399 3489 1654 3551 notorie
1693 3486 2130 3553 concubinarii
2161 3487 2245 3551 de
2274 3488 2449 3553 facto
2479 3496 2694 3553 essent
2720 3508 2854 3553 sus-

628 3631 658 3663 «
707 3605 885 3686 pensi
925 3604 988 3666 in
1030 3600 1262 3665 divinis
1303 3598 1518 3683 quoad
1557 3599 1735 3675 alioS,
1764 3610 1962 3683 prout
1999 3602 2267 3667 fuerunt
2304 3605 2372 3666 in
2407 3603 2616 3668 veteri
2657 3602 2839 3685 jure:

627 3746 658 3779 «
696 3716 868 3802 quod
901 3725 1118 3782 tamen
1143 3723 1241 3780 est
1274 3722 1500 3778 contra
1539 3713 1782 3778 bullam
1803 3717 2060 3782 Martini
2084 3720 2139 3779 V
2181 3720 2275 3781 Ad
2305 3722 2612 3796 evitanda,
2637 3727 2705 3782 ot
2740 3716 2846 3782 do-

627 3858 657 3893 «
704 3841 920 3898 ctores
951 3831 1404 3897 communiter.
1435 3850 1468 3891 υ

710 3951 1016 4029 QUAESTIO
1044 3952 1238 4013 3·.-
1263 3952 1599 4026 Quamnam
1629 3951 1700 4011 ob
1724 3968 1963 4011 causam
1984 3954 2176 4030 possit
2206 3954 2535 4032 Episcopus
2570 3954 2841 4013 clericum

620 4068 1019 4147 suspendere?
1039 4099 1128 4110 —-
1154 4063 1423 4125 Certum
1458 4069 1557 4126 est
1584 4059 1653 4126 id
1692 4080 1840 4127 eum
1873 4081 2061 4145 posse
2094 4063 2178 4128 ob
2202 4065 2463 4147 culpam
2493 4065 2845 4149 quamlibet

621 4181 983 4246 mortalem.
1023 4178 1124 4243 Ob
1166 4177 1482 4242 venialem
1514 4185 1735 4242 autem
1779 4197 1901 4243 non
1944 4187 2159 4261 posset
2198 4181 2314 4244 nisi
2362 4184 2545 4244 levem
2583 4199 2848 4264 suspen-

619 4300 861 4364 sionem
894 4293 1211 4375 infligere‚
1257 4297 1414 4374 puta
1442 4310 1479 4354 a
1514 4290 1904 4357 celebranda
1952 4294 2136 4359 missa
2171 4313 2300 4361 uno
2328 4303 2441 4360 aut
2469 4296 2680 4362 altero
2712 4294 2837 4359 dio.
