3146 4973
584 377 709 442 284
974 412 979 417 ·
1259 390 1636 439 meru-us
1679 392 1768 439 nn
1810 388 2137 438 ranocno.

587 541 623 581 or
656 520 983 585 uniantur.
1022 519 1103 584 Et
1135 517 1284 583 tal‘m
1324 516 1477 583 unio
1516 514 1877 598 praesertim
1907 512 2016 590 fit,
2053 526 2202 577 cum
2233 509 2380 578 duoe
2416 512 2816 596 parochiales

587 653 622 692 α
655 632 942 698 ecclesiae
990 630 1240 708 vicinae,
1280 636 1351 695 et
1393 628 1639 714 populo
1691 626 1967 714 (ratione
2004 625 2162 691 belli
2179 673 2198 702 ,
2237 627 2460 710 pestis,
2496 635 2566 693 et
2594 627 2815 712 hujus-

587 769 622 808 «
656 744 854 830 modi)
879 744 1070 812 valde
1094 744 1448 822 destitutae,
1468 745 1561 809 ita
1584 741 1671 808 ad
1691 743 1968 807 invicem
1996 740 2331 821 uniuntur,
2357 750 2434 808 ut
2456 763 2536 809 ex
2562 743 2816 811 duabus

586 883 621 924 α
652 860 767 927 fiat
809 860 1265 927 tantummodo
1313 859 1527 923 unica.
1575 859 1658 923 Et
1701 863 1862 922 tunc
1905 856 2017 921 illa
2056 856 2247 922 unica
2288 876 2375 923 ex
2420 856 2678 925 duabus
2720 859 2814 925 sic

586 995 620 1033 «
652 975 850 1039 unitis
877 973 1202 1039 resultans
1216 1020 1233 1049 ‚
1268 972 1513 1037 retinet
1552 967 2055 1036 consuetudines
2092 976 2163 1033 et
2193 970 2530 1056 privilegia
2567 972 2817 1039 favora-

582 1110 618 1151 «
653 1089 803 1155 bilia
830 1091 1167 1174 utriusque
1193 1088 1482 1155 ecelesiae
1507 1088 1599 1152 sic
1624 1087 1692 1152 in
1718 1103 1913 1151 unam
1941 1085 2245 1152 redactae.
2277 1086 2470 1153 Unde
2494 1086 2634 1153 haec
2661 1090 2814 1155 unio

584 1226 618 1264 a
652 1201 893 1268 dicitur
926 1209 1265 1267 exemtiva
1297 1221 1414 1267 seu
1451 1200 1864 1285 translativa;
1896 1219 1976 1266 eo
2004 1199 2181 1286 quod
2209 1218 2294 1269 ex
2320 1200 2578 1268 duabus
2613 1204 2814 1271 eccle·

584 1339 619 1379 «
652 1317 760 1381 siis
803 1316 919 1382 fiat
960 1317 1148 1382 unica
1183 1321 1437 1381 tantum
1457 1363 1473 1394 ,
1505 1314 1727 1399 sicque
1764 1314 1973 1381 altera
2008 1315 2217 1379 minus
2261 1315 2667 1400 privilegiata
2706 1338 2815 1383 ex-

584 1454 619 1494 «
647 1433 1016 1516 stinguatur
1058 1450 1135 1495 ac
1182 1432 1565 1515 perimatur,
1609 1436 1678 1495 et
1719 1428 1784 1493 in
1818 1429 2007 1494 aliam
2045 1430 2248 1515 magis
2289 1431 2761 1516 privilegiatam
2787 1482 2803 1511 ,

583 1568 619 1607 α
652 1564 728 1613 ac
770 1546 1131 1631 potioribus
1162 1545 1416 1631 juribus
1446 1543 1839 1628 gaudentem
1872 1545 2328 1624 transferatur,
2363 1564 2439 1612 ac
2481 1565 2632 1613 cum
2666 1549 2804 1632 ipsa

584 1682 618 1722 α
651 1662 912 1729 omnino
944 1662 1425 1744 incorporetur.

673 1799 707 1837 α
739 1781 1007 1842 Secmndo
1028 1779 1202 1841 modo
1221 1775 1298 1840 fit
1322 1775 1470 1841 talis
1493 1775 1667 1851 unio,
1695 1792 1845 1841 cum
1868 1773 2013 1840 duoe
2046 1774 2332 1841 ecclesiae
2358 1775 2449 1840 ita
2470 1776 2806 1856 uniuntur,

585 1918 616 1955 α
650 1902 727 1961 ut
752 1913 883 1960 non
911 1894 1273 1961 coalescant
1304 1893 1490 1980 (sicut
1520 1892 1697 1959 dicto
1724 1894 1935 1976 primo
1963 1890 2178 1976 modo)
2213 1894 2280 1956 in
2304 1911 2507 1958 unum
2534 1912 2807 1979 corpus3

583 2031 614 2068 «
651 2007 768 2074 sed
802 2028 930 2075 una
956 2009 1040 2074 sit
1071 2010 1392 2092 superior,
1435 2012 1505 2073 et
1533 2007 1656 2073 alia
1690 2006 1961 2072 inferior
1988 2024 2064 2071 ac
2094 2008 2452 2073 accessoria
2487 2010 2808 2092 superiori

580 2147 613 2182 α
650 2143 766 2190 seu
799 2123 1244 2208 principaliori
1272 2145 1285 2187 :
1323 2130 1392 2187 et
1422 2121 1592 2188 solet
1624 2120 1770 2188 fieri
1803 2140 1924 2205 pro
1954 2129 2303 2205 augmento
2340 2120 2514 2187 dotis
2542 2123 2812 2190 alterius

526 2246 537 2255 ’
582 2261 615 2299 α
652 2239 1131 2332 beneficii,·non
1153 2238 1454 2304 habentis
1482 2236 1870 2304 sufficientes
1886 2237 2140 2303 reditus
2164 2256 2285 2321 pro
2308 2256 2592 2323 congrua
2616 2238 2813 2305 bene·

582 2376 615 2413 «
651 2353 883 2420 ficiarii
915 2355 1407 2420 sustentatione.
1446 2353 1637 2420 Unde
1669 2354 1821 2419 talis
1850 2354 2002 2419 unio
2030 2359 2447 2436 nuncupatur
2480 2361 2811 2419 accessoria

580 2491 612 2528 α
646 2488 763 2534 seu
784 2472 1130 2553 subjectiva.
1161 2468 1392 2554 Sicque
1419 2468 1704 2535 Ecclesia
1738 2470 2092 2535 accessorie
2119 2468 2312 2535 alteri
2340 2470 2518 2536 unita
2544 2471 2810 2536 assumit

579 2606 612 2644 «r
650 2592 972 2664 naturam,
1005 2583 1511 2652 consuetudines
1538 2591 1608 2650 et
1637 2583 1976 2668 privilegia
2001 2585 2395 2668 principalis,
2431 2586 2537 2650 cui
2565 2592 2666 2653 est
2694 2605 2807 2652 an-

579 2721 612 2758 «
648 2718 835 2765 nexa.

667 2840 697 2876 a
741 2820 938 2879 Tertio
978 2819 1152 2880 modo
1176 2814 1255 2880 fit
1282 2816 1427 2882 talis
1461 2817 1637 2893 unio,
1670 2833 1818 2881 cum
1861 2823 2096 2881 neutra
2126 2816 2411 2882 Ecclesia
2439 2815 2630 2881 alteri
2653 2815 2809 2882 suh-

577 2954 610 2991 «
641 2929 866 3015 jicitur
898 2930 1125 3013 (sicuti
1162 2930 1339 2998 dicto
1382 2930 1671 2997 secundo
1700 2928 1955 3014 modo),
1989 2949 2112 2997 nec
2149 2933 2302 3014 ipsoe
2343 2932 2714 2998 coalescunt
2738 2931 2805 2997 in

575 3068 611 3107 α
643 3063 843 3112 unum
876 3064 1114 3129 corpus
1140 3045 1353 3132 (sicuti
1383 3045 1564 3113 dicto
1596 3049 1808 3131 primo
1847 3044 2088 3131 modo),
2123 3045 2240 3112 sed
2271 3046 2475 3112 ambae
2505 3046 2803 3112 Ecclesioe

574 3185 607 3222 a
643 3162 733 3228 ita
779 3179 965 3247 aeque
1017 3162 1466 3246 principaliter
1512 3163 1793 3229 invicem
1844 3162 2180 3239 uniuntur,
2220 3168 2299 3226 ut
2340 3161 2543 3226 ambae
2590 3160 2803 3227 adhuc

575 3301 607 3338 «
642 3297 831 3345 sunm
862 3278 1124 3346 titulum
1160 3285 1358 3365 atque
1396 3279 1666 3344 honoris
1706 3276 1983 3362 gradum
2018 3278 2364 3354 retineant,
2394 3284 2463 3343 et
2489 3275 2695 3343 solum
2718 3279 2803 3344 ab

576 3418 608 3456 ιι
644 3413 772 3460 uno
814 3394 1178 3479 eodemque
1220 3402 1480 3460 rectore
1517 3401 1866 3478 regantur3
1913 3394 2133 3478 sieque
2172 3393 2384 3460 adhuc
2422 3403 2805 3461 remaneant

575 3535 604 3569 α
644 3510 777 3577 duo
821 3510 1134 3576 beneficia
1167 3509 1427 3574 omnino
1464 3507 1809 3591 distincta3
1844 3507 2031 3573 verbi
2059 3509 2286 3591 gratia,
2337 3508 2472 3575 duo
2512 3509 2803 3575 distincti

575 3650 605 3680 «
640 3626 1049 3708 episcopatus
1069 3671 1086 3701 ,
1146 3623 1447 3709 quamvis
1493 3624 1578 3688 sit
1632 3624 1862 3689 unicus
1913 3630 1982 3688 et
2023 3622 2202 3688 idem
2265 3625 2604 3709 utriusque
2655 3625 2807 3707 Epi·

574 3761 608 3798 α
642 3757 897 3835 scopus.
969 3740 1052 3804 Et
1114 3739 1261 3804 talis
1313 3739 1465 3805 unio
1528 3739 1899 3822 appellatur
1958 3739 2114 3804 unio
2176 3759 2336 3820 oeque
2379 3740 2807 3821 principaliter

574 3878 606 3914 α
641 3854 835 3937 facta3
870 3873 1013 3940 quae
1041 3853 1224 3921 aliud
1250 3875 1383 3921 non
1418 3864 1755 3939 operatur,
1787 3857 1908 3921 nisi
1933 3862 2009 3922 ut
2035 3863 2256 3921 rector
2285 3856 2474 3921 unius
2501 3855 2585 3921 sit
2611 3855 2805 3920 etiam

575 3994 609 4033 α
643 3978 866 4037 rector
910 3971 1200 4037 alterius.
1236 3994 1268 4032 υ
1315 3971 1674 4057 (Fennis,
1732 3969 1818 4036 ad
1864 3990 2090 4036 vocem
2147 3974 2302 4036 Um‘o
2347 3970 2796 4049 beneficiormn,

566 4106 635 4151 n.
688 4091 706 4151 l
758 4094 830 4153 et
861 4086 1031 4172 seq.)

659 4205 838 4270 Hanc
859 4202 943 4269 de
968 4204 1163 4270 variis
1186 4206 1496 4270 unionum
1523 4201 1864 4287 speciebus
1893 4202 2241 4280 notionem,
2271 4201 2464 4268 modo
2487 4202 2804 4285 tantisper

566 4316 849 4395 diverso,
882 4316 1101 4402 quoad
1139 4337 1282 4385 rem
1323 4327 1541 4384 tamen
1579 4324 1993 4394 consonante,
2027 4316 2233 4382 tradit
2261 4316 2515 4401 Riganti
2550 4315 2640 4400 (in
2671 4315 2803 4399 pri-

570 4452 739 4501 mam
769 4441 1024 4519 partem
1053 4436 1297 4519 regulae
1329 4440 1369 4502 9
1401 4434 1830 4510 cancellariis,
1867 4438 1898 4512 5
1933 4437 1997 4511 2,
2033 4453 2097 4498 n.
2137 4430 2317 4518 402).
