3146 4973
526 360 548 427 1
574 358 652 431 10
1203 369 1582 429 moruus
1623 370 1715 427 »ἢ
1756 368 2086 429 PABOCHO·

515 516 647 585 quo
673 494 1074 571 documento
1115 494 1396 579 exprimi
1423 495 1911 579 persuasionem
1934 492 2022 569 de
2043 494 2330 581 paroch-‘s
2366 493 2560 569 simul
2601 512 2751 567 cum

513 613 923 696 septuaginta
954 610 1212 677 duobus
1251 631 1289 674 a
1334 610 1593 683 Christo
1624 611 1961 681 institutis.
1995 611 2383 697 Exprimunt
2417 609 2754 687 dumtaxat

514 725 908 801 documenta
942 725 1115 804 haec,
1160 724 1356 797 fuisse
1405 728 1488 799 72
1537 724 1890 813 discipulos
1933 724 2205 799 secundi
2247 724 2598 797 sacerdotii
2634 744 2753 801 seu

504 845 990 930 presbyterorum
1027 852 1280 928 typum.
1330 840 1525 928 Quod
1569 849 1793 915 autem
1838 842 1905 907 in
1949 843 2027 915 iis
2061 842 2362 915 textibus
2412 860 2543 913 vox
2578 862 2756 929 pre&

511 961 706 1042 omem·
750 956 928 1031 idem
972 963 1162 1033 sonet
1197 976 1272 1023 ac
1305 958 1587 1039 parochi,
1643 955 1963 1029 affirmant
2006 956 2276 1042 quidem
2323 956 2730 1047 parochiatae.

511 1071 629 1143 sed
653 1074 857 1159 gratis
885 1080 956 1143 et
981 1070 1168 1149 falso,
1207 1080 1284 1143 ut
1308 1090 1514 1163 supra
1536 1071 1694 1145 satis
1723 1071 2170 1158 probavimus,

598 1190 768 1263 Item
790 1186 1183 1261 documenta
1208 1187 1443 1273 quibus
1469 1187 1819 1277 probatum
1836 1188 2089 1268 volunt,
2118 1188 2445 1261 exstitisse
2470 1209 2507 1261 a
2529 1188 2753 1272 primis

511 1305 812 1381 Ecclesiae
842 1304 1128 1379 exordiis
1158 1304 1498 1388 parochos,
1529 1305 1795 1375 minime
1822 1304 1894 1379 id
1938 1304 2254 1393 probant3
2287 1305 2441 1393 quia
2474 1304 2755 1387 intelligi

509 1429 803 1504 possunt,
832 1428 903 1495 et
930 1419 1015 1487 de
1052 1420 1229 1491 facto
1257 1419 1341 1487 ab
1374 1418 1653 1489 eruditis
1692 1420 2176 1505 intelliguntur,
2218 1420 2341 1487 alia
2366 1417 2633 1505 quidem
2662 1416 2750 1489 de

507 1537 863 1623 Episcopis,
900 1536 1026 1607 alia
1048 1533 1133 1601 de
1167 1533 1612 1621 presbyteris3
1647 1554 1772 1603 nec
1799 1536 1929 1605 ulla
1957 1543 2059 1601 est
2090 1554 2219 1601 vox
2250 1554 2393 1621 quas
2431 1533 2752 1619 parochos

507 1652 773 1735 proprie
804 1650 1014 1723 dictos
1039 1657 1293 1737 arguat.
1330 1651 1610 1721 Econtra
1641 1650 1889 1721 eruditi
1923 1669 2075 1717 cum
2106 1652 2309 1719 Mario
2353 1651 2537 1745 Lupo
2584 1650 2752 1715 invi-

506 1767 629 1839 ctis
658 1766 1093 1839 monumentis
1118 1764 1423 1849 probant.
1459 1765 1643 1835 initio
1688 1765 1902 1834 nullos
1946 1767 2270 1839 exstitisse
2304 1765 2646 1850 parochos,
2678 1772 2751 1831 et

508 1897 680 1953 anno
713 1880 885 1947 1000
904 1878 1308 1949 recentiores
1329 1894 1443 1943 eos
1466 1875 1665 1945 fnisse
1696 1878 1764 1943 in
1794 1877 2473 1961 civitatibus.1usuper
2498 1878 2749 1947 etiamsi

507 1997 858 2073 constaret,
886 1991 1177 2061 secundo
1202 1997 1316 2061 aut
1340 1991 1536 2061 etiam
1560 1991 1770 2087 primo
1792 1993 2032 2059 saeculo
2053 1993 2379 2063 exstitisse
2402 1992 2745 2077 parochos„

505 2106 813 2183 concludi
861 2105 1016 2183 iude
1077 2108 1366 2190 rigorose
1428 2125 1562 2177 non
1618 2115 1841 2201 posset
1902 2125 2016 2174 eos
2073 2107 2476 2183 institutione
2524 2106 2748 2181 divina

503 2229 809 2306 exortos3
861 2242 1010 2299 cum
1045 2223 1128 2293 ab
1166 2223 1352 2297 initio
1389 2242 1474 2291 ex
1500 2221 1652 2307 jure
1698 2241 1879 2299 mere
1911 2224 2350 2297 ecclesiastico
2380 2222 2600 2299 induci
2628 2242 2746 2311 po·
2812 2266 2825 2273 -

502 2339 778 2416 tuerint.
827 2339 999 2415 sicut
1043 2358 1281 2409 revera
1329 2357 1414 2413 ex
1460 2339 1608 2422 lege
1665 2340 2096 2413 ecclesiastica
2144 2347 2373 2423 postea
2409 2340 2749 2417 constituti

503 2456 956 2542 reperiuntur.
1018 2456 1286 2532 Factum
1344 2460 1565 2526 autem
1618 2474 1656 2524 a
1700 2453 2087 2539 parochistis
2138 2462 2463 2540 perpetuo
2516 2474 2745 2528 recan-

500 2578 739 2648 tatum,
790 2591 923 2642 non
974 2572 1238 2644 solitum
1287 2571 1439 2646 olim
1497 2571 1697 2644 fuisse
1748 2572 2178 2656 presbyteros
2240 2571 2570 2649 ordinare,
2621 2571 2743 2635 nisi

499 2686 687 2762 alicui
717 2687 912 2756 titulo
938 2706 1057 2752 seu
1085 2686 1278 2756 alicui
1319 2686 1623 2754 Ecclesiae
1667 2684 1909 2766 affixos,
1961 2686 2119 2761 nihil
2169 2707 2282 2753 eos
2312 2686 2523 2772 juvat.
2578 2688 2739 2751 Nam

501 2800 895 2870 cathedralis
933 2802 1234 2874 Ecclesiae
1263 2801 1643 2886 presbyteri
1692 2809 1762 2867 et
1794 2800 2069 2880 diaconi,
2125 2801 2197 2870 id
2243 2811 2363 2881 est,
2418 2802 2732 2881 canonici,

499 2916 754 2988 nonnisi
805 2915 894 2990 ad
938 2916 1206 2990 titulum
1259 2916 1642 3000 episcopalis
1676 2917 2008 2997 Ecclesiae,
2062 2922 2132 2982 et
2172 2916 2387 2982 eidem
2434 2917 2734 2990 Ecclesiae

499 3029 847 3108 addicendi
880 3031 1375 3109 ordinabantur,
1413 3039 1485 3104 et
1525 3039 1749 3098 tamen
1779 3050 2185 3128 nequaqnam
2228 3040 2418 3098 erant
2441 3032 2731 3116 parochi.

500 3146 690 3216 Unde
716 3145 1113 3224 concludere
1143 3145 1504 3231 parochum
1529 3165 1681 3216 eum
1712 3147 1936 3227 fuisse,
1968 3149 2077 3232 qui
2115 3148 2358 3236 legitur
2382 3149 2736 3235 presbyter

495 3260 837 3336 ordinatus
866 3272 937 3330 et
965 3263 1156 3338 alicui
1191 3263 1386 3338 titulo
1421 3282 1538 3332 seu
1589 3264 1890 3338 Ecclesiae
1924 3263 2169 3344 affixus,
2212 3265 2608 3352 ineptissima
2638 3284 2735 3338 ar-

495 3380 898 3461 gumentatio
931 3386 1053 3452 est.

583 3497 652 3560 3⁰
683 3495 816 3566 Nec
847 3495 1033 3588 argui
1061 3500 1280 3577 potest
1311 3492 1552 3571 divina,
1591 3493 1660 3559 id
1702 3501 1806 3559 est
1846 3492 2014 3579 juris
2043 3495 2377 3575 naturane,
2406 3496 2731 3562 institutio

491 3608 944 3691 parochorum,
967 3628 1051 3674 ex
1079 3609 1214 3691 ipsa
1241 3608 1624 3691 parochialis
1649 3607 1837 3674 officii
1864 3611 2162 3690 essentia,
2183 3631 2299 3677 seu
2328 3631 2410 3677 ex
2440 3632 2520 3678 eo
2550 3610 2730 3698 quod

489 3722 754 3806 parochi
789 3724 919 3794 sint
960 3724 1027 3787 in
1071 3723 1363 3792 Ecclesia
1400 3726 1770 3800 necessarii.
1820 3727 1976 3796 Nam
2021 3745 2285 3796 necesse
2325 3726 2593 3814 quidem
2627 3734 2731 3794 est

488 3847 567 3910 ut
611 3840 679 3910 in
727 3838 1008 3912 Ecclesia
1057 3846 1457 3908 exerceatur
1504 3841 1857 3923 spiritualis
1911 3842 2272 3916 animarum
2316 3861 2481 3907 cura
2543 3864 2558 3909 ε
2609 3842 2731 3909 sed

491 3953 632 4024 haec
667 3972 826 4026 cura
866 3955 1166 4028 exerceri
1200 3961 1445 4038 potest,
1481 3956 1639 4039 quin
1680 3956 1855 4021 ullus
1889 3958 2326 4030 constituatur
2362 3957 2723 4043 parochus;

486 4087 609 4152 per
656 4071 1006 4160 Episcopos
1047 4089 1286 4154 nempe
1337 4070 1533 4153 ipsos,
1593 4078 1663 4135 et
1711 4090 1833 4157 per
1866 4090 2082 4137 meros
2120 4073 2397 4157 vicarios
2443 4072 2525 4139 ab
2570 4074 2727 4158 ipsis

488 4179 861 4274 deputatos.
913 4186 997 4252 Et
1042 4186 1133 4252 ita
1195 4183 1280 4250 de
1320 4184 1497 4258 facto
1550 4204 1621 4250 se
1670 4204 1778 4251 res
1807 4185 2035 4250 habuit
2066 4187 2393 4270 prioribus
2422 4188 2724 4254 Ecclesia»,

485 4300 923 4386 temporibu83
953 4303 1081 4366 imo
1115 4302 1184 4368 in
1214 4302 1588 4370 civitatibus
1619 4302 1705 4369 ad
1736 4303 2156 4380 undecimum
2185 4325 2391 4391 usque
2412 4306 2724 4374 saeculum

488 4413 825 4506 disciplina
868 4416 1005 4494 haec
1046 4420 1522 4502 perseveravit,
1568 4428 1646 4486 ut
1684 4419 1959 4492 eruditis
1984 4419 2118 4505 jam
2150 4430 2560 4508 compertum
2594 4431 2718 4498 est.
