3146 4973
583 309 705 373 166
1252 325 1631 373 ‘mac-runs
1679 326 1766 373 ns
1811 324 2141 373 mnocflo.

578 448 804 514 chismi
830 445 1037 526 luem,
1073 446 1426 514 studiosius
1458 453 1879 535 quaestionem
1907 448 2151 525 rimati,
2184 445 2603 514 abnuendum
2629 460 2817 532 paro-

578 565 712 631 chis
747 570 1085 649 pastorum
1122 584 1359 631 nomen
1397 567 1659 632 omnino
1700 571 2119 632 censuerunt.

664 687 824 747 Nota
847 683 910 745 2.
938 717 1028 730 —-
1051 682 1127 746 In
1150 681 1710 749 confirmationem
1735 682 2074 767 praesentis
2099 681 2532 748 conclusionis
2552 690 2810 761 nosti-az,

574 795 753 882 quod
802 815 1041 880 nempe
1082 799 1283 863 satius
1330 799 1412 862 sit
1451 807 1788 882 pastorum
1832 816 2071 865 nomen
2120 795 2315 863 hodie
2374 796 2670 881 parochis
2706 798 2817 863 ab·

573 924 810 991 nuere,
860 912 1049 997 juvat
1099 914 1405 979 nonnulla
1437 912 1867 998 subjungere,
1919 932 2060 999 quae
2098 914 2165 977 in
2194 912 2499 979 eumdem
2552 932 2819 997 scopum

573 1030 830 1113 scripsit
878 1028 1278 1095 Christianus
1310 1031 1530 1111 Lupus
1567 1051 1581 1095 :
1617 1030 1686 1094 in
1719 1028 1952 1113 quibus
1984 1029 2313 1112 praecipue
2363 1027 2773 1094 advertenda
2796 1078 2812 1107 ‚

575 1163 766 1229 quam
799 1145 937 1228 ipse
970 1151 1277 1223 testatur,
1317 1143 1636 1210 hodierna
1667 1140 1969 1210 Romanae
2003 1144 2303 1209 Ecclesiae
2338 1144 2554 1227 praxis
2593 1164 2607 1208 ε

643 1283 704 1321 -«
741 1260 1010 1325 Certum
1044 1267 1166 1339 est,
1197 1261 1310 1338 ait,
1340 1261 1618 1343 pastoris
1663 1260 1930 1326 titulum
1972 1258 2269 1343 parochis
2300 1276 2432 1322 non
2467 1254 2812 1343 quadrare.

580 1398 613 1437 (ι
650 1374 839 1442 Unde
863 1384 931 1441 et
961 1377 1172 1459 ipsum
1197 1375 1390 1442 hodie
1434 1394 1764 1462 nunquam
1791 1376 1918 1441 illis
1954 1376 2247 1460 impertit
2274 1375 2560 1440 Romana
2598 1374 2821 1439 Eccle-

579 1513 614 1553 α
650 1492 763 1557 sia.
805 1514 839 1552 »
889 1492 1314 1578 (Christianus
1351 1492 1593 1577 LupuS‚
1641 1497 1900 1575 Operum
1944 1499 2103 1558 tom.
2144 1493 2249 1569 11,
2287 1508 2434 1575 pag.
2469 1492 2623 1568 314,
2654 1488 2812 1555 edit.

580 1606 869 1672 venetiis
908 1605 1136 1690 1729.)

681 1744 714 1784 α
744 1723 826 1788 Hi
867 1723 1036 1789 enim
1088 1723 1344 1809 (nempe
1384 1722 1674 1809 parochi)
1740 1723 1822 1789 ab
1881 1723 2099 1807 aliquo
2148 1730 2446 1805 tempore
2479 1731 2821 1805 coeperunt

580 1860 616 1898 α
653 1835 828 1922 apud
899 1838 1167 1921 vulgum
1213 1838 1435 1903 vocari
1488 1846 1804 1922 pastores
1864 1839 2027 1902 Hinc
2076 1837 2447 1904 existimant
2504 1837 2625 1903 sihi
2674 1836 2821 1922 jure

579 1975 614 2015 «
647 1954 1129 2037 competentem
1205 1955 1494 2020 titulum.
1556 1976 1590 2015 »
1654 1955 1753 2020 Ibi
1815 1955 2008 2019 variis
2082 1953 2490 2019 documentis
2576 1952 2813 2037 prohat

530 2068 974 2135 ‚Christianus
1029 2071 1249 2153 Lupus
1284 2068 1616 2135 immerito
1665 2070 1791 2134 hoc
1832 2071 2093 2135 nomine
2142 2069 2566 2135 condecorari
2624 2089 2814 2152 paro·

575 2183 776 2249 chos:
824 2191 966 2249 tum
1005 2185 1096 2249 ita
1155 2186 1611 2270 prosequitur:
1669 2208 1702 2245 «
1757 2183 1855 2249 Ad
1906 2186 2057 2248 noni
2114 2184 2329 2249 saeculi
2377 2185 2576 2250 finem
2642 2185 2814 2249 Wal-

579 2322 615 2361 «
647 2305 831 2365 terus
853 2300 1329 2364 Aurelianensis
1365 2302 1721 2384 Episcopus
1745 2298 1956 2366 edidit
1985 2301 2365 2383 capitulare,
2396 2304 2463 2364 in
2487 2319 2615 2385 quo
2638 2302 2813 2367 inter

579 2434 613 2473 κ
655 2414 832 2478 varia
869 2432 999 2477 suae
1020 2411 1378 2479 dioeceseos
1397 2415 1801 2498 parochianis
1822 2415 2230 2500 presbyteris
2254 2413 2519 2479 mandat
2558 2423 2628 2480 et
2649 2416 2769 2481 hoc
2793 2439 2807 2481 :

579 2550 615 2592 «
638 2535 880 2612 jejunia
929 2551 968 2594 α
1001 2534 1343 2613 pastoribus
1389 2537 1665 2615 injuncta
1710 2534 2036 2615 diliqenter
2079 2535 2409 2596 observent.
2472 2534 2599 2613 Qui
2632 2534 2816 2598 locus

581 2667 616 2707 c<
653 2645 784 2711 alte
818 2646 1053 2712 clamat
1088 2647 1298 2712 solum
1346 2647 1739 2731 Episcopum
1785 2656 1944 2713 tunc
1972 2649 2275 2714 hahuisse
2301 2648 2566 2713 titulum
2598 2656 2815 2732 pasto-

580 2783 614 2821 «
646 2762 757 2825 ris.
788 2761 1127 2826 Rationem
1150 2761 1351 2826 habes
1371 2763 1435 2825 in
1459 2763 1713 2846 vulgari
1742 2779 1987 2828 canone
2010 2763 2378 2846 Apostolico
2420 2784 2433 2828 t
2463 2766 2814 2845 Presbyteri

583 2897 617 2936 α
647 2883 705 2938 et
731 2879 973 2940 diaconi
990 2884 1220 2958 proeter
1263 2881 1621 2960 Episcopum
1660 2880 1820 2942 nihil
1863 2899 2038 2959 affere
2061 2886 2442 2959 praetentent.
2502 2884 2656 2944 Nam
2696 2883 2815 2942 Do-

582 3013 616 3053 «
651 2996 806 3054 mini
828 2994 1092 3073 populus
1115 2994 1216 3055 illi
1238 3000 1587 3056 commissus
1614 3000 1725 3071 est,
1781 2999 1837 3056 et
1858 3011 1974 3075 pro
1997 2996 2311 3056 animabus
2336 3013 2537 3056 eorum
2566 2996 2664 3056 hic
2678 2997 2816 3056 red-

556 3129 614 3168 1«
649 3110 892 3171 diturus
918 3115 1006 3171 est
1039 3115 1353 3173 rationem.
1390 3108 1610 3174 Canon
1633 3109 1864 3174 asserit
1903 3126 2161 3174 omnem
2200 3109 2556 3174 animarum
2588 3128 2811 3174 curam

582 3246 616 3285 «
660 3242 800 3289 esse
855 3225 1063 3291 solum
1109 3243 1309 3308 penes
1349 3226 1773 3308 Episcopum3
1827 3222 2106 3308 ideoque
2157 3223 2370 3307 ips-um
2423 3226 2631 3290 solum
2673 3245 2812 3291 esse

581 3360 617 3401 a
650 3345 1060 3422 pastorem...
1120 3341 1201 3405 Et
1239 3347 1341 3405 est
1389 3340 1653 3404 omnino
1701 3341 2131 3404 constitutum
2186 3341 2610 3422 apostolicum
2653 3364 2666 3406 :
2725 3347 2815 3408 et-

582 3477 618 3516 «
654 3455 826 3520 enim
870 3463 1132 3520 sanctus
1161 3455 1402 3520 Paulus
1438 3471 1560 3536 per
1593 3462 1887 3537 pastores
1914 3461 1982 3520 et
2024 3454 2326 3522 doctores
2369 3457 2579 3539 palam
2624 3458 2815 3523 intel-

584 3591 619 3632 «
648 3570 812 3634 lexit
835 3569 1004 3634 solos
1031 3569 1406 3651 EpiscopoS.
1425 3618 1469 3634 ..
1498 3568 1767 3634 Certum
1809 3577 1907 3635 est
1937 3590 2056 3654 per
2086 3579 2383 3655 pastores
2399 3572 2481 3637 ab
2509 3573 2815 3655 Apostolo

584 3705 620 3744 a
652 3683 923 3767 intelligi
945 3684 1113 3749 solos
1142 3685 1514 3767 Episcop08‚
1555 3692 1625 3751 et
1644 3684 1790 3750 hinc
1823 3686 2229 3769 parochiales
2260 3688 2411 3753 olim
2444 3689 2812 3773 presbyteri

584 3821 617 3859 «
649 3798 739 3864 nil
771 3801 934 3864 sacri
987 3805 1290 3883 poterant
1339 3819 1535 3885 agere
1581 3801 1718 3866 sinc
1770 3800 2076 3867 mandato
2122 3820 2196 3866 ac
2230 3802 2636 3887 heneplacito
2675 3806 2815 3888 Epi-

582 3936 616 3976 «
655 3916 853 3998 scopi.
892 3915 1094 3980 Erant
1134 3915 1275 4001 ejus
1314 3915 1656 3982 dumtaxat
1724 3917 1971 3981 vicarii.
2020 3940 2053 3979 a
2093 3918 2515 4005 (Christianus
2566 3920 2804 4003 LupuS‚

577 4037 738 4096 tom.
783 4033 886 4110 ll,
924 4051 1070 4116 pag.
1109 4035 1260 4110 282,
1300 4031 1501 4099 editio
1533 4035 1768 4099 Venet.
1808 4032 2028 4116 1729.)

666 4146 852 4213 Idem
880 4156 1132 4225 auctor,
1168 4151 1399 4232 pagina
1435 4152 1587 4226 302,
1639 4150 1798 4216 dum
1852 4149 2152 4217 confutat
2186 4150 2405 4216 locum
2458 4150 2809 4235 quemdam

573 4261 798 4328 Jacobi
827 4261 1113 4340 Boileau‚
1151 4264 1242 4329 ita
1267 4264 1617 4329 asserentis
1643 4287 1656 4330 :
1680 4270 1964 4347 illa-qnam
1984 4271 2050 4329 in
2069 4287 2202 4329 oves
2224 4270 2341 4329 sibi
2363 4287 2400 4327 a
2419 4268 2662 4330 Christo
2687 4276 2811 4330 tra-

577 4381 742 4442 cletas
782 4380 999 4442 habent
1033 4380 1460 4443 authoritatem
1477 4382 1764 4462 paroc-lug·
1806 4388 1931 4446 veri
1948 4387 2171 4463 quippe
2206 4403 2409 4445 earum
2441 4390 2581 4446 sunt
2598 4390 2803 4466 pasto·
